2264 2746
788 115 812 146 c
832 116 861 144 A
881 115 915 144 P.
954 113 1118 145 XXXIV.
1138 113 1167 155 §-
1187 117 1233 147 84.
1886 121 1940 150 209

73 192 253 237 uidimus),
286 191 415 225 ciuitati
437 191 609 224 ciuitatem
630 190 744 234 potius
772 202 872 234 quam
896 190 1035 229 urbem,
1070 201 1137 233 quo
1157 189 1278 222 melius
1301 189 1364 221 sibi
1386 190 1490 222 uerba
1513 189 1667 234 opposita
1687 191 1940 234 responderent,

73 247 308 290 oppositurum
331 245 445 277 fuisse.
490 246 607 288 Itaque
629 245 663 276 id
685 256 791 277 unum
814 250 930 283 restat,
964 250 1002 276 ut
1026 243 1067 275 de
1088 243 1199 275 uerbis
1233 243 1270 275 in
1299 243 1463 276 Uaccaeis
1491 254 1528 274 ac
1550 243 1592 275 de
1617 244 1749 284 aculeo,
1781 244 1838 286 qui
1861 245 1940 276 huic

72 299 147 331 loco
176 299 311 331 subesse
333 298 450 337 debet,
487 298 670 330 uideamus.
714 298 839 329 Errare
861 303 972 329 autem
997 296 1238 337 Garatonium‚
1276 296 1333 338 qui
1356 308 1419 339 pro
1442 296 1553 328 uerbis
1575 297 1642 329 illis
1664 309 1740 328 cum
1762 297 1939 329 Francisco

72 352 194 384 Puccio
217 353 254 384 in
281 351 388 384 Uacci
404 351 522 394 pratis
544 350 759 382 scribendum
781 349 900 389 suasit,
936 356 1057 393 sponte
1081 361 1123 381 ex
1147 349 1203 388 iis,
1235 360 1320 390 quae
1342 351 1381 381 de
1403 351 1505 382 totius
1529 350 1594 381 loci
1616 350 1780 382 sententia
1803 350 1941 394 exposi-

72 411 168 437 turus
199 416 293 443 sum,
326 403 550 445 intellegetur.
594 403 873 446 Exprobrauerat
899 403 1091 435 Laterensis
1125 401 1282 434 Ciceroni
1315 413 1380 444 qua
1409 403 1558 446 pollebat
1585 403 1791 434 declamandi
1822 411 1940 444 artem,

72 468 174 500 quam
204 468 240 488 se
262 456 380 499 utique
406 456 560 498 ignorare
589 467 652 487 nec
673 469 770 500 posse
794 456 915 488 callere
943 456 1140 494 iactauerat,
1173 460 1211 485 ut
1233 453 1291 496 qui
1322 467 1391 486 non
1414 456 1529 487 Rhodi
1551 454 1686 495 fuisset,
1722 456 1780 487 ubi
1802 456 1881 488 disci
1903 468 1941 488 ea

71 510 216 548 soleret,
248 515 299 540 set
319 526 380 540 -.
425 508 493 540 Hic
516 509 594 551 quid
616 510 722 552 magis
745 509 883 541 debebat
906 508 1095 552 expectari,
1126 520 1227 550 quam
1250 519 1289 538 eo
1310 507 1346 539 in
1371 508 1445 539 loco
1468 520 1502 539 se
1524 508 1626 540 fuisse
1649 510 1867 542 Laterensem
1888 509 1942 542 di·

71 572 164 601 cere,
204 560 240 592 in
264 573 330 603 quo
354 573 423 593 non
445 561 546 592 modo
568 573 638 593 non
661 563 740 595 disci
770 575 822 594 ars
846 563 919 602 illa,
958 568 1008 593 set
1033 561 1116 592 adeo
1139 560 1263 591 dedisci
1295 571 1348 592 ars
1371 566 1460 592 recte
1485 561 1644 603 loquendi
1666 562 1796 605 possit?
1840 562 1943 594 Eius-

71 614 163 646 modi
185 613 290 656 igitur
311 614 377 645 loci
400 626 525 645 nomen
547 617 734 647 necessario
761 615 860 647 debet
882 615 1031 658 positum
1061 626 1131 646 esse
1154 614 1189 645 in
1211 613 1324 645 uerbis
1347 625 1366 644 a
1389 613 1554 645 Cicerone
1583 614 1776 646 interiectis.
1821 615 1893 646 Iam
1914 617 1942 648 si

71 672 243 710 praestare
265 666 452 708 scripturae
475 668 629 710 uolgatae
651 670 688 701 in
718 668 883 700 Uaccaeis
906 666 1082 698 ueritatem
1105 678 1295 710 possemus,
1320 666 1530 698 statuendum
1552 673 1646 706 esset,
1670 674 1704 699 et
1726 668 1944 700 Laterensem

71 719 175 751 fuisse
197 718 233 750 in
255 719 440 762 Hispania,
473 727 506 752 et
530 722 696 754 Uaccaeos
726 721 819 760 illos,
852 720 1023 751 ciuitatem
1048 709 1250 764 Hispaniae,
1284 719 1438 751 homines
1467 718 1558 750 rudis
1582 725 1615 750 et
1634 731 1653 750 a
1675 719 1831 752 facultate
1853 728 1944 753 recte

72 779 106 805 et
128 778 246 804 ornate
277 772 437 814 loquendi
470 773 702 805 alienissumos
730 773 843 805 fuisse.
888 772 1056 804 Posterius
1086 780 1119 805 et
1140 784 1237 816 posse
1259 771 1361 804 statui
1384 777 1417 802 et
1439 771 1662 813 probabiliter
1690 773 1809 812 statui,
1843 785 1944 805 nemo

69 836 139 858 non
164 824 277 863 uidet3
307 830 358 855 set
379 823 482 856 fuisse
504 826 551 857 ibi
571 827 809 866 Laterensem,
843 837 904 857 nec
924 825 1064 865 scimus,
1095 837 1158 857 nec
1179 825 1279 856 ualde
1300 824 1518 868 probabilcst.
1564 824 1677 864 Quem
1701 835 1777 855 cum
1800 825 1945 867 Cyrenis

74 884 288 921 quaestorem
312 876 435 917 fuisse,
460 889 502 909 ex
526 878 587 909 hac
608 879 681 921 ipsa
705 880 857 911 oratione
880 877 955 919 (cfr.
981 879 1018 910 C.
1040 879 1086 911 V.
1112 880 1142 920 ἓ.
1168 879 1216 910 15.
1241 884 1274 909 et
1297 878 1334 909 C.
1355 878 1491 909 XXVI.
1515 877 1545 918 ἕ.
1570 876 1636 920 65.)
1663 882 1860 919 conpertum
1882 877 1944 908 ha-

71 933 228 970 beamus,
252 929 394 962 mirifice
416 930 502 961 mihi
525 931 651 974 placet,
680 931 768 974 quod
793 931 1021 970 Niebuhrius,
1052 930 1107 961 uir
1129 930 1188 961 ille
1209 929 1450 968 acutissumus,
1480 929 1566 960 mihi
1589 929 1719 971 scripsit
1740 941 1759 959 a
1783 929 1946 960 Cicerone

71 984 136 1016 sibi
158 983 269 1014 uideri
292 982 441 1025 positum
468 994 549 1022 esse,
577 985 613 1015 in
636 984 814 1016 Barcaei-9.
858 983 948 1014 Eum
972 983 1062 1014 enim
1086 983 1253 1026 populum
1278 981 1409 1024 egregie
1430 987 1523 1023 patet
1544 981 1690 1013 Rhodiis
1712 981 1861 1025 potuisse
1884 993 1946 1025 op-

73 1036 167 1080 poni.
213 1034 285 1067 Cfr.
312 1035 415 1076 Uerg.
438 1034 526 1067 Aen.
551 1037 621 1076 1V3
644 1037 696 1068 45.
719 1037 798 1068 hinc
819 1037 954 1068 deserta
978 1037 1040 1068 siti
1062 1037 1180 1078 regi0‚
1203 1036 1339 1077 lateque
1351 1033 1516 1078 furentes
1538 1035 1699 1067 Barcaei.

160 1089 308 1126 Nescio,
346 1100 408 1119 car
430 1088 637 1120 seueriorem
658 1089 831 1121 ,Nicaeam
851 1094 971 1132 putes,
1003 1100 1106 1132 (lacem
1128 1085 1306 1128 Rhodum)
1351 1086 1443 1118 Hinc
1465 1093 1623 1129 apparet,
1658 1087 1746 1128 quod
1769 1098 1870 1130 supra
1893 1086 1946 1117 di-

71 1148 163 1173 ctum
186 1147 254 1172 est:
291 1141 410 1172 Rhodi
437 1152 504 1172 non
523 1139 605 1183 fui,
643 1140 682 1170 ad
712 1140 777 1171 loci
800 1141 1099 1183 reprehensionem
1133 1140 1301 1171 obiectum
1325 1150 1407 1170 esse.
1440 1139 1655 1171 MANUTIUS.
1700 1140 1786 1171 Puto
1813 1141 1851 1170 ad
1875 1140 1947 1170 elo-

72 1194 245 1236 quentiam
273 1193 459 1235 pertinere,
499 1204 584 1234 quae
606 1193 751 1224 Nicaeae
782 1205 851 1225 non
875 1192 1066 1235 castigatior
1089 1192 1150 1231 sit,
1190 1203 1290 1234 quam
1312 1192 1443 1230 Rhodi;
1485 1203 1688 1234 quamquam
1711 1192 1883 1235 sequentia
1906 1194 1948 1225 de

73 1246 248 1290 dignitate
269 1245 428 1277 uidentur
457 1245 496 1276 ad
518 1246 608 1277 uitae
631 1246 799 1277 rationem
826 1246 1009 1289 pertinere.
1044 1245 1271 1276 ERNESTIUS.
1315 1244 1470 1276 Minume
1500 1256 1595 1277 uero,
1638 1245 1744 1276 Recte
1765 1245 1946 1284 Ferratius‚

69 1299 163 1331 cuius
186 1298 290 1329 uerba
311 1309 414 1341 supra
434 1309 469 1340 p.
493 1309 567 1339 207.
590 1298 791 1338 adtulimus,
831 1300 1050 1330 Laterensem
1079 1298 1116 1329 in
1138 1297 1302 1340 Bithynia
1324 1297 1374 1328 rei
1397 1297 1536 1328 militari
1559 1308 1697 1340 operam
1721 1298 1850 1329 dedisse
1873 1309 1949 1329 mo-

71 1351 156 1383 nuit.
201 1351 319 1392 Itaque
348 1361 426 1382 cum
448 1360 484 1381 se
506 1350 542 1381 in
567 1351 730 1394 Bithynia
757 1350 860 1382 fuisse
882 1349 1074 1382 Laterensis
1102 1350 1320 1392 gloriaretur,
1359 1350 1558 1382 Ciceronem
1588 1357 1698 1382 antem
1721 1351 1834 1382 Rhodi
1865 1361 1947 1382 con-

71 1409 244 1436 moratum
267 1414 338 1434 esse
360 1402 495 1441 diceret,
525 1403 590 1434 hoc
611 1404 835 1446 significabat,
859 1415 894 1435 se
917 1409 955 1434 ut
976 1403 1027 1434 rei
1049 1402 1205 1445 publicae
1227 1403 1367 1435 seruiret
1388 1403 1581 1446 peregrinas
1605 1409 1708 1435 terras
1731 1403 1856 1443 adisse,
1887 1402 1948 1434 Ci-

75 1467 234 1490 ceronem
255 1461 379 1494 autem,
401 1460 439 1486 ut
452 1454 609 1486 inutilem
631 1462 738 1488 artem
760 1457 909 1499 adeoque
931 1455 1157 1498 perniciosam
1181 1456 1332 1494 disceret,
1355 1467 1497 1498 peregre
1521 1467 1590 1487 esse
1613 1456 1814 1499 profectum.
1860 1456 1946 1487 Eam

74 1508 277 1542 sententiam
299 1513 412 1538 autem
435 1507 595 1549 quoniam
617 1508 663 1539 sic
687 1509 921 1541 enuntiauerat
943 1509 1153 1548 Laterensis,
1178 1515 1216 1540 ut
1237 1509 1349 1540 locum
1371 1509 1499 1551 ipsum,
1524 1508 1559 1539 in
1583 1521 1648 1551 quo
1672 1509 1790 1541 suisset
1815 1508 1947 1548 Cicero,

74 1560 322 1603 reprehendere
344 1561 435 1592 uelle
460 1560 650 1601 uideretur,
692 1562 739 1593 ita
760 1562 939 1606 respondet
963 1561 1097 1601 Cicero,
1137 1567 1193 1600 ut,
1238 1573 1315 1592 cum
1338 1567 1480 1602 uterque
1508 1561 1600 1592 locus
1623 1561 1659 1592 in
1682 1561 1765 1594 Asia
1788 1561 1868 1592 situs
1891 1561 1946 1600 sit,

74 1613 315 1647 Nicaeensium
337 1625 447 1646 mores
470 1620 568 1655 neget
589 1614 776 1647 seueriores
799 1627 896 1659 posse
922 1615 986 1646 dici
1012 1626 1113 1656 quam
1135 1614 1364 1654 Rhodiorum,
1387 1614 1575 1656 significans
1598 1614 1718 1653 simul,
1748 1614 1812 1646 sibi
1834 1614 1862 1646 si
1888 1625 1947 1645 co-

77 1677 223 1710 gnomen
245 1666 400 1699 Asiatici
423 1678 499 1697 cum
521 1667 785 1709 reprehensione
809 1669 949 1711 quadam
972 1668 1157 1707 tribuatur,
1188 1668 1277 1698 idem
1301 1668 1479 1699 Laterensi
1500 1667 1716 1699 tribuendum
1740 1678 1820 1698 esse.

161 1720 201 1752 Si
223 1720 410 1764 spectanda
434 1722 605 1761 caassast)
651 1721 686 1752 Si
709 1722 750 1761 id,
779 1722 866 1764 quod
890 1722 1030 1764 egimus,
1058 1721 1115 1752 uel
1138 1720 1231 1752 cuius
1254 1720 1304 1752 rei
1327 1732 1437 1752 caussa
1462 1720 1603 1765 profecti
1625 1731 1739 1752 sumus
1763 1731 1823 1762 ego
1847 1719 1946 1751 Rho-

75 1774 171 1812 dum,
194 1779 231 1804 tu
254 1772 290 1803 in
314 1772 528 1815 Bithyniam,
551 1774 813 1816 spectandumst.

160 1827 241 1869 Ego
263 1827 382 1858 Rhodi
403 1838 470 1858 non
494 1827 638 1869 minore)
683 1826 907 1869 Eloquentiae
935 1826 1086 1859 studium
1118 1838 1187 1858 non
1209 1826 1322 1858 minus
1352 1838 1453 1869 quam
1475 1827 1525 1858 rei
1552 1826 1706 1859 militaris
1731 1823 1945 1856 exercitatio-

73 1891 153 1912 nem
177 1879 252 1909 ciue
276 1879 432 1910 Romano
460 1876 595 1920 dig'nam
620 1892 690 1912 esse
712 1879 885 1922 significat.

158 1931 257 1965 Nam
279 1933 370 1975 qaod
394 1932 431 1963 ia
453 1943 489 1963 eo
511 1944 564 1964 me
587 1934 849 1976 reprehendisti,
875 1933 966 1976 qnod
986 1933 1132 1965 nimium
1154 1934 1281 1965 multos
1304 1932 1532 1977 defenderem,
1558 1934 1692 1966 utinam
1714 1936 1747 1962 et
1773 1935 1810 1962 tu
1831 1946 1873 1953 —
1895 1929 1945 1961 le-

77 1985 176 2027 uare)
219 1985 332 2017 Mira
365 1996 453 2015 cum
480 1986 752 2018 uerecundia
780 1993 818 2017 et
845 1985 1146 2018 moderatione
1181 1993 1221 2018 et
1253 1993 1495 2018 ceterorum
1531 1985 1702 2028 ingenia
1731 1980 1944 2025 depressit

77 2046 117 2071 et
139 2049 255 2070 suam
276 2038 319 2068 in
341 2037 523 2068 dicendo
546 2040 863 2079 praestantiam
887 2038 1083 2070 omnibus
1109 2039 1372 2082 anteposuit,
1407 2039 1571 2081 quando
1595 2036 1823 2081 grauiores
1847 2044 1943 2064 cau-

77 2104 141 2126 sas
163 2091 234 2122 illi
260 2089 604 2130 declinauerint,
636 2103 718 2123 11011
741 2091 1019 2124 sufficientes
1043 2091 1277 2134 implendae
1300 2092 1567 2130 defensioni,
1600 2091 1693 2133 ipse
1714 2099 1818 2119 uero
1842 2097 1942 2117 con-

77 2142 372 2178 fidentissime
408 2143 670 2185 susceperit3
714 2157 793 2187 quo
829 2149 981 2186 agente
1016 2155 1115 2175 reus
1150 2145 1360 2175 innocens
1397 2144 1685 2175 indubitatam
1719 2140 1800 2172 sibi
1830 2149 1941 2181 spem

75 2195 294 2231 uictoriae
315 2195 621 2236 polliceretur.
653 2198 814 2229 SCHOLIA
840 2196 1098 2228 AMBROSIANA.
1141 2197 1223 2228 Bau.
1248 2203 1280 2228 et
1303 2209 1389 2228 unus
1414 2197 1529 2229 Oxon.
1553 2195 1779 2239 defenderem.
1802 2192 1836 2224 Si
1861 2190 1942 2233 quid

76 2248 276 2283 mutandum
294 2253 396 2287 esset,
435 2247 526 2290 quod
549 2260 617 2281 non
641 2256 709 2289 est,
749 2249 894 2292 placeret
917 2247 1112 2291 defendam.
1137 2250 1396 2281 GARATONJUS.
1441 2250 1549 2281 Immo
1573 2249 1670 2280 unice
1691 2257 1771 2277 uera
1796 2244 1942 2285 scriptu-

77 2308 168 2342 rast,
207 2311 308 2343 quam
328 2302 409 2333 Bau.
432 2312 578 2343 cumque
601 2314 639 2333 eo
663 2303 727 2334 duo
752 2301 883 2345 optumi
907 2301 987 2332 libri
1009 2301 1113 2333 Amb.
1138 2307 1170 2333 et
1192 2300 1266 2333 Erf.
1296 2302 1420 2344 aliique
1442 2302 1615 2345 praebent.
1659 2301 1748 2332 Nam
1780 2296 1941 2341 desende—

79 2357 147 2390 rim
166 2354 195 2386 si
212 2352 388 2392 scribitur,
411 2342 602 2386 La‘terensis
625 2354 883 2399 reprehendisse
907 2354 1160 2386 existumandus
1184 2361 1233 2386 est
1260 2355 1467 2393 Ciceronem,
1493 2354 1583 2397 quod
1603 2364 1708 2394 usque
1732 2351 1773 2383 ad
1796 2351 1829 2381 id
1854 2356 1941 2380 tem-

76 2420 151 2451 pus,
178 2417 245 2449 quo
268 2406 381 2438 Planci
403 2417 552 2440 caussam
573 2409 729 2453 suscepit,
753 2407 898 2440 nimium
921 2407 1046 2439 multos
1070 2406 1268 2438 defenderit.
1314 2408 1391 2450 Quo
1414 2407 1499 2439 facto
1524 2405 1713 2438 excluditur
1735 2405 1776 2436 ab
1798 2403 1861 2435 ista
1884 2413 1940 2433 re-

1487 2465 1524 2492 39
