2264 2746
842 100 866 130 c
887 101 914 129 A
935 103 974 131 P.
1012 102 1098 131 vni.
1124 99 1149 141 ς.
1170 106 1215 133 20.
1922 112 1959 139 ετ

90 181 203 206 tonem
229 174 414 206 necessario
441 173 697 205 conmemorari.
720 192 762 199 --
807 176 934 208 Contra
956 184 1045 209 recte
1068 176 1263 219 inprobauit
1284 177 1424 218 Bakius,
1456 190 1540 221 quae
1561 178 1653 211 idem
1674 180 1869 214 Perizonius
1892 182 1960 214 ibi-

89 227 165 258 dem
188 228 299 259 statim
323 234 399 270 post
422 239 476 267 ea,
501 238 585 268 quae
607 226 800 268 adtulimus,
824 230 962 262 adiecit:
986 230 1116 269 „Adde
1141 230 1229 271 quod
1255 230 1289 261 in
1313 231 1464 263 oratione
1486 244 1549 275 pro
1574 233 1667 264 Sulla
1690 245 1716 264 c.
1740 246 1769 276 7.
1798 235 1959 276 quosdam

88 290 131 310 ex
157 281 348 323 municipiis
372 287 480 318 ortos,
514 278 724 312 clarissumos
749 281 856 320 uiros,
885 282 1062 313 nominans
1088 283 1208 314 Catoni
1232 284 1423 315 Tusculano
1447 285 1658 317 continenter
1680 287 1761 318 item
1788 288 1960 330 subiungit

85 332 174 363 hunc
198 334 252 364 Ti.
277 333 541 371 Coruncanium,
566 337 735 373 tamquam
760 334 908 367 eiusdem
931 336 1094 379 municipi
1118 336 1301 367 hominem.
1345 338 1417 368 Nec
1440 338 1594 379 cuiquam
1617 339 1742 371 mirum
1766 340 1875 371 uideri
1898 341 1960 372 de-

86 384 162 425 bet,
198 386 330 416 uariare
353 392 504 416 auctores
527 384 562 415 in
586 387 805 417 me11101·anda
828 389 958 430 origine
980 389 1127 419 hominis
1150 389 1402 430 antiquissumi,
1438 401 1512 421 cuni
1546 397 1578 422 et
1600 392 1664 423 alia
1686 393 1863 424 innumera
1892 394 1960 425 sint

87 436 123 468 in
146 438 254 469 ueteri
278 437 435 475 historia,
464 437 504 467 de
529 437 649 479 quibus
675 438 723 469 illi
747 438 835 470 inter
857 452 891 471 se
917 441 1144 484 discrepent.“
1186 443 1274 473 Nam
1298 442 1396 472 ualde
1420 454 1542 482 errare,
1568 445 1624 485 qui
1649 457 1691 476 ex
1716 458 1764 476 or.
1788 457 1850 488 pro
1866 447 1960 477 Sulla

88 502 114 521 e.
140 503 169 531 7.
199 490 447 522 Coruncanium
472 489 573 521 fuisse
598 491 827 523 Tusculanum
852 494 1005 535 conligat,
1032 494 1135 524 uerba
1159 494 1229 536 ipsa
1252 494 1384 524 abunde
1411 494 1546 526 docent:
1571 498 1628 529 Set
1653 499 1740 530 scire
1764 511 1803 530 ex
1827 505 1857 530 te
1876 512 1960 544 per..

88 544 209 580 uelim,
234 542 449 586 quamobrem
472 544 532 586 (lui
555 556 594 574 ex
617 545 817 587 inullis-[Pila
840 547 1002 582 ueniant,
1023 547 1205 590 peregrini
1230 547 1292 578 tibi
1316 559 1385 578 esse
1408 548 1613 581 uideantur:
1636 564 1731 583 nemo
1759 553 1848 583 enim
1871 554 1960 585 istuc

86 596 137 628 ,M.
161 596 216 626 illi
237 595 359 626 Catoni
382 596 472 634 seni,
498 609 574 627 cum
592 598 713 639 plures
736 598 874 630 liaberet
897 600 1065 635 inimicos,
1091 611 1186 630 nemo
1215 600 1268 631 Ti.
1284 600 1508 640 Corum-(mlh,
1531 614 1625 633 nemo
1649 606 1709 636 ΛΓ.
1725 606 1840 643 Cario,
1863 618 1958 637 nemo

86 649 166 680 huic
189 649 256 691 ipsi
279 654 393 678 nostr-0
417 648 452 680 C.
475 650 609 688 Blasio,
646 663 721 682 cum
745 651 775 682 ei
798 651 901 682 multi
924 652 1138 690 inuirlerent,
1175 652 1295 684 obiecit
1319 666 1491 696 umquam.
1533 653 1649 693 Itaque
1673 667 1874 698 quamquain
1898 671 1960 690 ne-

86 701 226 732 cessario
251 700 464 731 concedimus
478 702 593 741 Bakio,
618 714 661 733 ex
684 703 757 734 loco
782 703 841 733 illo
866 703 1025 735 orationis
1054 704 1211 734 Sullanae
1234 704 1320 735 nihil
1344 705 1428 735 eltici
1451 705 1515 735 nisi
1538 707 1743 749 mzmicipem
1771 708 1871 741 fuisse
1893 713 1961 743 Co-

83 754 303 792 runcanium,
346 758 459 784 tamen
481 754 536 785 hic
558 755 755 786 Plancianae
778 755 870 786 locus
893 756 1027 786 nullum
1050 756 1149 798 plane
1175 756 1351 787 dubitandi
1379 758 1491 788 locum
1514 757 1694 798 relinquit,
1739 762 1818 801 quin
1842 763 1959 795 Cicero

86 806 336 837 Coruncanium
358 806 565 848 municipem
592 808 821 839 Tusculanum
846 807 947 839 fuisse
970 809 1152 851 putauerit.
1198 810 1269 840 Iam
1292 821 1374 840 uero
1399 809 1527 852 duplex
1551 810 1660 841 oritur
1685 814 1850 853 quaestio,
1887 817 1961 858 pri..

85 870 158 898 ma,
183 859 353 900 quomodo
379 860 496 890 Cicero
521 860 726 902 municipem
751 861 982 892 Tusculanum
1006 861 1116 892 dicere
1142 862 1312 904 potuerit,
1339 873 1439 903 quem
1462 862 1598 893 Tacitus
1622 863 1713 894 Ann.
1741 866 1809 903 XI,
1835 869 1883 900 24,
1907 870 1961 901 di-

87 917 175 943 serte
198 924 240 942 ex
266 913 420 943 Camerio
445 918 556 943 ortum
581 912 723 951 referat3
754 914 875 950 altera,
908 925 967 944 cur
989 914 1093 945 uerba
1115 915 1288 957 municipe
1311 927 1371 945 suo
1394 920 1471 957 post
1496 915 1550 947 Ti.
1573 914 1827 949 Coruncanium
1849 920 1962 953 addita

88 965 175 1003 sint,
207 977 290 1007 quae
313 978 381 997 non
407 964 537 996 addidit
560 976 668 1006 neque
691 972 768 1007 post
790 967 840 998 M.
864 966 1043 1006 Catonem,
1075 966 1132 1007 qui
1155 967 1267 1009 primo
1292 968 1365 998 loco
1389 973 1614 1007 memoratur,
1647 980 1756 1010 neque
1778 977 1853 1012 post
1874 973 1963 1004 Ful-

89 1019 183 1057 uios,
221 1030 365 1059 quorum
389 1025 542 1049 extremo
578 1018 651 1048 loco
673 1016 882 1048 mentionem
904 1016 994 1048 facit.
1036 1019 1090 1050 Ac
1112 1027 1202 1051 recte
1224 1021 1362 1051 omnino
1385 1020 1508 1052 Bakius
1533 1021 1682 1063 ineptam
1705 1022 1829 1054 iudicat
1853 1025 1962 1057 Orelli

88 1071 420 1113 interpretationem,
449 1071 503 1100 cui
527 1070 662 1110 Cicero,
697 1069 754 1112 qui
778 1069 903 1111 ubique
926 1070 1113 1102 absolutam
1136 1084 1251 1104 rerum
1272 1074 1504 1104 Romanarum
1526 1073 1699 1105 scientiam
1721 1075 1878 1115 adfectet,
1910 1078 1962 1110 his

86 1123 222 1155 adiectis
246 1129 332 1154 tecte
356 1123 493 1154 uidetur
515 1123 702 1165 significare
725 1123 891 1162 uoluisse,
924 1134 959 1154 se
981 1123 1063 1155 ha'ut
1084 1124 1240 1167 ignorare
1264 1126 1417 1168 quidem,
1447 1126 1696 1158 Coruncanium
1719 1138 1738 1157 a
1763 1129 1963 1169 quibusdam

87 1176 242 1208 Camerio
267 1183 380 1207 ortum
399 1176 592 1219 perhiberi,
625 1182 674 1208 set
695 1175 836 1218 propius
860 1175 962 1206 fidem
984 1176 1130 1208 aliorum
1154 1179 1385 1210 testimonium
1410 1190 1490 1217 esse,
1512 1185 1712 1221 conpertum
1735 1192 1805 1212 sese
1828 1182 1961 1214 habere.

83 1232 173 1264 Nam
198 1230 226 1262 si
248 1229 335 1261 nihil
358 1229 442 1260 aliut
463 1229 515 1261 his
538 1230 651 1261 uerbis
675 1229 863 1271 significare
876 1229 994 1260 Cicero
1021 1230 1143 1271 uoluit,
1170 1231 1235 1263 nisi
1252 1231 1482 1263 Tusculanum
1504 1242 1538 1262 se
1556 1232 1806 1264 Coruncanium
1830 1235 1963 1276 habere,

83 1284 184 1328 plane
206 1283 326 1315 inutile
350 1288 382 1314 et
405 1283 553 1313 alienum
575 1282 653 1313 illut
675 1282 995 1322 additamentmnst,
1026 1294 1102 1314 cum
1126 1295 1183 1324 eo,
1217 1284 1307 1326 quod
1331 1284 1420 1314 inter
1442 1283 1578 1315 Porcios
1602 1285 1810 1327 Fuluiosque
1832 1299 1964 1320 memo-

82 1344 189 1377 ratur,
213 1337 291 1369 satis
314 1347 483 1378 superque
507 1336 670 1374 ostendat,
695 1335 926 1367 Tusculanum
949 1347 984 1366 se
1008 1347 1086 1367 eum
1109 1343 1239 1379 putare.
1286 1336 1387 1378 Quod
1412 1348 1487 1367 cum
1509 1337 1733 1370 intellexisset
1748 1340 1962 1382 Garatonius,

85 1391 125 1422 ab
148 1391 335 1432 interprete
358 1388 424 1419 duo
448 1388 511 1419 ista
539 1389 641 1419 uerba
663 1388 777 1419 addita
803 1388 987 1430 suspicatus
1012 1395 1070 1420 est.
1118 1389 1182 1420 Cui
1205 1389 1389 1420 sententiae
1421 1389 1478 1431 qui
1501 1390 1676 1432 sulii-agari
1700 1392 1844 1423 duorum
1868 1394 1964 1425 codi-

83 1455 159 1475 cum
183 1442 432 1480 auctoritatem,
456 1441 667 1473 Monacensis
690 1441 828 1472 secundi
852 1447 884 1472 et
908 1441 1114 1473 Oxoniensis
1141 1455 1176 1481 ς,
1202 1442 1260 1483 qui
1283 1441 1445 1473 omittunt
1467 1444 1640 1487 munit-ipe
1664 1457 1740 1482 suo,
1763 1445 1909 1486 putabit,
1934 1447 1962 1478 is

83 1497 305 1528 uehementer
329 1494 464 1525 errabit.
508 1496 598 1526 Nam
621 1501 659 1526 ut
682 1506 750 1525 non
773 1505 921 1536 urgeam,
947 1493 1038 1535 quod
1059 1495 1167 1525 multa
1190 1495 1241 1525 illi
1264 1495 1393 1526 codices
1420 1501 1546 1526 temere
1569 1497 1740 1536 omittunt,
1765 1503 1875 1529 tamen
1898 1499 1963 1530 hoc

86 1548 129 1580 ad
153 1559 271 1579 eorum
293 1546 558 1579 labefactandam
587 1547 821 1579 auctoritatem
844 1546 982 1586 sufficit,
1024 1547 1115 1589 quod
1139 1559 1181 1578 ex
1205 1559 1244 1578 eo
1268 1559 1418 1579 manasse
1447 1547 1541 1579 fonte
1571 1561 1626 1581 eos
1655 1550 1794 1589 scimus,
1836 1550 1871 1581 in
1896 1562 1962 1592 quo

86 1602 192 1633 uerba
218 1601 276 1632 illa
298 1600 422 1642 scripta
445 1607 551 1632 erant.
597 1601 685 1634 Uide
709 1600 841 1642 Proleg.
871 1600 948 1631 Lib.
973 1601 1016 1631 II.
1048 1601 1087 1632 C.
1111 1601 1136 1632 I.
1168 1601 1197 1642 ἕ.
1226 1600 1273 1631 16.
1306 1601 1359 1631 cll.
1390 1602 1430 1632 L.
1455 1602 1482 1633 Ι.
1509 1602 1547 1632 C.
1571 1603 1631 1633 ΙΙΙ.
1659 1604 1688 1644 §.
1713 1603 1763 1634 8..
1808 1603 1964 1645 Apparet

89 1655 206 1693 etiam,
250 1652 367 1684 librari
391 1653 526 1684 oculum
549 1666 567 1685 a
589 1654 703 1684 littera
726 1659 878 1684 extrema
903 1653 1051 1685 nominis
1075 1654 1289 1685 Coruncanio
1314 1653 1486 1685 facillume
1509 1654 1549 1685 ad
1575 1661 1762 1685 extremam
1785 1657 1964 1697 pronomi-

87 1707 139 1739 nis
162 1718 223 1738 suo
245 1705 394 1736 litteram
419 1706 575 1737 aberrare
597 1705 756 1748 potuisse.
801 1705 952 1738 Omnino
976 1712 1088 1737 autem
1112 1707 1274 1737 abhorret
1298 1707 1338 1737 ab
1355 1707 1446 1738 omni
1469 1707 1713 1749 probabilitatis
1736 1708 1856 1749 specie,
1882 1709 1963 1740 haec

88 1760 194 1792 uerba
216 1759 256 1789 ab
279 1758 464 1800 interprete
487 1758 600 1790 addita
623 1770 704 1790 esse.
751 1759 843 1800 Quid
868 1758 958 1790 enim
981 1770 1113 1790 caussae
1140 1765 1323 1790 statuemus
1347 1758 1467 1798 fuisse,
1505 1771 1564 1790 cur
1586 1759 1751 1801 interpres
1775 1759 1816 1790 ad
1838 1772 1963 1794 nomen

92 1812 288 1846 Coruncani
310 1811 516 1853 adposuerit,
541 1823 624 1853 quae
648 1811 813 1843 debebant
835 1812 902 1843 iam
926 1811 967 1842 de
991 1812 1118 1842 Catone
1140 1812 1273 1843 moneri
1295 1812 1489 1855 pariterque
1513 1812 1554 1842 de
1567 1812 1719 1843 Fuluiis?
1764 1813 1880 1854 Itaque
1904 1814 1962 1855 qui

92 1865 203 1908 qualia
225 1864 291 1895 sint
314 1863 540 1905 interpretum
563 1863 789 1896 additamenta
811 1865 1044 1908 perspexerit,
1077 1865 1159 1896 haec
1180 1865 1284 1896 uerba
1306 1877 1375 1896 non
1398 1865 1437 1895 ab
1460 1865 1525 1896 alio
1551 1876 1649 1906 quam
1670 1876 1688 1895 a
1713 1864 1873 1896 Cicerone
1898 1877 1963 1908 po-

89 1918 193 1950 tuisse
215 1915 381 1960 proficisci
404 1916 587 1958 intelleget.
631 1919 703 1949 Nec
723 1923 806 1960 puto
832 1928 1035 1959 quemquam
1057 1917 1092 1948 in
1114 1924 1289 1960 posterum
1313 1918 1353 1948 dc
1373 1918 1424 1948 his
1447 1917 1558 1948 uerbis
1583 1916 1825 1948 dubitationem
1847 1925 1964 1950 motu—

89 1983 167 2003 rum
190 1981 278 2009 esse,
304 1969 362 2011 qui
383 1980 494 2000 meam
517 1981 635 2000 eorum
654 1969 899 2012 interpretandi
922 1970 1087 2001 rationem
1112 1970 1291 2012 diligenter
1313 1969 1549 2013 pensitaucrit,
1575 1981 1658 2011 quae
1682 1970 1756 2001 talis
1780 1976 1846 2010 est,
1870 1977 1908 2002 ut
1929 1978 1964 2004 et

91 2024 273 2067 aptissume
295 2022 422 2053 adiecta
444 2028 556 2064 pateat
579 2029 611 2053 et
635 2022 752 2053 Cicero
776 2034 852 2053 cum
877 2022 1012 2062 Tacito,
1048 2023 1107 2065 qui
1131 2023 1285 2054 Camerio
1310 2029 1422 2054 ortum
1447 2023 1696 2054 Coruncanium
1720 2023 1841 2063 tradit,
1866 2035 1963 2066 egre-

94 2078 147 2120 gie
171 2075 358 2108 consentire
386 2075 613 2117 intellegatur.
659 2076 746 2106 Sunt
780 2075 869 2106 enim
892 2075 996 2106 uerba
1020 2077 1193 2119 municipe
1217 2089 1278 2108 suo
1309 2074 1486 2106 manifesto
1512 2076 1576 2106 hoc
1598 2087 1697 2107 sensu
1720 2076 1822 2109 dicta:
1859 2080 1919 2121 qui
1940 2091 1962 2111 a

99 2130 306 2164 Tusculanis
336 2129 478 2160 ciuitate
507 2129 655 2160 donatus
683 2134 742 2161 est.
787 2129 903 2169 Itaque
925 2127 1131 2171 municipem
1156 2129 1292 2170 quidem
1315 2129 1545 2159 Tusculanum
1571 2140 1648 2159 eum
1670 2128 1787 2170 fuisse,
1820 2137 1869 2162 set
1892 2143 1961 2162 non

92 2190 132 2215 ut
154 2182 289 2214 Porcios
307 2181 514 2223 Fuluiosque
534 2181 711 2212 eTusculo
736 2187 848 2212 ortum
871 2181 1065 2212 rectissume
1088 2182 1139 2212 his
1162 2181 1273 2212 uerbis
1296 2180 1511 2222 significatur.
1554 2182 1709 2213 Minume
1730 2194 1812 2214 uero
1834 2183 1961 2215 mirum

93 2235 204 2266 uideri
229 2234 344 2272 debet,
369 2233 425 2276 qui
446 2233 574 2265 factum
599 2233 657 2272 sit,
683 2239 720 2264 ut
743 2233 972 2265 Coruncanius
996 2245 1014 2264 a
1036 2233 1236 2264 Tusculanis
1258 2232 1392 2264 ciuitate
1416 2233 1608 2273 donaretur,
1633 2246 1733 2276 quem
1754 2235 1894 2268 sciamus
1917 2248 1960 2267 ex

96 2287 270 2324 omnibus,
308 2286 365 2328 qui
387 2287 469 2318 iuris
492 2286 605 2328 adepti
634 2286 807 2318 scientiam
834 2292 948 2325 erant,
978 2285 1133 2328 profiteri
1156 2286 1306 2328 primum
1329 2285 1492 2328 coepisse,
1526 2287 1747 2329 omnibusque
1770 2288 1887 2319 consili
1909 2288 1960 2320 sui

97 2339 228 2382 copiam
252 2338 378 2370 fecisse.
424 2339 494 2371 Cfr.
517 2340 617 2371 Bach.
642 2340 730 2371 Hist.
754 2338 942 2380 Iurisprud.
967 2339 1068 2369 Rom.
1095 2338 1146 2369 ed.
1170 2344 1255 2369 sext.
1279 2350 1331 2368 an.
1351 2339 1438 2380 1307.
1463 2351 1496 2381 p.
1524 2340 1615 2379 253„
1660 2341 1782 2372 Kraus.
1805 2340 1844 2371 ad
1870 2341 1958 2372 Uell.

97 2393 168 2424 Pat.
192 2393 241 2432 ΙΙ,
270 2392 337 2424 128.
360 2404 394 2436 p.
418 2393 477 2424 545
501 2404 550 2434 sq.
581 2399 614 2424 et
640 2392 790 2426 VVetzel.
820 2392 861 2422 ad
886 2392 957 2423 Cat.
980 2391 1062 2424 Mai.
1087 2391 1125 2423 C.
1150 2392 1210 2424 VI.
1239 2403 1273 2434 p.
1298 2392 1369 2424 56..
1413 2392 1553 2424 Factum
1581 2399 1693 2425 autem
1715 2394 1778 2424 hoc
1801 2405 1888 2433 esse,
1922 2400 1960 2424 ut
