2264 2746
836 104 1288 132 PRAEFATIO.
1946 103 1990 126 Xl

118 203 370 246 quaestura
395 193 617 229 Plancius
643 189 691 226 i'n
716 190 986 225 Macedonia
1017 189 1129 232 sung
1143 188 1317 221 ebatur.
1369 187 1455 220 Diu
1487 187 1642 232 igitur
1668 185 1792 219 Thes
1806 186 1986 219 saloni-

118 286 196 308 cae
239 272 332 306 suit
373 268 551 303 auxilio
593 267 690 300 eius
731 265 782 298 ab
826 264 946 297 omni
986 261 1199 309 periculo
1240 261 1515 294 insidiarum
1550 261 1713 293 Cicero
1755 259 1985 293 defensus.

117 347 235 381 Dein
274 349 438 390 postea
475 340 728 374 restitutus
766 340 891 372 inter
926 343 1111 371 ceteros
1155 341 1199 369 et
1231 334 1329 379 ,ipsi
1370 336 1542 378 gratias
1577 335 1676 379 egit
1702 334 1763 367 iis
1799 334 1946 367 oratio
1963 352 1985 357 -

118 421 192 454 nib
204 431 251 452 us
269 443 278 461 ,
328 427 515 462 quarum
554 413 745 448 alteram
784 413 831 446 in
858 412 1079 445 contione
1096 436 1105 454 ,
1154 409 1343 443 alteram
1390 420 1498 440 uero
1538 408 1700 442 habuit
1726 409 1769 441 in
1813 412 1988 441 senatu.

118 494 260 527 Causa
292 491 470 536 pendet
505 501 558 522 ex
583 488 850 521 aedilitatis
885 485 1144 531 petitione,
1173 483 1218 515 in
1245 493 1330 526 qua
1357 481 1517 524 design
1531 488 1630 515 atus
1657 487 1725 515 est
1750 481 1989 523 Plancius,

116 566 349 612 repulsam
400 564 588 597 serente
639 562 722 596 qu
735 562 860 594 entio
904 559 1134 592 Laterens
1147 567 1167 588 e
1208 555 1409 600 patricia
1422 566 1441 587 e
1479 554 1705 595 familiae,
1747 560 1986 596 senatore,

119 652 204 675 11011
236 640 411 673 minore
443 637 659 671 facundia
702 647 828 681 quain
869 631 1057 677 generis
1092 629 1348 662 nobilitate
1380 628 1612 673 praedito,
1653 630 1727 672 qui
1761 641 1881 662 nune
1917 633 1988 661 et-

126 717 207 749 iam
235 725 253 747 r
265 724 359 746 011111
394 712 446 745 (10
482 724 497 744 s
509 710 721 743 odaliciis
756 707 882 749 facit,
916 704 1147 739 inuidioso
1184 703 1375 737 crimine
1409 707 1450 736 et
1482 702 1573 734 reis
1606 703 1844 735 metuendo
1880 713 1992 746 pro-

120 795 225 835 pter
260 786 437 820 iudices
469 784 708 824 editicios,
746 781 798 813 de
844 791 1033 826 quorum
1069 778 1346 812 condicione
1373 788 1509 821 supra
1541 775 1751 808 diximus.
1804 777 1992 809 Princi-

122 863 294 910 paliter
331 858 511 904 quidem
539 855 881 890 coniecturalis
923 853 1137 887 defensio
1178 856 1266 897 est,
1317 850 1542 885 uidelicet
1575 855 1761 884 oratore
1794 850 1992 891 nitente,

124 935 361 970 Plancium
395 941 486 963 non
522 930 746 974 pecuniae
772 929 1032 974 largitione,
1060 927 1139 960 sed
1165 927 1447 972 integritate
1472 934 1640 957 morum
1667 929 1708 957 et
1740 935 1891 957 rerum
1916 934 1994 967 ge-

126 1016 297 1044 starum
322 1004 550 1039 mentione

226 1080 388 1125 Apparet
415 1078 624 1112 confirmari
649 1091 690 1111 00
719 1077 838 1110 (1011110
848 1102 858 1120 ,
898 1088 987 1110 uera
1014 1088 1092 1110 esse
1102 1103 1111 1119 ,
1151 1088 1242 1121 quae
1269 1075 1315 1108 de
1340 1081 1507 1118 tempore
1515 1098 1524 1115 ‚
1559 1084 1629 1117 (1110
1656 1071 1778 1104 habita
1803 1073 1851 1105 sit
1876 1074 1992 1106 oratio

130 1155 324 1190 Planciana
332 1179 341 1197 ,
379 1154 418 1186 in
443 1152 712 1198 prolegomenis
744 1151 908 1196 exposui.
961 1151 1154 1184 Praeterea
1186 1150 1268 1184 illut
1295 1149 1402 1182 etiam
1429 1152 1532 1181 eruto
1559 1146 1791 1190 palimpsesto
1822 1146 1996 1180 Uaticano

130 1229 402 1275 patefactumst,
444 1238 520 1260 non
545 1225 744 1260 Asconium
757 1251 766 1269 ,
806 1231 846 1259 ut
872 1224 913 1258 A.
940 1224 1059 1258 Maius
1093 1225 1154 1270 inp
1160 1225 1251 1257 erite
1283 1223 1357 1257 iudi
1362 1227 1507 1256 cauerat
1518 1247 1527 1265 ,
1567 1226 1621 1253 set
1653 1220 1763 1252 alium
1796 1222 1999 1266 quempiam

130 1302 355 1337 scholiorum
381 1301 528 1335 illorum
554 1307 740 1335 auctorem
767 1311 822 1333 ess
828 1312 856 1335 0.
909 1299 1143 1332 Intellexerat
1165 1299 1236 1332 hoc
1263 1297 1480 1341 simulatque
1507 1295 1602 1329 edita
1629 1301 1732 1328 erant
1758 1307 1848 1339 quae
1873 1295 1911 1327 in
1935 1308 2000 1328 eo—

130 1378 210 1411 dice
234 1375 473 1410 Ambrosiano
502 1379 627 1408 extant
653 1374 789 1408 scholia
815 1373 1058 1417 Niebuhrius,
1098 1374 1157 1406 uir
1190 1373 1469 1418 sagacissumus3
1521 1369 1762 1415 probauitque
1796 1369 1999 1403 euidentis-

131 1452 243 1486 sumis
276 1448 499 1495 argumentis
529 1460 754 1493 nuperrume
780 1449 985 1493 Maduigius
1018 1449 1056 1481 in
1093 1447 1226 1480 eximio
1259 1446 1398 1489 libello,
1439 1457 1547 1490 quem
1581 1444 1625 1477 de
1658 1443 1814 1477 Asconio
1842 1443 2001 1476 Pediano

135 1526 227 1570 scrip
233 1525 288 1558 sit.
343 1523 471 1568 Neque
497 1528 618 1556 tamen
628 1548 637 1565 ,
665 1535 755 1568 quae
779 1524 926 1557 uidetur
949 1521 1112 1567 Maduigi
1138 1521 1318 1554 sententia
1345 1531 1435 1562 esse,
1465 1519 1648 1564 interpres
1675 1518 1736 1551 ille
1760 1530 1851 1563 quae
1874 1516 1917 1550 ad
1943 1517 2005 1550 hi-

134 1598 284 1633 storiam
317 1596 537 1642 pertinentia
572 1596 690 1631 adfert
725 1609 770 1631 0)(
803 1596 939 1630 Asconi
972 1595 1233 1629 commentario
1268 1593 1538 1638 deprompsisse
1571 1593 1680 1626 statui
1713 1597 1846 1636 potest:
1897 1590 2003 1635 longe

137 1672 235 1706 enim
261 1670 330 1703 alia
351 1670 395 1703 ad
417 1672 620 1705 orationem
635 1671 876 1705 Milonianam
902 1671 1091 1704 adnotauit
1117 1680 1223 1715 quam
1250 1679 1340 1712 quae
1367 1667 1408 1700 ab
1430 1665 1587 1700 Asconio
1613 1666 1746 1710 scripta
1773 1671 1866 1698 sunt.
1919 1664 2002 1707 Quo

139 1745 206 1780 etsi
229 1744 379 1777 multost
405 1743 558 1777 inferior
570 1770 578 1787 ,
606 1757 681 1778 non
707 1757 821 1790 pauca
846 1752 966 1780 tamen
994 1743 1146 1790 protulit
1155 1768 1164 1785 ,
1193 1754 1350 1788 quorum
1376 1742 1505 1775 notitia
1531 1741 1575 1773 ad
1602 1739 1862 1784 intellegendos
1890 1749 2003 1782 quos—

140 1820 222 1853 dam
248 1818 347 1850 locos
380 1817 585 1851 orationum
613 1818 865 1853 Tullianarum
893 1819 1036 1864 egregie
1063 1817 1288 1851 adiuuamur.
1341 1814 1392 1849 Ae
1419 1821 1503 1848 sunt
1529 1815 1566 1846 in
1594 1815 1636 1846 iis
1646 1839 1655 1855 ,
1696 1824 1786 1857 quae
1812 1823 1892 1844 mea
1918 1821 2004 1844 sen—

139 1893 253 1927 tentia
297 1890 340 1924 ab
376 1891 526 1924 homine
560 1892 693 1925 saeculi
727 1894 844 1937 quarti
884 1898 966 1939 post
993 1892 1181 1926 Christum
1220 1896 1345 1924 natum
1378 1889 1477 1922 nullo
1512 1894 1615 1932 paeto
1652 1885 1760 1919 scribi
1795 1890 2006 1930 potuerunt.

140 1967 224 2002 Non
252 1965 367 1999 ausim
394 1970 515 1998 tamen
542 1977 640 1998 nunc
667 1965 883 2010 decernere,
923 1972 1046 2000 utrum
1074 1979 1119 2000 ex
1147 1965 1409 1999 uetustioribus
1438 1960 1704 1995 commentariis
1733 1972 1774 1993 ea
1800 1958 2005 2003 sumpserit,

142 2052 188 2076 an
214 2052 304 2074 aeuo
331 2039 536 2084 antiquiore
562 2039 700 2072 uixisse
726 2040 998 2074 existumandus
1025 2041 1081 2074 sit.

242 2115 387 2156 Restat,
427 2118 467 2146 ut
492 2113 536 2146 de
561 2113 710 2157 antiquo
739 2113 1020 2158 orthographiae
1045 2125 1179 2159 genere
1188 2138 1197 2155 ,
1237 2111 1333 2157 quod
1363 2116 1397 2144 et
1423 2111 1458 2142 111
1482 2108 1684 2142 orationem
1711 2107 1918 2140 Tullianam
1944 2118 2007 2139 re-

145 2190 275 2226 uocaui
310 2194 345 2222 et
376 2188 413 2220 in
437 2187 481 2220 iis
490 2212 499 2230 ,
542 2198 633 2232 quae
666 2187 745 2231 ipse
779 2187 923 2231 scripsi,
963 2193 1106 2220 secutus
1138 2199 1216 2219 sum
1227 2211 1235 2227 ,
1274 2196 1386 2229 pauca
1417 2194 1595 2216 moneam.
1650 2182 1877 2226 Quamquam
1911 2180 2007 2213 0111111

146 2263 400 2310 praeuidebam
426 2262 523 2303 sore,
552 2267 593 2295 ut
619 2273 638 2294 a
664 2260 787 2294 multis
814 2261 1119 2305 reprehenderer,
1157 2259 1253 2305 quod
1279 2258 1462 2303 uolgarem
1490 2257 1737 2301 repudiassem
1761 2255 2007 2299 scriptionem,

148 2344 267 2372 tamen
295 2336 520 2370 considerate
547 2341 583 2370 et
608 2341 707 2369 reete
734 2334 873 2379 agendo
902 2335 1076 2367 inuidiam
1103 2334 1193 2367 mihi
1222 2332 1395 2371 conflare,
1430 2343 1535 2376 quam
1561 2329 1763 2363 socordiam
1791 2335 1826 2363 et
1853 2338 2007 2362 consue—

1546 2387 1594 2414 B*
