2264 2746
659 140 684 169 C
704 140 733 168 A
753 142 794 169 P.
833 139 942 167 XXV.
972 136 999 177 §.
1029 142 1073 169 62.
1101 152 1138 157 —
1159 136 1286 165 XXVI.
1314 136 1341 176 §.
1363 141 1408 168 63.
1921 142 1975 170 169

91 227 160 247 non
184 215 457 258 geminabantur,
489 215 589 247 etiam
613 215 688 247 uila
713 213 897 245 dicebatur.
941 214 994 246 Ac
1019 213 1047 244 si
1071 218 1120 244 est
1143 224 1162 243 a
1181 213 1352 250 udiendo,
1382 216 1419 242 ut
1444 210 1502 241 ille
1525 209 1714 249 contendit,
1747 212 1885 250 nehela,
1913 224 1973 244 ue-

89 269 165 300 hila
186 274 251 307 est,
275 267 398 299 deiude
421 280 482 311 per
505 267 787 306 contractionem,
811 273 848 298 ut
870 278 913 297 ex
935 267 1054 300 Ahala
1076 265 1202 297 sactum
1225 267 1315 304 Alci,
1346 264 1392 295 ita
1415 274 1457 295 ex
1484 263 1606 295 uelzelcz
1627 263 1684 294 uel
1707 265 1825 296 zzeliilcz
1848 264 1971 295 rustice

90 322 188 360 uela,
225 321 353 353 urbane
373 322 458 354 ulla.
491 322 596 352 IDEM.
643 319 938 361 Quemadmodum
965 319 1112 350 Romani
1135 319 1247 357 mille,
1287 330 1408 349 uerum
1431 317 1531 348 milia
1554 315 1735 356 dixerunt,
1780 317 1825 347 iia
1848 317 1971 348 uillam

87 373 210 413 etiam,
245 385 367 406 uerum
393 376 539 407 uilia-mn
569 373 694 404 dictum
724 383 809 412 esse,
843 372 879 404 iu
904 372 1009 412 libro,
1046 384 1147 414 quem
1171 371 1212 402 de
1235 371 1477 414 orthographia
1507 369 1610 400 latina
1633 369 1861 412 conscriptum
1887 381 1967 400 mox

87 427 240 458 editurus
265 439 358 467 sum,
383 426 626 458 demonstraui.

172 478 306 519 Quodsi
325 486 506 524 praeterea
528 492 624 512 nemo
646 478 789 522 dignus)
835 476 906 510 Cfr.
930 477 1063 520 Proleg.
1087 479 1129 510 L.
1156 478 1199 509 ΙΙ.
1224 477 1262 509 C.
1286 477 1312 508 I.
1338 477 1367 518 ς.
1396 486 1442 507 12.
1465 486 1499 518 p.
1524 475 1655 506 XLIX.
1672 497 1680 507 .

852 567 882 600 C
907 565 939 600 A
964 567 1012 600 P.
1057 566 1198 601 XXVI.

170 637 199 679 §.
231 637 283 669 65.
328 639 429 671 Iubes
451 640 638 672 Plancium
671 640 712 672 cle
740 640 840 672 uitiis
863 639 1067 671 Laterensis
1097 638 1229 676 dicere3
1262 637 1354 669 nilu'l
1381 643 1511 680 potest,
1545 638 1614 669 nisi
1635 639 1719 670 'eum
1747 639 1850 670 nimis
1874 638 1910 670 in
1933 650 1967 669 se

83 691 290 723 iracundum
307 692 451 735 putabis
465 692 598 736 sitisse)
642 693 730 725 Cum
752 692 838 723 mihi
862 703 996 735 semper
1018 691 1074 722 hic
1098 692 1208 728 loeus,
1240 690 1297 732 qui
1321 689 1367 721 sic
1390 690 1425 720 111
1450 690 1544 720 libris
1564 690 1705 732 uolgatis
1729 691 1868 733 legitur,
1898 691 1967 721 uisi

83 756 161 776 eum
186 744 290 776 nimis
313 746 521 777 iraczmdnm
544 747 580 778 in
603 759 638 777 se
657 746 797 790 putabis
810 744 940 789 ficisse,
962 749 1134 785 suspectus
1159 742 1285 781 fuisset,
1313 742 1347 772 in
1372 743 1467 773 libris
1491 748 1559 773 uet.
1584 749 1697 774 autem
1719 743 1766 775 sie
1790 743 1860 774 sere
1882 742 1966 774 scri-

81 802 179 839 ptum
203 798 445 840 repperissem:
475 799 544 830 nisi
565 800 670 831 nimis
693 812 770 832 eum
791 798 1052 833 (zzzcarzmdum3
1091 802 1124 826 et
1146 795 1182 826 in
1204 795 1395 834 nonnullis,
1427 796 1652 827 incarendam
1668 797 1812 839 putabis-
1828 796 1966 839 sitisse:

81 860 143 892 ego
166 851 439 893 anquirendum,
475 852 548 883 siue
571 852 644 894 quis
667 852 762 883 malit
786 850 1048 895 inquirendum,
1082 847 1252 879 edendum
1279 848 1405 878 curaui.
1452 849 1625 881 Sententia
1649 856 1761 880 autem
1785 850 1883 890 plana
1906 853 1966 879 est.

82 903 137 934 Ne
159 903 224 933 hoc
247 902 385 945 quidem
408 903 569 935 lectorem
593 905 724 944 celabo,
752 904 855 942 mihi,
886 908 1066 943 autequam
1088 900 1123 931 in
1147 901 1251 932 libros
1275 907 1406 932 ueteres
1429 901 1639 942 incidissem,
1672 902 1784 933 uisum
1809 912 1877 932 esse
1900 899 1966 941 legi

82 966 196 997 posse,
231 956 301 987 nisi
324 969 401 988 eum
423 957 527 988 nimis
549 958 597 989 ad
618 957 904 999 inuestigandum
927 955 1102 987 curiosum
1119 953 1263 997 putabis
1277 952 1406 996 fitis-se.
1432 955 1637 986 LAMBlNUs.
1682 955 1752 985 Pal.
1774 965 1837 985 see.
1859 959 1967 996 puta-

80 1008 151 1047 bit3
185 1008 276 1049 quod
301 1009 420 1040 melius
444 1009 559 1040 forsan
582 1011 735 1051 uolgat03
769 1008 872 1039 ceteri
895 1007 981 1038 nihil
1006 1006 1156 1045 uariant,
1193 1006 1276 1037 adeo
1302 1012 1339 1036 ut
1361 1007 1438 1038 satis
1459 1007 1577 1038 mirari
1601 1019 1765 1049 nequeam
1789 1018 1845 1045 ea,
1882 1016 1966 1047 quae

80 1073 123 1093 ex
152 1062 220 1092 suis
250 1061 380 1103 promit
406 1062 610 1101 Lambinus,
653 1062 711 1104 qui
740 1067 853 1092 tamen
883 1060 970 1091 nihil
1000 1059 1282 1090 hariolationibus
1312 1061 1380 1091 suis
1409 1060 1553 1102 proficit.
1601 1060 1820 1091 Guilielmius
1852 1060 1964 1090 locum

79 1114 238 1150 constitui
261 1124 358 1156 posse
380 1114 520 1156 putabat
543 1115 653 1146 deleto
677 1115 736 1145 illo
754 1113 910 1157 putabis.
950 1113 1168 1144 GRUTERUS.
1214 1112 1367 1145 Uerbum
1389 1113 1548 1156 putabis,
1578 1119 1636 1144 aut
1653 1113 1815 1156 putabit,
1844 1118 1882 1143 ut
1904 1111 1965 1142 ha-

79 1168 160 1199 bent
185 1167 324 1209 quidam
347 1166 494 1206 codices,
526 1173 616 1199 recte
638 1167 771 1198 delebat
795 1166 1012 1198 Gulielmius.
1035 1166 1327 1197 LALLEMANDFs.
1374 1166 1428 1196 Sic
1450 1165 1605 1197 uidetur:
1643 1177 1720 1196 nam
1738 1165 1882 1209 putabis
1905 1164 1964 1194 ab-

77 1221 219 1254 surdum
243 1225 309 1256 est3
338 1219 496 1262 putabit,
530 1219 620 1262 quod
643 1219 679 1251 P.
702 1219 876 1251 BIanutius
902 1218 969 1251 iam
991 1219 1127 1262 pridem
1150 1218 1332 1257 maluerat,
1365 1219 1446 1250 haut
1469 1219 1546 1250 satis
1570 1225 1712 1250 rectum.
1759 1218 1829 1249 Cel.
1854 1218 1965 1249 Erne-

77 1280 148 1306 stus
175 1284 245 1304 11011
267 1272 437 1312 adtendit,
468 1273 504 1304 in
527 1285 563 1305 se
588 1272 817 1315 praecessisse.
858 1272 1118 1304 GARATONIUS·
1163 1271 1313 1304 Putabis
1346 1277 1403 1302 aut
1430 1271 1573 1313 inrepsit
1599 1277 1743 1311 temere,
1781 1277 1820 1302 ut
1850 1270 1961 1302 uisum

77 1325 296 1359 Guilielmio:
333 1337 411 1356 nam
435 1326 613 1357 commode
635 1325 777 1365 afuerit,
813 1325 948 1356 nemine
971 1324 1154 1363 sentiente3
1190 1331 1248 1355 aut
1271 1324 1468 1355 emolliendi
1491 1336 1604 1355 caussa
1627 1324 1775 1363 addidit,
1811 1330 1848 1354 ut
1872 1322 1963 1354 iudi·-

75 1380 166 1411 cium
186 1377 300 1410 Cassio
324 1378 524 1420 permittere
547 1378 740 1416 uideretur3
775 1377 866 1420 quod
892 1378 970 1409 satis
993 1378 1120 1420 placet:
1159 1377 1224 1409 nisi
1247 1377 1398 1420 putabis,
1433 1377 1497 1408 hoc
1521 1377 1631 1408 dicere
1654 1388 1751 1419 posse
1776 1375 1960 1414 Plancium,

77 1444 154 1464 eum
176 1431 277 1462 nimis
300 1431 501 1462 iracundum
527 1431 563 1462 in
584 1442 619 1462 se
642 1430 755 1462 fuisse.
800 1431 917 1472 Itaque
945 1430 1089 1462 seruaui.
1121 1431 1348 1462 ERNESTIUS.
1392 1430 1498 1462 Nullo
1528 1436 1625 1472 pacto
1651 1441 1712 1460 1100
1728 1428 1873 1472 putabis
1900 1438 1962 1458 1100

71 1484 212 1528 putabit
242 1495 261 1513 a
285 1484 448 1515 Cicerone
475 1484 640 1526 scriptum
671 1483 871 1514 existumari
899 1489 1020 1526 potest.
1066 1484 1155 1514 Nam
1180 1483 1373 1522 Ernestius,
1410 1482 1468 1524 qui
1493 1484 1633 1525 putabis
1664 1483 1768 1514 tuitus
1792 1487 1858 1520 est,
1892 1491 1961 1511 11011

76 1537 182 1575 uidit,
206 1537 234 1568 si
256 1536 297 1567 ad
322 1548 441 1568 uocem
459 1537 605 1581 putabis
627 1536 851 1579 suppleantur
873 1537 977 1567 uerba
1000 1537 1113 1568 dicere
1130 1548 1249 1579 posse,
1281 1535 1466 1567 necessario
1492 1547 1682 1578 pronomen
1705 1548 1782 1568 eum
1808 1533 1961 1566 reseren-

74 1590 156 1621 dum
179 1589 221 1620 ad
245 1589 418 1620 Plancium
442 1601 526 1629 esse,
551 1590 696 1631 ideoque
718 1601 869 1620 mancam
894 1600 963 1620 esse
987 1588 1175 1619 orationem
1200 1600 1269 1620 11011
1292 1588 1407 1619 addito
1430 1589 1652 1630 pronomine,
1678 1600 1744 1630 quo
1767 1585 1960 1619 Laterensis

72 1640 290 1684 significetur.
334 1643 469 1674 Deinde
499 1654 581 1674 uero
615 1654 658 1674 ne
685 1641 764 1673 licet
798 1642 935 1684 quidem
963 1642 1035 1672 ullo
1063 1642 1165 1673 modo
1196 1642 1301 1673 uerba
1330 1642 1442 1673 dicere
1466 1654 1569 1685 posse
1598 1642 1662 1673 hoc
1692 1641 1765 1672 loco
1790 1639 1960 1682 supplere,

74 1707 151 1727 cum
174 1695 278 1725 uerba
300 1696 392 1727 nillil
407 1701 522 1739 potest
547 1696 617 1727 nisi
638 1707 824 1737 numquam
847 1695 913 1726 alio
937 1706 1036 1726 sensu
1059 1694 1274 1737 reperiantur
1298 1694 1404 1732 dicta,
1430 1705 1530 1735 quam
1554 1695 1634 1726 hoc:
1667 1695 1729 1726 hoc
1753 1705 1859 1725 mmm
1881 1697 1960 1735 pot-

75 1755 137 1782 est.
182 1748 237 1778 Ex
267 1759 331 1789 qua
354 1760 391 1779 re
419 1747 598 1779 manifesto
628 1748 856 1791 intellegitur,
894 1759 1004 1789 neque
1026 1747 1170 1790 putabis
1199 1759 1308 1789 neque
1332 1747 1475 1791 putabit
1504 1759 1521 1778 e
1545 1746 1717 1778 Ciceronis
1751 1757 1810 1776 ore
1841 1743 1959 1775 uenire

73 1800 240 1845 potuisse,
275 1807 325 1831 set
353 1801 500 1832 scribere
530 1812 607 1832 eum
633 1800 804 1833 debuisse:
843 1802 934 1833 nihil
948 1806 1064 1844 potest
1095 1801 1164 1831 nisi
1187 1813 1263 1832 eum
1286 1801 1389 1832 nimis
1414 1802 1449 1832 in
1472 1814 1507 1833 se
1530 1799 1737 1832 iracundum
1751 1798 1887 1842 fuisse,
1922 1795 1957 1826 id

74 1860 139 1893 est,
162 1854 227 1885 hoc
250 1865 357 1885 uuum
380 1860 491 1897 potest
515 1853 641 1893 dicere,
665 1866 744 1885 eum
766 1854 867 1886 nimis
890 1855 926 1885 111
948 1866 983 1885 se
1008 1852 1208 1884 iracundum
1232 1851 1345 1884 fuisse.
1392 1855 1481 1885 Nam
1504 1854 1597 1883 illam
1621 1851 1833 1889 sententiam,
1858 1859 1958 1891 quam

73 1907 249 1940 Ernestius
276 1907 354 1938 111110
376 1908 450 1938 1000
474 1907 608 1938 subesse
631 1907 777 1946 censuit⁷
810 1907 838 1939 si
863 1907 981 1938 Cicero
1006 1905 1182 1936 enuntiare
1206 1905 1384 1944 uoluisset,
1421 1906 1571 1950 primum
1595 1917 1661 1936 non
1683 1909 1813 1947 potest,
1847 1912 1957 1942 neque

76 1972 160 1992 uero
184 1960 276 1991 nillil
291 1966 408 2003 potest
430 1960 632 2003 scripsisset,
665 1960 787 1991 deinde
809 1972 909 1999 uero,
938 1970 1022 2001 quae
1045 1964 1094 1989 est
1117 1957 1268 1988 omnium
1292 1959 1527 1989 Romanorum
1551 1956 1777 1995 consuetudo,
1808 1955 1854 1986 ita
1876 1965 1958 1996 per-

74 2013 236 2045 rexisset:
273 2014 343 2045 nisi
355 2012 456 2056 forte
479 2014 687 2051 existumas,
722 2026 800 2045 elim
821 2014 882 2045 hoc
902 2014 1015 2045 dicere
1032 2023 1150 2055 posse,
1181 2011 1406 2043 Laterenswn
1429 2018 1508 2043 etc..
1554 2011 1770 2052 Quamquam
1793 2009 1854 2040 hac
1878 2018 1956 2038 sen-

73 2065 178 2097 tentia
206 2076 275 2096 non
305 2071 355 2096 est
384 2065 559 2108 probabile
595 2078 673 2097 eum
714 2066 781 2097 duo
812 2066 871 2097 illa
896 2072 1027 2097 tantum
1059 2064 1162 2095 uerba
1193 2077 1260 2095 110AE
1286 2070 1401 2107 potest
1424 2063 1615 2106 positurum
1638 2062 1752 2094 fuisse.
1798 2060 1955 2101 Denique

73 2124 216 2158 utraque
238 2118 421 2160 scriptura,
446 2125 479 2150 et
496 2119 640 2162 putabis
663 2125 696 2150 et
716 2118 871 2163 putabit,
896 2119 961 2150 1100
984 2118 1084 2148 etiam
1107 2116 1323 2147 incommodo
1351 2117 1496 2153 laborat,
1522 2115 1629 2157 quod,
1662 2115 1794 2146 etiamsi
1817 2119 1953 2146 senten-

73 2170 140 2202 tiae
162 2170 290 2201 additio
314 2171 410 2202 uerbi
431 2178 557 2215 putare
580 2173 796 2210 conueniret,
833 2170 989 2202 futurum
1011 2177 1121 2201 tamen
1146 2175 1278 2211 tempus
1308 2169 1407 2211 plane
1431 2168 1621 2200 alienumst.
1667 2169 1768 2201 Ualet
1790 2168 1855 2198 1100
1877 2177 1951 2196 011111

75 2233 235 2254 maxume
258 2222 300 2253 de
322 2224 489 2266 scriptura
508 2225 666 2269 putabit,
700 2236 783 2268 quae
806 2230 980 2268 praeterea
1002 2223 1037 2253 in
1060 2222 1100 2253 iis
1125 2228 1254 2253 tantum
1279 2222 1447 2253 codicibus
1470 2227 1655 2264 repertast,
1691 2232 1835 2262 quorum
1861 2218 1953 2250 nulla

73 2276 214 2307 omniuo
241 2277 420 2308 auctoritas
443 2284 503 2310 est.
549 2279 612 2310 His
637 2279 678 2309 de
701 2278 821 2310 caussis
848 2277 935 2309 nihil
958 2275 1116 2318 equidem
1141 2276 1262 2307 certius
1287 2275 1390 2313 duco,
1418 2286 1518 2316 quam
1539 2274 1679 2318 putabis
1705 2274 1744 2304 ab
1768 2273 1953 2314 interprete

74 2328 228 2360 additum
252 2339 332 2359 esse.
377 2329 470 2361 Idem
492 2331 637 2363 uerbum
666 2343 684 2362 a
706 2331 852 2363 librariis
877 2329 1076 2372 quibusdam
1108 2327 1261 2358 additum
1285 2327 1385 2358 etiam
1408 2327 1443 2357 in
1466 2338 1514 2357 or.
1539 2338 1601 2369 pro
1626 2326 1718 2357 Sulla
1743 2326 1780 2356 C.
1805 2326 1830 2356 I.
1855 2327 1884 2365 §.
1910 2334 1951 2361 2.,

75 2380 133 2422 (1111
154 2380 246 2411 loeus
270 2380 306 2412 in
329 2382 408 2413 edit.
429 2384 512 2414 Ern.
536 2385 678 2427 aliisque
702 2395 792 2415 nune
815 2384 860 2415 ita
883 2382 1026 2425 scriptus
1051 2387 1160 2412 extat:
1195 2381 1253 2412 Set
1276 2386 1315 2412 ut
1338 2381 1415 2418 ille,
1439 2380 1586 2419 indis-es,
1624 2386 1792 2423 quantum
1815 2379 1855 2409 de
1877 2388 1952 2408 mea

73 2434 283 2466 anctoritate
312 2435 537 2479 deripzcisset‚
577 2443 714 2469 tantum
742 2450 777 2470 se
798 2437 839 2469 (le
861 2436 964 2468 lulius
991 2435 1182 2479 praesidiis
1206 2435 1465 2466 deminuturum
1485 2433 1693 2476 putauit:
1735 2433 1784 2464 sic
1807 2432 1867 2463 lzoc
1890 2440 1952 2472 ego

1500 2491 1535 2516 34
