2264 2746
799 94 824 124 c
843 94 873 123 A
894 94 934 124 P.
974 93 1062 123 XLI.
1089 91 1116 133 §.
1144 100 1188 126 97.
1209 97 1255 126 98.
1910 99 1962 124 2ss

88 181 210 203 moneo
232 175 362 206 tamen,
389 180 408 200 a
428 168 532 202 simili
554 170 629 203 loco
651 182 715 214 pro
738 171 832 203 Sext.
857 181 885 202 c.
909 169 959 202 65.
984 180 1056 200 eam
1079 168 1270 200 confirmari
1292 167 1431 207 diserte,
1467 167 1525 200 ubi
1546 173 1820 199 conmemoratur
1839 166 1963 198 diserte

89 223 210 256 domus
232 223 348 255 Laeni
368 223 489 255 Flacci
511 229 543 256 et
559 225 678 268 patris
700 229 734 256 et
745 223 882 268 fiatri-s·
905 224 991 256 eius.
1036 223 1296 254 GARA‘roxuts.

175 286 458 330 Dyrrhachium,
487 287 579 330 quod
600 292 676 318 erat
698 287 734 318 in
747 285 826 329 fide
850 299 942 325 mea,
961 292 1081 330 petere
1105 286 1275 325 contendi)
1318 284 1373 317 Ad
1395 284 1593 316 Terentiam
1615 284 1723 323 XIV,
1749 295 1775 315 1.
1799 283 1961 324 Dyrrha-

90 339 205 372 clzium
227 339 328 378 ueni,
360 340 451 383 quod
469 345 501 371 et
524 339 634 371 libera
658 340 785 371 ciuitas
808 345 857 371 est
881 339 1035 381 (ideoque
1058 339 1131 380 lege
1154 338 1271 370 Clodia
1296 349 1364 368 non
1392 338 1539 380 tenetur)
1562 343 1594 369 et
1618 338 1653 369 in
1678 349 1731 369 me
1755 336 1905 380 officiosa
1928 342 1960 367 et

84 404 260 435 proxuma
288 393 429 424 Italiae.
474 393 532 424 Set
555 393 586 424 si
606 405 659 424 me
681 392 830 436 offendet
856 393 923 424 loci
945 391 1142 430 celebritas,
1180 392 1250 422 alio
1272 403 1324 422 me
1347 389 1533 432 conseram.
1578 391 1658 421 Non
1680 390 1760 421 haec
1782 395 1854 420 tum
1878 387 1963 419 scri-

87 444 171 487 psit,
199 456 274 475 cum
297 444 449 486 primum
472 444 727 487 Dyrrhachium
751 445 893 487 adpulit,
917 451 966 476 set
989 456 1065 476 cum
1089 456 1128 475 co
1151 444 1248 475 rediit
1272 443 1334 475 VI.
1360 443 1437 473 Kal.
1461 443 1677 477 Decembris:
1702 449 1731 474 et
1755 442 1799 473 ita
1821 442 1861 473 ad
1882 453 1963 472 ean-

88 495 166 527 dem
189 508 242 539 ep.
264 497 314 528 5.:
338 498 419 541 Ego
440 510 477 530 eo
499 498 634 529 nomine
657 511 733 529 sum
748 499 951 541 Dyrrhachi
973 498 1028 540 (ab
1044 494 1296 538 Thessalonica)
1318 496 1379 527 lzoc
1402 501 1551 538 tempore
1573 495 1698 537 (pridie
1721 495 1797 526 Kal.
1816 496 1963 526 Decem-

87 548 188 590 bris),
213 555 252 580 ut
275 562 378 593 quam
401 551 586 583 celerrume
608 551 693 594 quid
713 557 845 593 agatur
877 552 1019 582 audiam
1032 563 1043 589 3
1067 556 1099 581 et
1121 562 1197 581 sum
1222 553 1316 579 tuto.-
1345 549 1472 580 ciuitas
1496 549 1585 579 euim
1610 548 1693 579 llaec
1715 560 1845 591 semper
1867 561 1889 580 a
1910 560 1963 579 me

86 599 273 642 defensas-t.
318 603 438 634 Priore
460 603 610 634 aduentu
632 602 673 633 de
695 603 832 634 Plancio
856 609 888 633 et
911 602 1149 634 Thessalonica
1173 612 1241 632 non
1265 600 1445 641 cogitabat,
1470 606 1520 631 set
1536 613 1603 644 per
1626 602 1885 639 stlat-edentum,
1908 600 1963 631 in-

87 652 161 694 quit
184 653 280 695 epist.
304 654 355 693 4.,
390 655 550 698 (Ῑγοῐι-ιιιη
566 656 787 699 petebamus,
819 662 851 686 et
870 656 929 686 HI.
953 655 995 686 ad
1018 655 1120 687 Aule.
1146 655 1174 686 6.
1199 653 1295 685 nobi-s·
1319 654 1384 684 iter
1410 659 1460 684 est
1483 655 1518 685 iu
1542 654 1685 692 Asiam,
1714 666 1874 685 maxume
1897 653 1962 695 (JV-

86 706 218 744 eicum;
244 706 319 737 data
345 707 488 749 epistula
503 709 603 740 XIV.
623 709 699 740 Kal.
717 708 834 747 Maias,
860 720 924 750 quo
948 708 1021 750 ipso
1045 708 1097 738 die
1120 705 1349 738 Brundusium
1376 705 1478 736 uenit.
1523 706 1666 748 Propter
1688 713 1817 738 metum
1840 706 1960 737 scilicet

85 769 186 799 quam
211 759 417 800 longissume
440 761 673 804 profugiebat3
706 761 831 792 iterum
854 760 1130 800 Thessalonicae,
1161 766 1198 791 ut
1221 759 1276 791 hie
1299 757 1388 789 insi-a
1410 759 1482 801 ipse
1505 757 1650 799 fatetur,
1680 759 1715 790 in
1738 759 1828 790 idem
1850 758 1963 789 consi-

85 810 171 842 lium
193 812 342 843 reccidit.
391 813 651 845 GARA‘roxirs.

172 890 202 931 §.
227 890 278 932 98.
323 890 409 923 Cum
432 897 568 923 tantum
591 892 744 924 abessent
771 892 906 935 aliquot
928 893 1063 924 dierum
1085 891 1194 934 uiam)
1238 892 1366 923 Uocem
1399 895 1535 921 tantum
1569 901 1612 921 ex
1642 890 1716 921 Erf.
1749 903 1835 922 unus
1864 890 1964 922 habet

85 948 163 985 post
177 942 363 974 Graeuium
376 944 549 984 Ernestus,
573 951 606 975 et
619 951 727 982 recte3
752 944 854 975 ceteri
870 956 985 975 omnes
1008 943 1125 986 scripti
1149 949 1181 973 et
1199 942 1281 972 editi
1306 948 1390 973 tum.
1435 942 1492 972 Set
1516 954 1634 974 uocem
1657 944 1791 987 aliquot
1813 944 1853 974 ab
1867 943 1962 977 Oliu.

82 1001 116 1026 et
138 995 282 1028 Lallem.
307 996 496 1038 adoptatam
524 1009 601 1029 cum
625 998 794 1030 Graeuius
823 1009 866 1028 ex
890 997 966 1028 Mso
991 996 1110 1027 eodem
1134 994 1337 1032 restituerit,
1372 994 1541 1025 inuectam
1565 1001 1680 1025 contra
1704 996 1808 1027 libros
1831 995 1910 1026 dicit
1944 1007 1963 1026 a

82 1048 251 1079 Lalnbillo
274 1048 310 1079 in
334 1050 377 1081 U·
401 1049 464 1080 L··
508 1051 618 1093 Atqui
641 1051 828 1083 Lambinus
849 1050 885 1081 in
908 1048 1054 1081 secunda
1075 1047 1222 1078 editione
1247 1046 1387 1077 retinuit
1412 1048 1610 1090 aliquorum
1633 1059 1709 1078 cum
1733 1047 1894 1089 uolgatis,
1930 1053 1962 1077 et

80 1101 309 1132 coniecturam
331 1101 426 1132 illam
449 1102 671 1135 uerissumam
694 1105 829 1147 aliquot
851 1101 997 1143 margini
1020 1099 1209 1141 adscripsit,
1236 1099 1274 1129 de
1299 1111 1364 1141 qua
1387 1100 1517 1131 laudari
1541 1100 1711 1131 debuerat.
1740 1100 1848 1130 Immo
1864 1105 1962 1130 antea.

82 1154 253 1185 Corradus
279 1154 302 1184 l.
335 1165 362 1185 c.
391 1166 425 1197 p.
461 1152 548 1194 164„
599 1156 680 1188 dum
711 1156 774 1187 ista
804 1167 847 1186 ex
879 1154 994 1185 Tullio
1018 1152 1238 1190 describeret,
1262 1151 1325 1183 1100
1348 1152 1459 1195 ipsum
1482 1154 1617 1196 aliquot
1640 1153 1771 1195 egregie
1793 1159 1961 1195 posuerat,

80 1206 194 1237 nescio
216 1212 332 1238 utrum
355 1207 395 1237 de
419 1207 626 1248 coniectura,
661 1220 703 1239 an
727 1220 809 1238 uero
835 1220 877 1238 ex
899 1208 1013 1249 aliqua
1041 1205 1149 1236 ueteri
1173 1203 1332 1234 editione.
1366 1206 1626 1237 GARATONH‘S.
1674 1205 1772 1246 Quod
1796 1206 1963 1237 Graeuius

80 1258 320 1290 Erfurtensem
343 1260 467 1291 habere
491 1259 597 1299 dixit,
629 1266 782 1298 tautum,
812 1259 844 1290 id
870 1271 938 1290 non
962 1259 1080 1296 habet,
1107 1263 1157 1289 set
1179 1256 1294 1288 scribit
1316 1268 1393 1288 cum
1416 1259 1498 1289 Bau.
1524 1264 1650 1290 tamen.
1694 1257 1763 1289 Cfr.
1787 1257 1896 1289 Praef.
1920 1258 1961 1289 ad

79 1311 179 1344 Uarr.
202 1312 312 1342 Lectt.
345 1324 387 1343 ex
412 1312 482 1343 cod.
517 1311 591 1343 Erf.
616 1319 705 1343 enot.
730 1324 762 1354 p.
786 1312 1006 1344 LXXVIII..
1051 1312 1130 1342 Duo
1155 1316 1283 1340 tantum
1307 1310 1402 1349 libri,
1437 1322 1498 1341 nec
1523 1311 1547 1341 ii
1571 1317 1729 1353 optumae
1754 1317 1869 1350 notae,
1904 1312 1962 1343 Me

81 1369 114 1394 et
135 1364 203 1402 Le,
228 1369 365 1396 tantum
387 1365 529 1405 habent,
560 1365 684 1408 reliqui
708 1371 792 1396 tum.
838 1365 878 1396 Ι11
901 1363 1056 1395 sollemni
1084 1363 1206 1394 harum
1230 1362 1471 1405 particularum
1495 1363 1713 1402 confusione,
1745 1364 1783 1393 de
1808 1375 1872 1405 qua
1894 1363 1961 1394 ibi-

81 1415 159 1446 dem
180 1416 310 1455 monui,
333 1417 367 1448 id
384 1419 612 1459 potissumum
635 1419 687 1461 agi
710 1418 815 1457 debet,
841 1424 880 1448 ut
903 1429 1003 1459 quam
1026 1416 1191 1447 sententia
1215 1415 1377 1457 requirat,
1402 1416 1577 1447 uideamus
1594 1417 1958 1458 eamquerecipiamus.

79 1468 151 1499 Iam
174 1480 256 1499 uero
283 1475 357 1501 tum
378 1472 579 1513 particulam
602 1483 621 1502 a
643 1483 742 1503 sensu
766 1471 831 1503 loci
854 1471 1105 1502 alienissumam
1129 1480 1216 1506 esse,
1239 1474 1360 1511 sponte
1382 1474 1484 1510 patet.
1529 1470 1650 1511 Neque
1675 1475 1787 1501 tamen
1810 1469 1962 1511 particu-

80 1521 164 1560 lam,
202 1533 286 1563 quae
309 1522 344 1553 111
368 1523 496 1557 duobus
521 1524 671 1568 optumis
696 1524 787 1555 codd.
812 1530 919 1563 extat,
958 1524 1037 1555 111110
1059 1524 1134 1553 1000
1156 1521 1339 1553 conuenire
1362 1527 1465 1562 puto,
1504 1532 1708 1563 quamquam
1730 1521 1960 1564 recipiendam

81 1573 232 1606 Orellius
262 1574 376 1615 duxit,
408 1578 599 1619 explicans:
641 1590 680 1609 ea
706 1578 916 1621 cogitatione
935 1583 1129 1621 permotus,
1163 1575 1242 1606 illos
1266 1580 1378 1605 tamea
1402 1573 1516 1605 abesse
1539 1575 1672 1618 aliquot
1695 1576 1830 1606 dierum
1853 1575 1960 1612 uiam,

80 1628 117 1659 in
140 1628 382 1660 lllacecloniam
401 1631 556 1673 perrexi.
600 1630 650 1662 At
674 1636 746 1662 tum
770 1631 834 1662 hoc
858 1630 981 1660 diceret
1008 1629 1147 1660 Cicero:
1186 1627 1377 1657 dubitabam
1401 1625 1436 1656 in
1461 1626 1694 1658 Blacedoniam
1717 1638 1877 1670 pergere,
1910 1632 1961 1657 set

79 1686 210 1717 tamen,
234 1692 309 1712 cum
334 1682 463 1724 aliquot
486 1683 619 1714 dierum
642 1683 705 1714 iter
728 1684 897 1721 abessent,
922 1681 1069 1725 perrexi.
1117 1680 1217 1722 Quod
1239 1686 1367 1722 pugnat
1390 1690 1466 1710 cum
1489 1690 1587 1710 sensu
1612 1680 1709 1710 totius
1735 1680 1809 1718 loci,
1835 1680 1869 1710 111
1893 1691 1960 1722 (1110

82 1732 201 1764 Cicero
225 1734 444 1775 apertissume
466 1736 640 1778 significat,
664 1748 698 1767 se
713 1736 969 1779 Dyrrhachium
993 1733 1103 1765 statim
1127 1733 1312 1775 reliquisse,
1338 1732 1415 1774 quia
1429 1743 1537 1773 prope
1553 1732 1680 1763 fuerint
1703 1731 1959 1764 sceleratissumi

79 1785 234 1818 homines
258 1798 404 1829 suaeque
427 1789 526 1820 saluti
550 1801 709 1820 maxume
734 1788 871 1828 infensi,
895 1795 1014 1830 atque,
1038 1793 1076 1817 ut
1098 1786 1217 1828 procul
1241 1785 1280 1816 ab
1303 1785 1342 1816 iis
1367 1791 1470 1824 esset,
1494 1785 1528 1815 in
1543 1785 1777 1816 Macedoniani
1799 1785 1838 1815 ad
1857 1784 1959 1814 Plan-

79 1838 169 1870 cium
192 1841 394 1882 perrexisse.
439 1843 555 1884 Itaque
580 1853 656 1873 cum
679 1842 849 1880 Graeuio,
874 1840 1051 1878 Ernestio,
1080 1845 1112 1870 et
1137 1838 1322 1870 Garatonio
1348 1844 1485 1870 tantum
1508 1838 1706 1880 particulam
1730 1837 1861 1880 recepi;
1893 1848 1958 1878 qua

78 1897 214 1934 recepta
237 1892 374 1932 Cicero,
416 1893 449 1925 id
473 1894 564 1936 quod
587 1895 771 1926 sententiae
794 1894 859 1926 loci
881 1891 1326 1929 accon]modatissumumst,
1361 1890 1526 1932 significat
1547 1902 1598 1929 se,
1637 1897 1816 1932 antequam
1841 1891 1892 1921 illi
1917 1890 1959 1921 de

78 1944 229 1976 aduentu
251 1957 312 1977 suo
334 1946 447 1977 audire
469 1949 675 1990 potuissent,
706 1948 741 1979 in
764 1946 999 1979 Macedoniam
1022 1944 1232 1987 perrexisse,
1264 1943 1368 1984 idque
1390 1943 1507 1974 secisse
1530 1949 1727 1985 propterea,
1765 1943 1856 1985 quod
1882 1949 1958 1974 tan-

80 2003 152 2028 tum
173 1998 302 2040 aliquot
325 1998 456 2030 dierum
478 2001 569 2033 uiam
592 2001 739 2033 afuerint
762 2000 901 2041 ideoque
925 1999 963 2029 de
986 1999 1133 2029 aduentu
1157 2009 1217 2028 suo
1241 1995 1339 2027 facile
1362 1996 1519 2027 certiores
1545 1994 1617 2025 fieri
1642 1996 1826 2038 potuerint.

166 2066 209 2097 In
232 2067 473 2100 Macedoniam
495 2070 543 2102 acl
564 2071 818 2112 Planciumque
838 2068 989 2112 perrexi)
1032 2066 1188 2098 Fortasse
1210 2064 1352 2102 rectius,
1393 2064 1440 2095 acl
1461 2063 1648 2096 Plancium
1671 2076 1721 2106 q.,
1750 2064 1782 2094 id
1809 2070 1875 2103 est,
1908 2065 1957 2096 ad

79 2118 267 2151 Plancium
290 2127 514 2162 quaestorem.
540 2123 755 2154 MANUT1US.
798 2121 895 2151 Hanc
912 2119 1080 2162 egregiam
1104 2117 1238 2150 Manuti
1261 2117 1504 2148 correctionem
1521 2128 1560 2147 eo
1580 2116 1691 2147 minus
1715 2116 1865 2159 recipere
1889 2116 1954 2147 (111-

79 2169 201 2208 bitaui,
226 2181 292 2212 quo
315 2173 418 2215 magis
441 2174 482 2204 ab
509 2186 571 2207 usu
593 2174 757 2207 sermonis
784 2173 881 2204 latini
903 2173 1100 2210 alienumst,
1126 2171 1213 2202 inter
1236 2182 1361 2201 nomen
1384 2169 1460 2207 loci,
1483 2169 1519 2200 in
1544 2181 1643 2211 quem
1666 2169 1746 2207 itur,
1772 2176 1805 2200 et
1829 2181 1954 2200 nomen

79 2222 238 2262 hominis,
262 2223 301 2254 ad
325 2235 425 2265 quem
447 2227 626 2267 acceditur,
651 2227 807 2270 copulam
830 2227 1058 2268 interponere.
1106 2224 1174 2255 Cic.
1198 2235 1261 2266 pro
1286 2223 1420 2254 Cluent.
1446 2222 1483 2252 C.
1508 2222 1620 2253 LXII.
1645 2223 1675 2263 ς.
1694 2223 1762 2263 175.
1787 2222 1953 2262 Quom—

81 2277 118 2308 in
140 2276 332 2308 Falernum
364 2290 399 2309 se
419 2280 468 2311 acl
488 2279 522 2312 C.
546 2281 761 2321 Quintilium
783 2280 993 2312 contulisset.
1025 2276 1066 2308 de
1089 2277 1173 2308 Har.
1196 2275 1300 2317 Resp.
1331 2275 1368 2306 C.
1395 2275 1495 2306 XVI.
1530 2275 1560 2316 §.
1587 2275 1638 2306 55.
1678 2275 1766 2315 Quis
1797 2277 1954 2319 legatum

85 2329 364 2362 Thessalonicam
384 2331 432 2362 ad
456 2339 612 2365 nostrum
635 2334 865 2377 inperatorem
888 2332 1021 2364 uenisse
1044 2330 1175 2361 nescit?
1221 2328 1323 2359 Corn.
1348 2328 1472 2370 Nepot.
1495 2327 1636 2366 XVIII,
1664 2328 1717 2365 15,
1742 2327 1772 2358 4.
1799 2328 1954 2371 Ossaque

79 2383 153 2414 eius
175 2382 212 2413 in
235 2381 489 2425 Cappadociam
509 2387 557 2418 ad
578 2392 723 2419 matrem
745 2392 848 2429 atque
871 2396 1012 2417 uxorem
1034 2382 1224 2425 liberosque
1245 2381 1319 2413 eius
1342 2382 1556 2425 deportanda
1576 2387 1756 2414 curarunt.
1800 2381 1951 2421 Accedit,

1497 2439 1533 2465 43
