2264 2746
805 109 829 138 c
849 110 878 138 A
898 111 932 139 P.
972 110 1061 139 vin.
1088 109 1116 150 §.
1138 116 1182 141 20.
1203 117 1248 142 21.
1930 124 1966 148 ,ιο

163 188 248 220 Erit
274 194 386 219 tamen
411 187 474 219 tibi
486 186 643 230 fortasse
666 185 771 217 etiam
801 186 842 217 (Ze
865 185 961 217 nobis
990 186 1145 229 aliquid,
1181 187 1319 230 aliquid
1346 186 1449 230 certe)
1492 186 1549 219 Ad
1576 187 1823 220 defendendam
1855 193 1961 224 ctiam,

80 239 298 282 particulam,
342 252 441 282 qnam
472 240 550 270 licet
578 238 676 269 multi
706 237 853 268 familiae
877 239 995 269 tertiae
1025 239 1154 269 codices
1179 241 1336 271 omittant
1368 246 1479 270 tamen
1503 240 1681 281 genuinam
1706 253 1866 273 maxume
1891 255 1960 275 esse

78 302 169 322 nuuc
190 293 394 323 membranis
419 292 527 325 Uatic.
549 289 768 322 confirmatur
793 291 876 333 (uid.
900 292 1032 333 Prolcg.
1059 292 1100 322 L.
1129 294 1153 323 Ι.
1181 294 1217 324 C.
1246 294 1304 324 Ill.
1333 294 1362 335 ξ.
1388 305 1416 325 2.
1442 305 1475 336 p.
1499 293 1627 335 XIX),
1655 300 1730 336 apte
1755 295 1961 328 Garatonius

76 343 144 375 Cic.
168 345 264 375 Brut.
288 346 369 385 XC,
400 345 471 376 510.
504 343 717 386 conparauit:
758 344 1018 376 (bmmentahm-
1047 346 1274 377 declamitasm
1311 359 1409 388 saepe
1439 359 1514 377 cnm
1537 348 1589 379 M.
1612 348 1739 379 Pisone
1762 353 1794 378 et
1817 360 1893 379 Cllln
1916 349 1958 389 Q.

72 396 238 440 Pompeio
261 404 323 429 atet
346 410 421 429 cnm
444 398 561 440 aliquo
585 397 728 435 ‹·otz'die;
752 397 854 439 idque
868 396 1047 439 siu-[eham
1069 398 1218 429 mullum,
1240 399 1372 429 etiam
1394 400 1518 437 latine,
1542 406 1592 431 set
1612 412 1738 443 graece
1763 402 1915 443 saepius.

162 450 247 481 Tui
285 451 526 492 nzzmzicipcs
559 454 661 480 sunt
702 449 783 480 illl
820 451 989 492 quidem
1025 451 1392 494 splen‹lidi-ssimi
1429 453 1646 492 homines,
1694 453 1767 485 secl
1813 459 1957 486 tamen

67 502 226 546 pauci)
257 502 393 533 Etiam
425 502 490 533 hic
513 501 754 533 Atinatium
778 501 994 545 suffragia
1018 502 1231 546 praetulit
1254 503 1536 543 Tusculanis,
1562 517 1653 536 cum
1678 506 1747 537 illi
1771 513 1809 537 et
1831 506 1957 549 pauci

73 560 113 585 et.
140 553 299 594 inuidi,
345 555 391 586 hi
422 565 523 585 uero
556 560 595 584 et
623 554 771 596 plures
802 561 842 585 et
870 554 1058 596 benigni·
1100 555 1263 587 SCIIOLIA
1290 558 1495 588 UATICANA.
1541 558 1635 588 Haec
1665 570 1749 601 quae
1774 560 1956 603 praeposui

70 606 175 638 uerba
198 608 274 639 Uat.
299 605 345 636 sic
367 612 404 636 ut
428 607 551 649 scripta
576 607 653 638 dedi
676 607 786 639 habet.

154 659 286 699 Quam
311 659 481 701 quidem
506 673 671 692 nzclzc—
693 660 832 702 uobis)
856 660 1115 701 Miscuit...¹)
1140 673 1220 692 non
1245 667 1414 693 tantum
1440 673 1520 703 quo
1546 661 1775 695 doceretur
1799 665 1951 705 iudex,

68 723 215 743 uerum
244 710 377 741 etiam
408 723 486 752 quo
516 720 775 745 moueretur.
820 713 1033 745 Adfectus
1066 713 1175 744 enim
1198 714 1417 745 colorauit
1439 714 1486 744 ad
1510 716 1858 749 miscricordiam
1883 730 1954 750 se-

69 764 249 796 cundum
274 764 493 796 Plancium
518 765 852 808 pei-mouendam
876 776 925 796 ex
949 766 1097 797 habitu
1121 766 1287 797 ciuium
1318 767 1537 806 luctuoso,
1573 769 1693 809 quasi
1717 770 1802 812 ipsi
1826 771 1953 802 solli-

68 817 303 849 citudinem
333 823 372 849 et
403 818 657 850 modestiam
690 829 766 860 pro
794 829 868 848 suo
900 818 992 849 ciue
1015 819 1299 861 susceperint.
1333 820 1495 851 SC110L1A
1522 821 1733 856 UATICANA.
1776 823 1843 854 Hic
1866 835 1953 865 quo—-

68 881 134 913 que
158 882 242 912 quae
264 871 447 912 prae-posui
471 871 575 901 uerba
597 872 675 902 Uat.
700 871 772 901 sine
796 870 1021 913 discrepantia
1043 872 1155 902 habet.

150 924 180 964 ς.
208 935 257 954 21.
303 924 400 963 Quae
423 930 545 956 culn-ta
568 924 716 955 comiciis
739 922 871 967 adficit)
917 924 1151 955 Praefecturae
1181 923 1320 966 suffragi
1352 924 1403 956 ius
1434 937 1502 956 non
1533 925 1717 964 habebant3
1741 927 1796 957 hic
1828 934 1950 970 tamen,

64 976 200 1019 plebem
223 976 398 1008 Atinatem
422 977 566 1007 comitiis
590 975 750 1014 adfuisse,
775 976 875 1018 plane
899 983 1048 1015 constat3
1074 977 1155 1019 quid
1179 978 1369 1020 putandum
1380 980 1395 1009 ¹?
1430 978 1494 1008 hoc
1518 978 1658 1020 opinor,
1689 980 1838 1011 Atinatis
1867 981 1952 1012 ciui-

64 1035 133 1060 tate
162 1029 301 1059 donatos
333 1040 402 1060 esse
449 1035 482 1060 et
511 1029 546 1060 111
577 1029 842 1071 municipiorum
874 1029 948 1060 iura
973 1030 1147 1067 transisseg
1182 1042 1259 1061 nam
1289 1037 1321 1061 et
1344 1030 1432 1061 infra
1455 1036 1493 1061 nt
1516 1030 1557 1060 de
1580 1032 1784 1074 municipio,
1821 1045 1890 1065 non
1913 1041 1951 1066 ut

64 1081 106 1112 de
134 1080 345 1123 praefectura
387 1081 504 1113 Cicero
536 1082 705 1123 loquitur,
749 1093 823 1112 cum
849 1081 911 1113 ait:
949 1082 1007 1113 Sic
1031 1088 1063 1113 te
1086 1083 1256 1115 Plancius
1289 1085 1351 1117 lzoc
1373 1096 1439 1115 non
1464 1084 1575 1115 solum
1597 1086 1790 1129 municipi,
1828 1100 1950 1120 uerum

62 1135 167 1167 etiam
191 1135 387 1166 uicinitatis
414 1147 534 1167 ‹renere
557 1135 727 1167 uincebat.
757 1135 971 1166 MANUTIUS.
1017 1136 1097 1166 Non
1128 1136 1280 1167 adtendit
1303 1135 1496 1175 Blanutius,
1536 1136 1636 1167 aliam
1659 1137 1949 1180 praefecturarum

407 1160 426 1178 o

61 1186 292 1218 condicionem
315 1193 392 1218 ante
414 1188 524 1230 legem
547 1189 667 1219 Iuliam
692 1187 732 1218 de
755 1187 890 1218 ciuitate
914 1199 990 1218 cum
1013 1188 1110 1220 sociis
1135 1195 1168 1219 et
1179 1189 1311 1221 Latinis
1335 1189 1602 1221 communicanda
1624 1189 1727 1222 fuisse
1750 1198 1850 1234 atque
1872 1199 1950 1235 post

63 1251 136 1271 eam
158 1239 238 1277 fuit,
268 1252 332 1281 qua
354 1240 586 1283 praefecturae
610 1241 710 1271 etiam
735 1240 785 1272 ius
809 1240 947 1282 suffragi
972 1247 1167 1272 consecutae
1191 1248 1279 1273 sunt.

142 1293 239 1333 Quid
267 1294 416 1334 roboris,
450 1295 535 1338 quid
565 1292 765 1338 dignitatis)
806 1292 904 1324 Prius
927 1292 969 1323 ad
991 1294 1267 1335 multitudinem,
1304 1294 1472 1338 posterius
1504 1293 1546 1325 ad
1580 1295 1798 1338 splendorem
1822 1296 1946 1328 Atina-

59 1345 147 1377 tium
167 1352 304 1388 spectat.

149 1399 296 1431 Tribuni
322 1400 557 1442 Terentinam)
600 1400 639 1430 In
670 1410 735 1441 qua
764 1399 920 1431 Atinates
949 1399 1148 1442 suffragium
1171 1399 1335 1432 ferebant.
1384 1400 1485 1443 Quod
1509 1412 1591 1431 uero
1615 1401 1764 1433 Atinatis
1788 1415 1856 1434 non
1880 1403 1945 1434 tri-

59 1452 143 1483 bum
167 1452 406 1491 Terentinam,
429 1460 479 1484 set
502 1453 700 1495 dignitatem
726 1458 787 1482 etc.
812 1452 1006 1493 praebuisse
1028 1453 1090 1492 ait,
1121 1465 1159 1484 eo
1183 1454 1362 1495 significat,
1396 1466 1465 1485 non
1488 1453 1523 1484 ui
1546 1460 1603 1484 aut
1626 1454 1804 1495 largItione
1827 1454 1944 1488 fecisse

58 1504 227 1543 Atinatis,
252 1511 288 1536 ut
313 1505 466 1536 Plancius
490 1507 617 1537 tribum
641 1505 862 1536 Terentinam
885 1504 1006 1544 ferret,
1043 1512 1093 1536 set
1116 1507 1278 1548 dignitate
1302 1519 1360 1538 sua
1384 1514 1416 1539 et
1439 1507 1630 1548 frequentia
1655 1507 1818 1547 ell'ecisse,
1846 1515 1885 1540 ut
1906 1509 1943 1540 in

58 1557 225 1599 suffragiis
250 1556 400 1589 ferundis
426 1559 566 1590 tribules
590 1559 679 1601 ipsos
702 1558 890 1600 sequendos
916 1564 1085 1600 putarent.
1131 1560 1251 1590 Monet
1274 1560 1337 1590 11οο
1359 1567 1552 1603 propterea,
1578 1559 1668 1601 quod
1694 1561 1823 1592 tribum
1844 1562 1943 1594 istam

59 1621 79 1641 a
101 1610 236 1641 Plancio
260 1618 452 1653 corruptam
483 1623 552 1643 esse
575 1611 768 1642 Laterensis
792 1611 988 1642 criminatus
1013 1617 1105 1650 erat,
1131 1612 1171 1642 de
1196 1624 1262 1654 quo
1287 1614 1324 1644 C.
1349 1614 1448 1645 XVI.
1474 1615 1504 1655 §
1529 1613 1580 1644 58.
1605 1613 1768 1655 loquitur.

145 1664 203 1695 Set
230 1664 406 1695 oculorum
430 1666 629 1705 coniectum)
677 1664 763 1695 Cum
787 1663 827 1693 ad
846 1665 1105 1707 praebuerunt,
1138 1676 1156 1695 a
1180 1677 1246 1706 quo
1271 1666 1375 1697 uerbo
1400 1667 1481 1697 hacc
1507 1678 1591 1708 (piae
1614 1667 1832 1709 adposuimus
1855 1679 1943 1709 pen-

59 1715 156 1756 dent,
190 1717 376 1747 necessario
403 1719 631 1760 supplendum
660 1718 703 1749 sit
725 1717 872 1748 Plancio
890 1718 1043 1760 petenti,
1069 1718 1244 1756 mirumst,
1282 1719 1453 1760 quomodo
1486 1719 1526 1750 de
1549 1731 1647 1751 sensu
1672 1720 1794 1750 horum
1816 1720 1942 1751 uerbo-

57 1781 134 1801 rum
158 1769 327 1811 ambigere
351 1771 526 1802 Ernestius
549 1770 713 1813 potuerit,
738 1781 897 1801 monens:
922 1771 973 1809 „i.
999 1782 1026 1800 e.
1052 1776 1089 1800 ut
1113 1771 1280 1810 arbitror,
1311 1778 1348 1802 ut
1372 1772 1524 1804 homines
1549 1785 1621 1804 eam
1644 1772 1840 1814 frequenter
1863 1784 1940 1804 cum

58 1822 280 1854 admiratione
303 1822 460 1854 uiderent
483 1830 515 1854 et
538 1824 642 1854 oculis
665 1823 700 1853 111
723 1833 796 1853 eam
823 1822 958 1861 defixis,
990 1823 1061 1854 siue
1084 1824 1196 1865 polius
1220 1831 1258 1855 nt
1280 1824 1367 1855 oculi
1392 1825 1544 1856 omnium
1569 1832 1677 1857 essent
1701 1826 1735 1856 in
1759 1837 1837 1856 eum
1860 1837 1940 1857 can-

59 1875 211 1906 didatum
241 1875 410 1914 conuersi,
453 1888 553 1918 quem
584 1876 635 1906 illi
664 1882 907 1917 sequerentur,
947 1876 1036 1917 quod
1068 1877 1188 1907 melius
1212 1876 1439 1921 frequentiae
1465 1879 1662 1909 conuenit.“
1708 1879 1816 1911 Unice
1847 1885 1938 1910 recte

57 1928 253 1961 Weiskius:
299 1928 500 1967 effecerunt,
535 1935 572 1960 ut
593 1929 650 1959 alii
674 1929 787 1959 oculos
812 1929 846 1958 in
870 1929 1043 1959 Plancium
1067 1929 1255 1968 coicerent,
1284 1943 1429 1971 cumque
1453 1930 1581 1962 facilius
1613 1931 1772 1973 suffragio
1796 1943 1856 1962 suo
1882 1932 1938 1963 iu-

56 1987 193 2020 uarent,
240 1992 340 2022 quem
370 1981 528 2013 uiderent
560 1988 610 2012 tot
638 1993 674 2012 ac
702 1987 770 2012 tam
802 1981 1059 2023 splendidorum
1090 1982 1268 2013 hominum
1298 1984 1403 2025 gratia
1434 1984 1567 2014 florere.
1613 1984 1740 2014 Eadem
1770 1985 1937 2016 sententia

55 2034 139 2066 Baki
165 2040 227 2073 est,
267 2034 342 2064 iure
366 2035 591 2066 Garatonium
614 2034 893 2077 reprehendentis
918 2040 951 2065 et
974 2034 1165 2073 Orellium,
1208 2036 1266 2077 qui
1289 2036 1429 2067 alteram
1449 2036 1547 2067 istam
1570 2037 1707 2068 Ernesti
1729 2037 1936 2080 interpreta-

56 2089 185 2120 tionem
207 2087 407 2129 probarunt.

141 2141 277 2174 Nostra
309 2141 500 2185 municipia
530 2141 767 2173 commu-tione
795 2141 899 2173 etiam
927 2141 1123 2172 uicinitatis
1146 2142 1360 2173 uehementer
1385 2144 1584 2184 mouentur)
1629 2143 1750 2175 BIirast
1773 2143 1932 2176 hocloco

55 2193 209 2225 codicum
231 2192 394 2233 uarietas,
419 2206 495 2225 cum
517 2195 544 2225 B
569 2201 601 2225 et
623 2195 651 2225 E
676 2200 794 2225 nostra
817 2194 1024 2237 municipia,
1057 2193 1159 2225 ceteri
1181 2195 1251 2225 ium
1273 2195 1464 2237 numicipia
1487 2196 1643 2227 scribant.
1691 2196 1791 2238 Quod
1818 2197 1930 2239 primo

53 2252 190 2289 aspectu
218 2245 380 2287 suspicari
409 2247 482 2288 quis
514 2247 638 2289 possit,
662 2254 781 2279 nostra
814 2247 1007 2289 explicandi
1031 2258 1143 2278 caussa
1171 2247 1210 2278 ab
1234 2247 1421 2288 interprete
1443 2248 1596 2280 additum
1620 2261 1707 2289 esse,
1732 2249 1765 2279 id
1790 2262 1857 2281 non
1884 2251 1931 2282 ita

54 2310 141 2338 esse,
165 2297 223 2339 qui
245 2297 310 2328 loci
332 2299 530 2330 sententiam
553 2300 777 2343 perspexerit,
802 2299 962 2331 concedat
984 2306 1160 2332 necessest.
1208 2300 1335 2341 Uei-ba,
1361 2302 1554 2346 municipia
1578 2303 1815 2335 coniunctione
1840 2304 1929 2336 uici-

127 2406 156 2446 1)
195 2408 311 2446 Supple
328 2419 424 2438 unum
442 2411 626 2440 uocabulum
645 2421 795 2449 graccum.
834 2410 873 2438 A.
892 2410 1014 2440 Minus.

1474 2464 1510 2491 24
