2264 2746
232 79 285 106 2¹46
796 73 1233 104 COMMENTARIUS.
1272 74 1378 103 CAP.
1397 73 1505 103 XLII.
1530 72 1643 114 §.1o4.

318 150 453 193 stlagno
470 150 506 182 in
522 155 615 182 metu
630 146 717 187 meo)
743 146 830 178 Cum
845 146 884 178 de
899 147 1014 178 Planci
1031 147 1138 179 salute
1151 148 1373 180 uehementer
1388 148 1538 180 timeam.
1561 147 1777 180 MANUTIUS.

317 202 452 243 Subito)
475 201 592 233 Statim
608 204 788 241 postquam
804 205 931 231 nostras
945 200 1017 231 uidi
1033 200 1208 232 lacrumas.
1232 201 1348 243 Atque
1364 201 1429 233 hoc
1445 200 1544 239 dicit,
1564 211 1633 231 non
1647 199 1726 242 quia
1741 200 1888 233 iustitiae
1904 212 2018 234 caussa
2029 202 2098 235 iam

232 254 310 287 satis
326 255 492 297 disputata
509 258 542 283 et
555 250 691 282 defensa
706 250 846 291 diffidat,
872 259 922 284 set
936 259 972 284 ut
985 253 1132 284 iustitiae
1143 253 1412 286 misericordiam
1425 253 1531 285 addat.
1553 254 1769 286 RIANUTIUS.

326 307 394 339 Uos
407 306 537 338 eosdem
554 306 591 336 in
610 306 672 337 hoc
688 306 922 337 conseruando
932 304 1100 349 ficturos,
1123 308 1184 351 qui
1188 306 1340 350 fueritis
1360 308 1396 339 in
1413 319 1483 346 me,
1514 307 1678 351 quoniam
1692 307 1770 340 istis
1787 308 1916 340 uostris
1932 307 2099 341 lacrumis

233 361 275 392 cle
291 360 364 392 illis
380 358 556 397 recordor,
579 370 665 401 quas
676 369 745 401 pro
764 370 818 390 me
832 370 932 401 saepe
951 365 984 390 et
999 359 1149 391 multum
1162 359 1389 403 profudistis)
1427 359 1646 393 Aduerbium
1669 372 1769 403 saepe
1791 360 1935 393 alterum
1960 361 2102 393 extorsit

233 413 391 445 multum.
429 410 591 441 Tullione
608 410 684 453 ipsi,
708 422 750 441 an
764 410 1026 453 descriptoribus
1037 414 1052 444 ?
1092 412 1197 444 Nulla
1220 418 1270 443 est
1286 413 1448 450 uarietas3
1479 419 1580 455 atque
1596 413 1642 444 ita
1656 412 1829 455 Uergilius
1844 414 1905 445 III.
1921 414 2010 446 Aen.
2027 413 2101 446 548.

231 466 281 498 Et
296 464 444 496 multum
459 463 634 495 lacrumas
649 464 754 496 uerba
769 464 859 496 inter
872 465 1015 508 singula
1021 464 1161 508 fundit.
1199 465 1293 506 Quid
1312 465 1504 508 quaerimus
1516 467 1532 498 ?
1570 466 1738 497 Graecum
1753 472 1801 497 est
1815 465 1942 500 πολλὸν
1955 463 2101 510 ὃοῖκρυας

233 516 383 549 Catullus
404 521 515 547 tamen
530 516 680 556 LXVII,
704 528 752 558 17.
777 516 818 547 de
833 528 928 548 coma
943 518 1110 549 Berenicis
1127 529 1170 549 ex
1185 518 1392 550 Callimacho
1407 518 1544 558 maluit,
1575 519 1732 551 Ubertim
1745 519 1893 552 thalami
1906 532 1991 563 quas
2007 520 2103 551 intra

231 569 353 601 limina
359 567 534 611 fundunt.
565 569 620 600 Set
634 569 713 601 huic
728 570 905 609 locutioni,
928 571 955 602 si
971 570 1138 613 poeticam
1157 570 1255 610 dicas,
1278 570 1488 604 defensiones
1503 571 1588 604 aliae
1603 583 1672 603 non
1686 572 1816 604 desunt.
1855 573 1955 604 Certe
1972 572 2102 604 multas

230 621 381 653 usitatius
398 620 519 661 dicere,
543 622 621 664 quid
639 628 710 653 erat
726 623 862 665 negoti?
887 635 953 664 quo
969 630 1052 655 esset
1069 623 1258 655 emendatio
1274 624 1337 656 ista
1350 623 1490 656 fortasse
1506 623 1741 668 periculosior.
1764 624 1916 668 Tempus
1929 635 2011 656 uero
2024 623 2104 655 illut

230 673 368 704 omnino
382 672 556 715 significat,
581 685 647 716 quo
663 674 699 706 in
713 675 855 707 exilium
871 675 1043 718 profectus
1059 683 1118 716 est,
1142 676 1183 708 de
1199 689 1265 720 quo
1280 689 1343 719 pro
1359 677 1460 709 domo
1474 689 1502 708 c-
1519 687 1588 709 220:
1613 677 1699 720 quid
1711 678 1775 710 illa
1789 683 1840 710 tot
1853 675 2103 720 uirorumfor-

229 726 455 757 lissumorum
479 726 602 758 milia?
631 728 717 771 quid
737 729 848 760 nostri
866 729 996 772 equites
1015 731 1194 762 Romani?
1223 731 1309 775 quid
1329 732 1496 763 senatus?
1527 731 1613 774 quid
1633 730 1780 774 denique
1803 743 1917 763 omnes
1939 730 2044 762 boni?
2070 729 2102 761 si

229 779 328 810 nulla
343 784 418 809 erat
433 779 500 817 uis,
523 791 585 811 cur
600 792 653 812 me
670 781 800 825 flentes
814 783 936 825 potius
951 784 1130 826 prosecuti
1141 790 1239 822 sunt,
1271 796 1375 827 quam
1390 789 1453 815 aut
1470 784 1686 827 increpantes
1704 785 1922 816 retinuerunt
1938 788 2002 815 aut
2016 783 2102 814 irati

231 831 472 874 reliquerunt?
515 832 636 874 Neque
651 833 762 865 solum
778 840 848 866 tum
862 835 1049 877 fleuerunt,
1073 847 1150 867 cum
1168 836 1286 868 Cicero
1301 836 1422 875 affluit,
1445 848 1565 868 uerum
1582 837 1684 868 etiam
1697 849 1797 880 saepe
1814 843 1884 868 toto
1899 833 2102 867 discriminis

227 883 320 914 illius
343 883 561 916 acerbissumi
584 891 747 929 tempore.
795 888 853 919 Set
877 888 934 930 qui
955 900 1033 920 eum
1056 889 1202 920 retinere
1227 901 1265 920 ac
1284 901 1485 921 conseruare
1505 901 1574 921 non
1594 896 1797 933 potuerunt,
1820 889 1910 920 idem
1927 888 2102 920 Plancium

227 941 396 979 poterant.
418 936 497 968 Dici
514 948 594 980 ergo
612 939 741 981 nequit,
756 951 816 972 uos
823 941 999 973 Plancium
1012 949 1277 982 conseruaturos,
1289 949 1387 974 utme
1396 944 1627 983 conseruastis,
1636 949 1686 975 set
1701 949 1736 974 ut
1752 954 1809 974 me
1825 951 2024 973 conseruare
2036 951 2101 971 uo·

228 987 337 1020 luistis
348 1012 357 1026 ,
380 989 436 1020 uel
448 989 580 1031 potius,
603 997 642 1022 ut
655 1003 709 1023 me
725 993 926 1026 restituistis.
957 995 1041 1037 Spes
1058 997 1182 1028 etenim
1200 1003 1301 1038 atque
1315 1007 1434 1036 omen,
1457 997 1546 1038 quod
1561 1009 1604 1029 ex
1621 997 1673 1029 his
1686 995 1844 1027 lacrumis
1859 994 2010 1037 capitur,
2033 1004 2101 1026 non

228 1041 437 1073 uoluntatem
458 1044 713 1085 tantummodo,
745 1053 796 1078 set
817 1047 931 1089 ipsum
954 1047 1112 1090 inprimis
1134 1049 1264 1080 exitum
1284 1054 1420 1091 spectat.
1459 1049 1577 1091 Atque
1598 1055 1636 1081 ut
1656 1048 1805 1080 iudicum
1822 1047 1990 1079 lacrumae
2005 1058 2100 1090 spem

229 1105 398 1136 omenque
412 1094 631 1127 absolutionis
649 1097 786 1129 Plancio
801 1098 1013 1140 adferebant,
1037 1101 1082 1133 ita
1098 1102 1133 1133 in
1149 1102 1245 1133 Tulli
1259 1102 1423 1145 periculo,
1448 1102 1539 1144 quod
1556 1102 1676 1133 tollere
1692 1101 1758 1145 ipsi
1772 1112 1841 1132 non
1856 1105 2025 1143 poterant,
2048 1105 2102 1131 at-

229 1158 293 1188 que
308 1146 343 1177 in
361 1147 432 1189 ipsa
445 1147 523 1189 fuga
537 1148 710 1190 profusae,
733 1150 957 1183 restitutionis
974 1164 1069 1195 spem
1086 1154 1237 1185 dederint
1257 1166 1391 1186 necesse
1407 1161 1471 1193 est,
1497 1166 1597 1196 quam
1619 1154 1783 1197 perficere
1802 1159 1996 1196 potuerunt.
2035 1153 2101 1187 Uel

228 1199 330 1242 igitur
353 1201 389 1232 in
412 1212 464 1231 me
486 1201 634 1242 explices
657 1214 744 1246 erga
763 1215 837 1243 nze,
860 1205 934 1243 uel,
958 1205 986 1236 si
1002 1206 1226 1248 repetendum
1243 1212 1290 1237 est
1307 1208 1553 1244 conseruando,
1577 1207 1640 1238 erit
1661 1207 1749 1237 idem
1765 1206 1853 1248 quod
1868 1207 2101 1246 restituendo3

227 1252 358 1283 ratione
372 1258 485 1283 tamen
501 1253 615 1285 habita
629 1255 823 1295 uoluntatis,
852 1268 937 1298 quae
952 1257 1049 1290 bonis
1065 1259 1221 1290 omnibus
1236 1258 1353 1289 eadem
1367 1269 1501 1300 semper
1516 1257 1591 1289 fuit.
1615 1258 1800 1290 GARATON
1808 1268 1878 1290 1L’S.
1921 1259 2022 1291 Nihil
2037 1260 2102 1292 hoc

227 1306 262 1336 in
281 1305 356 1336 loco
374 1305 559 1338 insolenter
576 1307 703 1339 dictum
716 1308 871 1350 nihilque
889 1311 1133 1343 mutandumst.
1172 1312 1286 1345 Uerba
1310 1312 1348 1342 in
1370 1312 1432 1343 hoc
1455 1311 1690 1342 conseruando
1711 1310 1917 1353 Significant:
1946 1312 1983 1343 in
1998 1312 2101 1344 Plau·

227 1358 328 1397 cium,
352 1358 411 1399 qui
425 1361 618 1391 conseruari
635 1360 735 1392 debet
747 1361 802 1392 uel
819 1363 1068 1396 conseruandus
1084 1371 1143 1403 est,
1167 1364 1401 1406 sententiaque
1416 1363 1520 1395 totius
1539 1363 1606 1394 loci
1625 1363 1707 1394 haec
1721 1370 1786 1396 est:
1809 1376 1924 1407 spero,
1947 1376 2008 1397 uos
2025 1377 2101 1397 eos-

228 1410 305 1441 dem
320 1410 356 1441 in
368 1410 469 1452 hunc,
494 1413 552 1454 qui
569 1414 762 1445 conseruari
776 1421 938 1455 meretur,
962 1416 1098 1448 futuros
1113 1428 1194 1456 esse,
1217 1417 1275 1459 qui
1291 1416 1401 1448 fuistis
1415 1416 1450 1447 in
1466 1427 1532 1455 me,
1554 1415 1588 1446 id
1602 1422 1661 1455 est,
1684 1429 1746 1449 uos
1763 1417 1899 1449 eosdem
1916 1418 1996 1449 huic
2009 1418 2102 1450 salu-

228 1469 293 1494 tem
310 1462 445 1495 daturos
466 1476 555 1504 esse,
580 1466 639 1508 qui
652 1466 737 1498 mihi
753 1467 956 1500 reddidistis.
995 1468 1066 1500 Cfr.
1083 1470 1113 1511 §.
1138 1480 1208 1501 102.
1220 1491 1228 1500 .
1268 1469 1371 1511 Quod
1387 1476 1561 1512 praeterea
1584 1470 1734 1502 multum
1752 1470 1855 1502 deleri
1869 1471 1941 1502 uolt
1955 1471 2100 1503 Garato-

228 1516 322 1556 nius,
351 1516 387 1547 in
403 1528 441 1547 eo
456 1518 677 1550 uehementer
694 1518 834 1552 fallitur.
874 1520 1052 1552 Eiusmodi
1070 1523 1175 1554 uerba
1194 1534 1380 1565 numquam
1398 1522 1604 1554 addiderunt
1622 1522 1835 1565 interpretes.
1880 1523 1971 1556 Male
1988 1529 2099 1556 autem

229 1575 259 1600 et
273 1569 474 1600 inconcinne
489 1581 552 1612 pro
568 1572 718 1605 multum
733 1573 852 1605 Cicero
869 1574 998 1606 multas
1015 1574 1219 1618 scripsisset,
1258 1587 1335 1606 cum
1355 1575 1482 1617 ubique
1504 1575 1726 1619 praecedente
1748 1576 1911 1608 aduerbio
1933 1589 2034 1621 saepe
2055 1588 2099 1608 ex

229 1627 318 1653 recto
330 1621 426 1654 latini
440 1624 605 1656 sermonis
623 1637 686 1657 usu
699 1626 902 1658 aduerbium
916 1628 1066 1660 multum
1082 1629 1177 1670 sequi
1192 1628 1307 1660 soleat.
1331 1629 1446 1661 Uei-ba
1464 1629 1638 1662 lacrumas
1650 1629 1865 1674 profundere
1880 1630 1980 1662 unius
1994 1630 2098 1662 ueluti

230 1674 324 1705 uerbi
339 1675 445 1707 instar
458 1675 609 1708 habenda
623 1685 713 1711 sunt.
736 1679 948 1712 Rectissume
964 1687 1079 1713 autem
1093 1694 1194 1726 saepe
1209 1688 1242 1715 et
1256 1683 1405 1715 multum
1407 1682 1499 1728 flere
1513 1682 1588 1722 dici,
1599 1693 1699 1714 nemo
1712 1694 1780 1714 non
1794 1689 1914 1726 sponte
1921 1683 2098 1727 intellegit.
