<?xml version="1.0" encoding="UTF-8"?>
<!DOCTYPE html PUBLIC "-//W3C//DTD XHTML 1.0 Transitional//EN"
    "http://www.w3.org/TR/xhtml1/DTD/xhtml1-transitional.dtd">
<html xmlns="http://www.w3.org/1999/xhtml" xml:lang="en" lang="en">
 <head>
  <title>
</title>
<meta http-equiv="Content-Type" content="text/html;charset=utf-8" />
  <meta name='ocr-system' content='tesseract 3.04.00' />
  <meta name='ocr-capabilities' content='ocr_page ocr_carea ocr_par ocr_line ocrx_word'/>
</head>
<body>
  <div class='ocr_page' id='page_1' title='image "./oratioprocnplan00ciceuoft/oratioprocnplan00ciceuoft_0113.png"; bbox 0 0 2264 2746; ppageno 0'>
   <div class='ocr_carea' id='block_1_1' title="bbox 771 120 1933 161">
    <p class='ocr_par' dir='ltr' id='par_1_1' title="bbox 771 120 1933 161">
     <span class='ocr_line' id='line_1_1' title="bbox 771 120 1933 161; baseline 0.001 -12"><span class='ocrx_word' id='word_1_1' title='bbox 771 121 809 149; x_wconf 87' lang='lat' dir='ltr'>L.</span> <span class='ocrx_word' id='word_1_2' title='bbox 836 120 892 149; x_wconf 88' lang='lat'>111.</span> <span class='ocrx_word' id='word_1_3' title='bbox 932 121 966 150; x_wconf 88' lang='lat' dir='ltr'>c.</span> <span class='ocrx_word' id='word_1_4' title='bbox 987 121 1027 150; x_wconf 84' lang='lat' dir='ltr'>v.</span> <span class='ocrx_word' id='word_1_5' title='bbox 1066 120 1094 161; x_wconf 83' lang='lat'>§.</span> <span class='ocrx_word' id='word_1_6' title='bbox 1116 131 1134 152; x_wconf 81' lang='lat'><em>2</em></span> <span class='ocrx_word' id='word_1_7' title='bbox 1154 137 1187 142; x_wconf 89' lang='lat'>-</span> <span class='ocrx_word' id='word_1_8' title='bbox 1206 121 1233 150; x_wconf 77' lang='grc'>4.</span> <span class='ocrx_word' id='word_1_9' title='bbox 1822 122 1933 152; x_wconf 82' lang='lat' dir='ltr'>Xcm</span> 
     </span>
    </p>
   </div>
   <div class='ocr_carea' id='block_1_2' title="bbox 54 193 1933 1185">
    <p class='ocr_par' dir='ltr' id='par_1_2' title="bbox 54 193 1933 1185">
     <span class='ocr_line' id='line_1_2' title="bbox 65 193 1933 234; baseline 0.001 -10"><span class='ocrx_word' id='word_1_10' title='bbox 65 196 172 225; x_wconf 80' lang='lat' dir='ltr'>Ualeri</span> <span class='ocrx_word' id='word_1_11' title='bbox 199 206 302 232; x_wconf 88' lang='lat' dir='ltr'>error,</span> <span class='ocrx_word' id='word_1_12' title='bbox 335 196 373 224; x_wconf 87' lang='lat' dir='ltr'>ab</span> <span class='ocrx_word' id='word_1_13' title='bbox 400 194 571 224; x_wconf 86' lang='lat' dir='ltr'><strong>editoribus</strong></span> <span class='ocrx_word' id='word_1_14' title='bbox 598 205 662 223; x_wconf 91' lang='lat' dir='ltr'>non</span> <span class='ocrx_word' id='word_1_15' title='bbox 689 195 936 232; x_wconf 81' lang='lat' dir='ltr'>animaduersus‚</span> <span class='ocrx_word' id='word_1_16' title='bbox 967 195 1020 234; x_wconf 89' lang='lat' dir='ltr'>qui</span> <span class='ocrx_word' id='word_1_17' title='bbox 1049 195 1109 225; x_wconf 89' lang='lat' dir='ltr'>duo</span> <span class='ocrx_word' id='word_1_18' title='bbox 1136 195 1170 224; x_wconf 85' lang='lat' dir='ltr'>in</span> <span class='ocrx_word' id='word_1_19' title='bbox 1200 194 1344 224; x_wconf 80' lang='lat' dir='ltr'>Sextiana</span> <span class='ocrx_word' id='word_1_20' title='bbox 1369 205 1394 224; x_wconf 93' lang='lat' dir='ltr'>e.</span> <span class='ocrx_word' id='word_1_21' title='bbox 1415 194 1460 224; x_wconf 82' lang='lat'>54.</span> <span class='ocrx_word' id='word_1_22' title='bbox 1480 199 1512 224; x_wconf 81' lang='lat' dir='ltr'>et</span> <span class='ocrx_word' id='word_1_23' title='bbox 1531 193 1576 223; x_wconf 86' lang='grc'>61.</span> <span class='ocrx_word' id='word_1_24' title='bbox 1603 194 1767 234; x_wconf 83' lang='lat' dir='ltr'>perspicue</span> <span class='ocrx_word' id='word_1_25' title='bbox 1787 195 1933 226; x_wconf 88' lang='lat' dir='ltr'>distincta</span> 
     </span>
     <span class='ocr_line' id='line_1_3' title="bbox 62 242 1932 283; baseline 0.001 -11"><span class='ocrx_word' id='word_1_26' title='bbox 62 249 183 274; x_wconf 86' lang='lat' dir='ltr'>senatus</span> <span class='ocrx_word' id='word_1_27' title='bbox 200 244 338 273; x_wconf 87' lang='lat' dir='ltr'>consulta</span> <span class='ocrx_word' id='word_1_28' title='bbox 352 242 529 273; x_wconf 82' lang='lat' dir='ltr'>confuderit</span> <span class='ocrx_word' id='word_1_29' title='bbox 545 243 755 281; x_wconf 87' lang='lat' dir='ltr'>templumque</span> <span class='ocrx_word' id='word_1_30' title='bbox 771 243 854 272; x_wconf 90' lang='lat' dir='ltr'>Iouis</span> <span class='ocrx_word' id='word_1_31' title='bbox 869 244 1079 283; x_wconf 88' lang='lat' dir='ltr'>Capitolinum</span> <span class='ocrx_word' id='word_1_32' title='bbox 1100 243 1134 272; x_wconf 84' lang='lat' dir='ltr'>C.</span> <span class='ocrx_word' id='word_1_33' title='bbox 1154 243 1256 272; x_wconf 87' lang='lat' dir='ltr'>Mario</span> <span class='ocrx_word' id='word_1_34' title='bbox 1276 243 1445 282; x_wconf 86' lang='lat' dir='ltr'>inprudens</span> <span class='ocrx_word' id='word_1_35' title='bbox 1464 242 1672 282; x_wconf 81' lang='lat' dir='ltr'><strong>adscripserit,</strong></span> <span class='ocrx_word' id='word_1_36' title='bbox 1692 243 1823 272; x_wconf 88' lang='lat' dir='ltr'>aliorum</span> <span class='ocrx_word' id='word_1_37' title='bbox 1844 254 1932 274; x_wconf 90' lang='lat' dir='ltr'>erro-</span> 
     </span>
     <span class='ocr_line' id='line_1_4' title="bbox 62 290 1931 330; baseline -0.001 -9"><span class='ocrx_word' id='word_1_38' title='bbox 62 302 127 322; x_wconf 87' lang='lat' dir='ltr'>rem</span> <span class='ocrx_word' id='word_1_39' title='bbox 147 292 296 328; x_wconf 86' lang='lat' dir='ltr'>subleuat,</span> <span class='ocrx_word' id='word_1_40' title='bbox 317 291 369 330; x_wconf 88' lang='lat' dir='ltr'>qui</span> <span class='ocrx_word' id='word_1_41' title='bbox 389 291 449 320; x_wconf 90' lang='lat' dir='ltr'>duo</span> <span class='ocrx_word' id='word_1_42' title='bbox 471 290 597 318; x_wconf 87' lang='lat' dir='ltr'>deorum</span> <span class='ocrx_word' id='word_1_43' title='bbox 618 291 785 320; x_wconf 86' lang='lat' dir='ltr'>eorundem</span> <span class='ocrx_word' id='word_1_44' title='bbox 805 292 919 330; x_wconf 86' lang='lat' dir='ltr'>templa</span> <span class='ocrx_word' id='word_1_45' title='bbox 939 303 1001 321; x_wconf 88' lang='lat' dir='ltr'>non</span> <span class='ocrx_word' id='word_1_46' title='bbox 1021 292 1241 321; x_wconf 75' lang='lat' dir='ltr'>distinxerunt.</span> <span class='ocrx_word' id='word_1_47' title='bbox 1270 291 1306 319; x_wconf 88' lang='lat' dir='ltr'>In</span> <span class='ocrx_word' id='word_1_48' title='bbox 1327 290 1375 319; x_wconf 85' lang='lat' dir='ltr'>his</span> <span class='ocrx_word' id='word_1_49' title='bbox 1392 291 1576 327; x_wconf 85' lang='lat' dir='ltr'>Piranesius,</span> <span class='ocrx_word' id='word_1_50' title='bbox 1593 291 1645 319; x_wconf 86' lang='lat' dir='ltr'>uel</span> <span class='ocrx_word' id='word_1_51' title='bbox 1659 290 1764 329; x_wconf 86' lang='lat' dir='ltr'>potius</span> <span class='ocrx_word' id='word_1_52' title='bbox 1785 290 1931 319; x_wconf 86' lang='lat' dir='ltr'>archaeo-</span> 
     </span>
     <span class='ocr_line' id='line_1_5' title="bbox 62 338 1931 378; baseline -0.001 -10"><span class='ocrx_word' id='word_1_53' title='bbox 62 340 149 378; x_wconf 69' lang='lat' dir='ltr'>logus</span> <span class='ocrx_word' id='word_1_54' title='bbox 170 339 240 375; x_wconf 87' lang='lat' dir='ltr'>ille,</span> <span class='ocrx_word' id='word_1_55' title='bbox 262 350 351 378; x_wconf 90' lang='lat' dir='ltr'>quem</span> <span class='ocrx_word' id='word_1_56' title='bbox 372 338 566 374; x_wconf 81' lang='lat' dir='ltr'>consulebat,</span> <span class='ocrx_word' id='word_1_57' title='bbox 586 338 706 366; x_wconf 89' lang='lat' dir='ltr'>duobus</span> <span class='ocrx_word' id='word_1_58' title='bbox 728 338 856 367; x_wconf 82' lang='lat' dir='ltr'>Uitruui</span> <span class='ocrx_word' id='word_1_59' title='bbox 876 340 952 369; x_wconf 88' lang='lat' dir='ltr'>locis</span> <span class='ocrx_word' id='word_1_60' title='bbox 973 351 1062 369; x_wconf 82' lang='lat' dir='ltr'>ausus</span> <span class='ocrx_word' id='word_1_61' title='bbox 1082 346 1128 369; x_wconf 86' lang='lat' dir='ltr'>est</span> <span class='ocrx_word' id='word_1_62' title='bbox 1147 339 1179 367; x_wconf 85' lang='lat' dir='ltr'>in</span> <span class='ocrx_word' id='word_1_63' title='bbox 1200 338 1283 366; x_wconf 86' lang='lat' dir='ltr'>aedis</span> <span class='ocrx_word' id='word_1_64' title='bbox 1299 339 1456 367; x_wconf 81' lang='lat' dir='ltr'>Marianae</span> <span class='ocrx_word' id='word_1_65' title='bbox 1475 339 1576 368; x_wconf 86' lang='lat' dir='ltr'>sedem</span> <span class='ocrx_word' id='word_1_66' title='bbox 1596 338 1826 368; x_wconf 80' lang='lat' dir='ltr'>Marcellianam</span> <span class='ocrx_word' id='word_1_67' title='bbox 1845 338 1931 367; x_wconf 86' lang='lat' dir='ltr'>inui-</span> 
     </span>
     <span class='ocr_line' id='line_1_6' title="bbox 62 385 1931 427; baseline -0.001 -11"><span class='ocrx_word' id='word_1_68' title='bbox 62 391 123 416; x_wconf 85' lang='lat' dir='ltr'>tam</span> <span class='ocrx_word' id='word_1_69' title='bbox 150 387 362 415; x_wconf 77' lang='lat' dir='ltr'>emendatione</span> <span class='ocrx_word' id='word_1_70' title='bbox 388 385 578 425; x_wconf 81' lang='lat' dir='ltr'>pertrahere.</span> <span class='ocrx_word' id='word_1_71' title='bbox 617 386 661 414; x_wconf 88' lang='lat' dir='ltr'>Hi</span> <span class='ocrx_word' id='word_1_72' title='bbox 689 391 759 415; x_wconf 89' lang='lat' dir='ltr'>sunt</span> <span class='ocrx_word' id='word_1_73' title='bbox 787 386 867 423; x_wconf 83' lang='lat' dir='ltr'>loci,</span> <span class='ocrx_word' id='word_1_74' title='bbox 897 388 1008 427; x_wconf 89' lang='lat' dir='ltr'>quibus</span> <span class='ocrx_word' id='word_1_75' title='bbox 1037 387 1200 417; x_wconf 81' lang='lat' dir='ltr'>Ciceronis</span> <span class='ocrx_word' id='word_1_76' title='bbox 1232 387 1447 416; x_wconf 81' lang='lat' dir='ltr'>auctoritatem</span> <span class='ocrx_word' id='word_1_77' title='bbox 1479 385 1623 421; x_wconf 76' lang='lat' dir='ltr'>adiunxi,</span> <span class='ocrx_word' id='word_1_78' title='bbox 1657 396 1726 415; x_wconf 90' lang='lat' dir='ltr'>cum</span> <span class='ocrx_word' id='word_1_79' title='bbox 1754 386 1931 414; x_wconf 79' lang='lat' dir='ltr'>Sextianam</span> 
     </span>
     <span class='ocr_line' id='line_1_7' title="bbox 62 432 1931 474; baseline -0.001 -10"><span class='ocrx_word' id='word_1_80' title='bbox 62 435 296 474; x_wconf 81' lang='lat' dir='ltr'>interpretarer.</span> <span class='ocrx_word' id='word_1_81' title='bbox 333 433 425 462; x_wconf 88' lang='lat' dir='ltr'>Alter</span> <span class='ocrx_word' id='word_1_82' title='bbox 446 433 508 469; x_wconf 84' lang='grc' dir='ltr'><strong>ΙΙΙ,</strong></span> <span class='ocrx_word' id='word_1_83' title='bbox 532 443 554 462; x_wconf 90' lang='grc'>1.</span> <span class='ocrx_word' id='word_1_84' title='bbox 575 438 648 472; x_wconf 86' lang='lat' dir='ltr'>aput</span> <span class='ocrx_word' id='word_1_85' title='bbox 670 434 812 463; x_wconf 86' lang='lat' dir='ltr'>Schneid.</span> <span class='ocrx_word' id='word_1_86' title='bbox 832 445 874 463; x_wconf 73' lang='lat'>2:</span> <span class='ocrx_word' id='word_1_87' title='bbox 902 437 1080 473; x_wconf 74' lang='lat' dir='ltr'>Peripteros</span> <span class='ocrx_word' id='word_1_88' title='bbox 1107 432 1222 474; x_wconf 87' lang='lat' dir='ltr'>(aedes)</span> <span class='ocrx_word' id='word_1_89' title='bbox 1248 439 1354 462; x_wconf 81' lang='lat' dir='ltr'>autem</span> <span class='ocrx_word' id='word_1_90' title='bbox 1380 436 1455 469; x_wconf 79' lang='lat' dir='ltr'>erit,</span> <span class='ocrx_word' id='word_1_91' title='bbox 1489 445 1568 473; x_wconf 81' lang='lat' dir='ltr'>quae</span> <span class='ocrx_word' id='word_1_92' title='bbox 1594 433 1685 462; x_wconf 74' lang='lat' dir='ltr'>hahet</span> <span class='ocrx_word' id='word_1_93' title='bbox 1712 436 1747 463; x_wconf 84' lang='lat' dir='ltr'>in</span> <span class='ocrx_word' id='word_1_94' title='bbox 1763 433 1875 472; x_wconf 83' lang='lat' dir='ltr'>fronte</span> <span class='ocrx_word' id='word_1_95' title='bbox 1902 439 1931 462; x_wconf 85' lang='lat' dir='ltr'>et</span> 
     </span>
     <span class='ocr_line' id='line_1_8' title="bbox 54 480 1930 521; baseline -0.002 -9"><span class='ocrx_word' id='word_1_96' title='bbox 54 486 174 521; x_wconf 78' lang='lat' dir='ltr'>postico</span> <span class='ocrx_word' id='word_1_97' title='bbox 199 492 288 511; x_wconf 75' lang='lat' dir='ltr'>senas</span> <span class='ocrx_word' id='word_1_98' title='bbox 315 482 471 509; x_wconf 76' lang='lat' dir='ltr'>columnas</span> <span class='ocrx_word' id='word_1_99' title='bbox 490 495 528 502; x_wconf 86' lang='lat'>--</span> <span class='ocrx_word' id='word_1_100' title='bbox 546 480 719 520; x_wconf 73' lang='lat' dir='ltr'>habeatque</span> <span class='ocrx_word' id='word_1_101' title='bbox 745 482 986 511; x_wconf 74' lang='lat' dir='ltr'>ambulationem</span> <span class='ocrx_word' id='word_1_102' title='bbox 1012 485 1098 511; x_wconf 87' lang='lat' dir='ltr'>circa</span> <span class='ocrx_word' id='word_1_103' title='bbox 1124 482 1235 510; x_wconf 80' lang='lat' dir='ltr'>cellam</span> <span class='ocrx_word' id='word_1_104' title='bbox 1261 481 1362 515; x_wconf 79' lang='lat' dir='ltr'>aedis,</span> <span class='ocrx_word' id='word_1_105' title='bbox 1396 482 1650 519; x_wconf 75' lang='lat' dir='ltr'>quemadmodum</span> <span class='ocrx_word' id='word_1_106' title='bbox 1677 487 1721 509; x_wconf 80' lang='lat' dir='ltr'>est</span> <span class='ocrx_word' id='word_1_107' title='bbox 1748 483 1782 510; x_wconf 80' lang='lat' dir='ltr'>in</span> <span class='ocrx_word' id='word_1_108' title='bbox 1803 483 1930 519; x_wconf 72' lang='lat' dir='ltr'>porticu</span> 
     </span>
     <span class='ocr_line' id='line_1_9' title="bbox 61 527 1930 567; baseline -0.002 -8"><span class='ocrx_word' id='word_1_109' title='bbox 61 531 201 564; x_wconf 62' lang='lat' dir='ltr'>filetum,</span> <span class='ocrx_word' id='word_1_110' title='bbox 223 531 306 558; x_wconf 77' lang='lat' dir='ltr'>louis</span> <span class='ocrx_word' id='word_1_111' title='bbox 325 530 459 557; x_wconf 81' lang='lat' dir='ltr'>Statoris</span> <span class='ocrx_word' id='word_1_112' title='bbox 479 529 647 563; x_wconf 73' lang='lat' dir='ltr'>Hermodi,</span> <span class='ocrx_word' id='word_1_113' title='bbox 668 535 696 556; x_wconf 84' lang='lat' dir='ltr'>et</span> <span class='ocrx_word' id='word_1_114' title='bbox 716 531 760 558; x_wconf 64' lang='lat' dir='ltr'>ati</span> <span class='ocrx_word' id='word_1_115' title='bbox 777 531 933 559; x_wconf 63' lang='lat' dir='ltr'>Blariana</span> <span class='ocrx_word' id='word_1_116' title='bbox 952 531 1090 558; x_wconf 69' lang='lat' dir='ltr'>Honoris</span> <span class='ocrx_word' id='word_1_117' title='bbox 1110 535 1139 557; x_wconf 81' lang='lat' dir='ltr'>et</span> <span class='ocrx_word' id='word_1_118' title='bbox 1163 530 1298 557; x_wconf 73' lang='lat' dir='ltr'>Uirtutis</span> <span class='ocrx_word' id='word_1_119' title='bbox 1317 530 1382 556; x_wconf 73' lang='lat' dir='ltr'>sine</span> <span class='ocrx_word' id='word_1_120' title='bbox 1397 532 1516 566; x_wconf 80' lang='lat' dir='ltr'>postico</span> <span class='ocrx_word' id='word_1_121' title='bbox 1537 527 1644 567; x_wconf 79' lang='lat' dir='ltr'>(ostio)</span> <span class='ocrx_word' id='word_1_122' title='bbox 1665 539 1685 557; x_wconf 90' lang='lat' dir='ltr'>a</span> <span class='ocrx_word' id='word_1_123' title='bbox 1704 530 1812 557; x_wconf 68' lang='lat' dir='ltr'>Mucio</span> <span class='ocrx_word' id='word_1_124' title='bbox 1822 529 1930 565; x_wconf 79' lang='lat' dir='ltr'>sacta.</span> 
     </span>
     <span class='ocr_line' id='line_1_10' title="bbox 60 575 1930 615; baseline -0.002 -9"><span class='ocrx_word' id='word_1_125' title='bbox 60 578 123 606; x_wconf 87' lang='lat' dir='ltr'>Hic</span> <span class='ocrx_word' id='word_1_126' title='bbox 143 577 221 605; x_wconf 84' lang='lat' dir='ltr'>nihil</span> <span class='ocrx_word' id='word_1_127' title='bbox 242 577 319 605; x_wconf 87' lang='lat' dir='ltr'>aliut</span> <span class='ocrx_word' id='word_1_128' title='bbox 338 577 398 604; x_wconf 89' lang='lat' dir='ltr'>nisi</span> <span class='ocrx_word' id='word_1_129' title='bbox 419 576 609 615; x_wconf 84' lang='lat' dir='ltr'>praepositio</span> <span class='ocrx_word' id='word_1_130' title='bbox 630 576 783 612; x_wconf 80' lang='lat' dir='ltr'>tollenda,</span> <span class='ocrx_word' id='word_1_131' title='bbox 814 582 849 605; x_wconf 85' lang='lat' dir='ltr'>ut</span> <span class='ocrx_word' id='word_1_132' title='bbox 868 577 1006 605; x_wconf 89' lang='lat' dir='ltr'>Mariana</span> <span class='ocrx_word' id='word_1_133' title='bbox 1033 576 1171 615; x_wconf 88' lang='lat' dir='ltr'>porticus</span> <span class='ocrx_word' id='word_1_134' title='bbox 1201 575 1415 614; x_wconf 80' lang='lat' dir='ltr'>intellegatur,</span> <span class='ocrx_word' id='word_1_135' title='bbox 1445 586 1521 614; x_wconf 86' lang='lat' dir='ltr'>quae</span> <span class='ocrx_word' id='word_1_136' title='bbox 1548 586 1611 603; x_wconf 80' lang='lat' dir='ltr'>uox</span> <span class='ocrx_word' id='word_1_137' title='bbox 1636 575 1728 604; x_wconf 86' lang='lat' dir='ltr'>initio</span> <span class='ocrx_word' id='word_1_138' title='bbox 1755 575 1855 614; x_wconf 84' lang='lat' dir='ltr'>posita</span> <span class='ocrx_word' id='word_1_139' title='bbox 1875 581 1930 612; x_wconf 91' lang='lat' dir='ltr'>est,</span> 
     </span>
     <span class='ocr_line' id='line_1_11' title="bbox 61 623 1931 662; baseline -0.001 -8"><span class='ocrx_word' id='word_1_140' title='bbox 61 626 120 654; x_wconf 85' lang='lat' dir='ltr'>nisi</span> <span class='ocrx_word' id='word_1_141' title='bbox 141 625 236 654; x_wconf 86' lang='lat' dir='ltr'>mauis</span> <span class='ocrx_word' id='word_1_142' title='bbox 257 625 360 652; x_wconf 86' lang='lat' dir='ltr'>aedem</span> <span class='ocrx_word' id='word_1_143' title='bbox 382 624 579 662; x_wconf 75' lang='lat' dir='ltr'>intellegere,</span> <span class='ocrx_word' id='word_1_144' title='bbox 607 624 658 652; x_wconf 88' lang='lat' dir='ltr'>uel</span> <span class='ocrx_word' id='word_1_145' title='bbox 678 624 770 652; x_wconf 86' lang='lat' dir='ltr'>etiam</span> <span class='ocrx_word' id='word_1_146' title='bbox 790 625 834 652; x_wconf 84' lang='lat' dir='ltr'>ad</span> <span class='ocrx_word' id='word_1_147' title='bbox 851 624 883 652; x_wconf 90' lang='lat' dir='ltr'>in</span> <span class='ocrx_word' id='word_1_148' title='bbox 904 625 977 652; x_wconf 82' lang='lat' dir='ltr'>aede</span> <span class='ocrx_word' id='word_1_149' title='bbox 996 629 1189 652; x_wconf 84' lang='lat' dir='ltr'>conuertere.</span> <span class='ocrx_word' id='word_1_150' title='bbox 1228 624 1381 652; x_wconf 80' lang='lat' dir='ltr'>Hermodi</span> <span class='ocrx_word' id='word_1_151' title='bbox 1399 623 1563 652; x_wconf 82' lang='lat' dir='ltr'>architecti</span> <span class='ocrx_word' id='word_1_152' title='bbox 1582 633 1710 658; x_wconf 87' lang='lat' dir='ltr'>nomen,</span> <span class='ocrx_word' id='word_1_153' title='bbox 1738 624 1821 661; x_wconf 84' lang='lat' dir='ltr'>quod</span> <span class='ocrx_word' id='word_1_154' title='bbox 1840 624 1931 662; x_wconf 84' lang='lat' dir='ltr'>igno-</span> 
     </span>
     <span class='ocr_line' id='line_1_12' title="bbox 60 670 1930 709; baseline -0.001 -8"><span class='ocrx_word' id='word_1_155' title='bbox 60 673 142 702; x_wconf 83' lang='lat' dir='ltr'>rauit</span> <span class='ocrx_word' id='word_1_156' title='bbox 168 673 292 707; x_wconf 89' lang='lat' dir='ltr'>Iunius,</span> <span class='ocrx_word' id='word_1_157' title='bbox 324 672 491 700; x_wconf 85' lang='lat' dir='ltr'>Turnebus</span> <span class='ocrx_word' id='word_1_158' title='bbox 520 671 579 699; x_wconf 85' lang='lat' dir='ltr'>XI.</span> <span class='ocrx_word' id='word_1_159' title='bbox 606 671 737 699; x_wconf 81' lang='lat' dir='ltr'>Aduers.</span> <span class='ocrx_word' id='word_1_160' title='bbox 758 681 784 699; x_wconf 83' lang='lat'>2.</span> <span class='ocrx_word' id='word_1_161' title='bbox 810 676 907 699; x_wconf 84' lang='lat' dir='ltr'>mutat</span> <span class='ocrx_word' id='word_1_162' title='bbox 934 671 967 698; x_wconf 92' lang='lat' dir='ltr'>in</span> <span class='ocrx_word' id='word_1_163' title='bbox 993 672 1198 705; x_wconf 72' lang='lat' dir='ltr'>Hermodori,</span> <span class='ocrx_word' id='word_1_164' title='bbox 1232 681 1303 699; x_wconf 85' lang='lat' dir='ltr'>sane</span> <span class='ocrx_word' id='word_1_165' title='bbox 1331 670 1546 709; x_wconf 85' lang='lat' dir='ltr'>probabiliter.</span> <span class='ocrx_word' id='word_1_166' title='bbox 1585 670 1638 697; x_wconf 83' lang='lat' dir='ltr'>Set</span> <span class='ocrx_word' id='word_1_167' title='bbox 1664 670 1839 699; x_wconf 87' lang='lat' dir='ltr'>Piranesius</span> <span class='ocrx_word' id='word_1_168' title='bbox 1866 682 1930 700; x_wconf 91' lang='lat' dir='ltr'>non</span> 
     </span>
     <span class='ocr_line' id='line_1_13' title="bbox 60 717 1930 757; baseline -0.001 -8"><span class='ocrx_word' id='word_1_169' title='bbox 60 720 150 749; x_wconf 86' lang='lat' dir='ltr'>modo</span> <span class='ocrx_word' id='word_1_170' title='bbox 171 720 305 748; x_wconf 83' lang='lat' dir='ltr'>Rodium</span> <span class='ocrx_word' id='word_1_171' title='bbox 326 720 416 757; x_wconf 87' lang='lat' dir='ltr'>plane</span> <span class='ocrx_word' id='word_1_172' title='bbox 437 719 575 757; x_wconf 83' lang='lat' dir='ltr'>decepit,</span> <span class='ocrx_word' id='word_1_173' title='bbox 604 728 711 746; x_wconf 88' lang='lat' dir='ltr'>uerum</span> <span class='ocrx_word' id='word_1_174' title='bbox 739 718 830 746; x_wconf 85' lang='lat' dir='ltr'>etiam</span> <span class='ocrx_word' id='word_1_175' title='bbox 856 718 893 746; x_wconf 85' lang='lat' dir='ltr'>de</span> <span class='ocrx_word' id='word_1_176' title='bbox 912 718 1082 757; x_wconf 83' lang='lat' dir='ltr'>praestanti</span> <span class='ocrx_word' id='word_1_177' title='bbox 1103 719 1287 747; x_wconf 80' lang='lat' dir='ltr'>Schneideri</span> <span class='ocrx_word' id='word_1_178' title='bbox 1314 718 1477 754; x_wconf 83' lang='lat' dir='ltr'>memoria,</span> <span class='ocrx_word' id='word_1_179' title='bbox 1505 717 1677 746; x_wconf 85' lang='lat' dir='ltr'>admirabili</span> <span class='ocrx_word' id='word_1_180' title='bbox 1698 717 1839 747; x_wconf 82' lang='lat' dir='ltr'>doctrina</span> <span class='ocrx_word' id='word_1_181' title='bbox 1858 719 1930 756; x_wconf 87' lang='lat' dir='ltr'>uiri,</span> 
     </span>
     <span class='ocr_line' id='line_1_14' title="bbox 61 765 1930 805; baseline -0.001 -9"><span class='ocrx_word' id='word_1_182' title='bbox 61 768 243 797; x_wconf 85' lang='lat' dir='ltr'>Ciceronem</span> <span class='ocrx_word' id='word_1_183' title='bbox 264 767 414 803; x_wconf 79' lang='lat' dir='ltr'>excussit,</span> <span class='ocrx_word' id='word_1_184' title='bbox 442 766 494 804; x_wconf 88' lang='lat' dir='ltr'>qui</span> <span class='ocrx_word' id='word_1_185' title='bbox 515 766 656 795; x_wconf 81' lang='lat' dir='ltr'>Marcelli</span> <span class='ocrx_word' id='word_1_186' title='bbox 678 775 790 794; x_wconf 90' lang='lat' dir='ltr'>nomen</span> <span class='ocrx_word' id='word_1_187' title='bbox 811 766 843 794; x_wconf 90' lang='lat' dir='ltr'>in</span> <span class='ocrx_word' id='word_1_188' title='bbox 863 765 918 794; x_wconf 86' lang='lat' dir='ltr'>hac</span> <span class='ocrx_word' id='word_1_189' title='bbox 940 766 1120 794; x_wconf 86' lang='lat' dir='ltr'>coniectura</span> <span class='ocrx_word' id='word_1_190' title='bbox 1138 767 1293 805; x_wconf 82' lang='lat' dir='ltr'>posuerit:</span> <span class='ocrx_word' id='word_1_191' title='bbox 1320 766 1577 805; x_wconf 71' lang='lat' dir='ltr'>quemadmodum</span> <span class='ocrx_word' id='word_1_192' title='bbox 1597 770 1641 793; x_wconf 80' lang='lat' dir='ltr'>est</span> <span class='ocrx_word' id='word_1_193' title='bbox 1659 767 1693 793; x_wconf 81' lang='lat' dir='ltr'>in</span> <span class='ocrx_word' id='word_1_194' title='bbox 1708 767 1834 801; x_wconf 78' lang='lat' dir='ltr'>porticu</span> <span class='ocrx_word' id='word_1_195' title='bbox 1854 767 1930 795; x_wconf 70' lang='lat' dir='ltr'>flle-</span> 
     </span>
     <span class='ocr_line' id='line_1_15' title="bbox 60 811 1931 851; baseline -0.001 -7"><span class='ocrx_word' id='word_1_196' title='bbox 60 816 143 844; x_wconf 76' lang='lat' dir='ltr'>telli:</span> <span class='ocrx_word' id='word_1_197' title='bbox 169 815 346 843; x_wconf 78' lang='lat' dir='ltr'>huiusmodi</span> <span class='ocrx_word' id='word_1_198' title='bbox 372 820 400 842; x_wconf 77' lang='lat' dir='ltr'>et</span> <span class='ocrx_word' id='word_1_199' title='bbox 427 815 516 842; x_wconf 71' lang='lat' dir='ltr'>aedes</span> <span class='ocrx_word' id='word_1_200' title='bbox 539 814 673 841; x_wconf 78' lang='lat' dir='ltr'>Honoris</span> <span class='ocrx_word' id='word_1_201' title='bbox 698 819 726 842; x_wconf 82' lang='lat' dir='ltr'>et</span> <span class='ocrx_word' id='word_1_202' title='bbox 757 814 892 841; x_wconf 77' lang='lat' dir='ltr'>Uirtutis</span> <span class='ocrx_word' id='word_1_203' title='bbox 912 813 1061 841; x_wconf 68' lang='lat' dir='ltr'>illan-elli·</span> <span class='ocrx_word' id='word_1_204' title='bbox 1087 816 1153 842; x_wconf 76' lang='lat' dir='ltr'>sine</span> <span class='ocrx_word' id='word_1_205' title='bbox 1173 816 1301 851; x_wconf 73' lang='lat' dir='ltr'>porticu</span> <span class='ocrx_word' id='word_1_206' title='bbox 1328 825 1349 842; x_wconf 87' lang='lat' dir='ltr'>a</span> <span class='ocrx_word' id='word_1_207' title='bbox 1377 813 1481 843; x_wconf 69' lang='lat' dir='ltr'>Biucio</span> <span class='ocrx_word' id='word_1_208' title='bbox 1499 812 1623 851; x_wconf 79' lang='lat' dir='ltr'>sactae.</span> <span class='ocrx_word' id='word_1_209' title='bbox 1661 811 1753 848; x_wconf 86' lang='lat' dir='ltr'>Quod</span> <span class='ocrx_word' id='word_1_210' title='bbox 1780 815 1931 842; x_wconf 71' lang='lat' dir='ltr'>Hermocli</span> 
     </span>
     <span class='ocr_line' id='line_1_16' title="bbox 59 859 1929 901; baseline -0.001 -11"><span class='ocrx_word' id='word_1_211' title='bbox 59 872 172 891; x_wconf 85' lang='lat' dir='ltr'>nomen</span> <span class='ocrx_word' id='word_1_212' title='bbox 193 862 361 901; x_wconf 76' lang='lat' dir='ltr'>expunxit,</span> <span class='ocrx_word' id='word_1_213' title='bbox 396 867 427 890; x_wconf 87' lang='lat' dir='ltr'>et</span> <span class='ocrx_word' id='word_1_214' title='bbox 453 861 629 890; x_wconf 74' lang='lat' dir='ltr'>huiusmodi</span> <span class='ocrx_word' id='word_1_215' title='bbox 655 860 773 888; x_wconf 86' lang='lat' dir='ltr'>duobus</span> <span class='ocrx_word' id='word_1_216' title='bbox 802 869 840 888; x_wconf 79' lang='lat' dir='ltr'>ex</span> <span class='ocrx_word' id='word_1_217' title='bbox 860 859 949 887; x_wconf 91' lang='lat' dir='ltr'>libris</span> <span class='ocrx_word' id='word_1_218' title='bbox 969 860 1118 898; x_wconf 80' lang='lat' dir='ltr'>arripuit,</span> <span class='ocrx_word' id='word_1_219' title='bbox 1148 860 1223 888; x_wconf 87' lang='lat' dir='ltr'>Ioue</span> <span class='ocrx_word' id='word_1_220' title='bbox 1243 871 1364 899; x_wconf 88' lang='lat' dir='ltr'>quoque</span> <span class='ocrx_word' id='word_1_221' title='bbox 1385 862 1507 888; x_wconf 86' lang='lat' dir='ltr'>Statore</span> <span class='ocrx_word' id='word_1_222' title='bbox 1527 859 1664 895; x_wconf 87' lang='lat' dir='ltr'>sublato,</span> <span class='ocrx_word' id='word_1_223' title='bbox 1692 869 1781 897; x_wconf 87' lang='lat' dir='ltr'>quem</span> <span class='ocrx_word' id='word_1_224' title='bbox 1801 861 1848 888; x_wconf 91' lang='lat' dir='ltr'>illi</span> <span class='ocrx_word' id='word_1_225' title='bbox 1869 861 1929 899; x_wconf 83' lang='lat' dir='ltr'>ipsi</span> 
     </span>
     <span class='ocr_line' id='line_1_17' title="bbox 58 906 1930 947; baseline -0.001 -9"><span class='ocrx_word' id='word_1_226' title='bbox 58 910 133 938; x_wconf 87' lang='lat' dir='ltr'>libri</span> <span class='ocrx_word' id='word_1_227' title='bbox 154 910 304 945; x_wconf 79' lang='lat' dir='ltr'>retinent,</span> <span class='ocrx_word' id='word_1_228' title='bbox 324 910 403 938; x_wconf 84' lang='lat' dir='ltr'>nihil</span> <span class='ocrx_word' id='word_1_229' title='bbox 423 910 455 938; x_wconf 87' lang='lat' dir='ltr'>id</span> <span class='ocrx_word' id='word_1_230' title='bbox 475 920 541 937; x_wconf 88' lang='lat' dir='ltr'>mea</span> <span class='ocrx_word' id='word_1_231' title='bbox 560 918 641 937; x_wconf 89' lang='lat' dir='ltr'>nunc</span> <span class='ocrx_word' id='word_1_232' title='bbox 660 907 799 935; x_wconf 77' lang='lat' dir='ltr'>interest.</span> <span class='ocrx_word' id='word_1_233' title='bbox 839 907 893 935; x_wconf 86' lang='lat' dir='ltr'>Set</span> <span class='ocrx_word' id='word_1_234' title='bbox 912 906 993 945; x_wconf 89' lang='lat' dir='ltr'>qnod</span> <span class='ocrx_word' id='word_1_235' title='bbox 1014 909 1080 935; x_wconf 80' lang='lat' dir='ltr'>sine</span> <span class='ocrx_word' id='word_1_236' title='bbox 1094 910 1220 945; x_wconf 74' lang='lat' dir='ltr'>porticu</span> <span class='ocrx_word' id='word_1_237' title='bbox 1240 909 1365 945; x_wconf 86' lang='lat' dir='ltr'>maluit,</span> <span class='ocrx_word' id='word_1_238' title='bbox 1391 919 1479 947; x_wconf 83' lang='lat' dir='ltr'>quam</span> <span class='ocrx_word' id='word_1_239' title='bbox 1499 909 1565 936; x_wconf 81' lang='lat' dir='ltr'>sine</span> <span class='ocrx_word' id='word_1_240' title='bbox 1580 909 1715 945; x_wconf 71' lang='lat' dir='ltr'>postico,</span> <span class='ocrx_word' id='word_1_241' title='bbox 1743 907 1930 938; x_wconf 85' lang='lat' dir='ltr'>Uitruuiana</span> 
     </span>
     <span class='ocr_line' id='line_1_18' title="bbox 59 955 1930 996; baseline -0.001 -10"><span class='ocrx_word' id='word_1_242' title='bbox 59 957 227 996; x_wconf 86' lang='lat' dir='ltr'>descriptio</span> <span class='ocrx_word' id='word_1_243' title='bbox 243 958 324 986; x_wconf 84' lang='lat' dir='ltr'>aedis</span> <span class='ocrx_word' id='word_1_244' title='bbox 342 958 525 996; x_wconf 88' lang='lat' dir='ltr'>peripterac‚</span> <span class='ocrx_word' id='word_1_245' title='bbox 540 957 565 985; x_wconf 88' lang='lat' dir='ltr'>si</span> <span class='ocrx_word' id='word_1_246' title='bbox 582 961 665 985; x_wconf 83' lang='lat' dir='ltr'>recte</span> <span class='ocrx_word' id='word_1_247' title='bbox 681 955 838 992; x_wconf 78' lang='lat' dir='ltr'>intellego,</span> <span class='ocrx_word' id='word_1_248' title='bbox 853 959 958 993; x_wconf 88' lang='lat' dir='ltr'>ape-rte</span> <span class='ocrx_word' id='word_1_249' title='bbox 973 959 1132 992; x_wconf 82' lang='lat' dir='ltr'>repugnat.</span> <span class='ocrx_word' id='word_1_250' title='bbox 1153 955 1402 993; x_wconf 78' lang='lat' dir='ltr'>Deniquesacta</span> <span class='ocrx_word' id='word_1_251' title='bbox 1418 956 1450 983; x_wconf 91' lang='lat' dir='ltr'>in</span> <span class='ocrx_word' id='word_1_252' title='bbox 1461 955 1604 984; x_wconf 81' lang='lat' dir='ltr'>Marcelli</span> <span class='ocrx_word' id='word_1_253' title='bbox 1619 961 1818 984; x_wconf 89' lang='lat' dir='ltr'>monumento</span> <span class='ocrx_word' id='word_1_254' title='bbox 1834 962 1930 992; x_wconf 85' lang='lat' dir='ltr'>recte,</span> 
     </span>
     <span class='ocr_line' id='line_1_19' title="bbox 59 1001 1927 1042; baseline 0.001 -11"><span class='ocrx_word' id='word_1_255' title='bbox 59 1004 93 1033; x_wconf 88' lang='lat' dir='ltr'>in</span> <span class='ocrx_word' id='word_1_256' title='bbox 112 1005 262 1041; x_wconf 81' lang='lat' dir='ltr'>Mariano,</span> <span class='ocrx_word' id='word_1_257' title='bbox 282 1006 367 1033; x_wconf 88' lang='lat' dir='ltr'>euius</span> <span class='ocrx_word' id='word_1_258' title='bbox 387 1005 465 1033; x_wconf 89' lang='lat' dir='ltr'>cella</span> <span class='ocrx_word' id='word_1_259' title='bbox 486 1009 550 1032; x_wconf 90' lang='lat' dir='ltr'>erat</span> <span class='ocrx_word' id='word_1_260' title='bbox 569 1014 638 1039; x_wconf 87' lang='lat' dir='ltr'>una,</span> <span class='ocrx_word' id='word_1_261' title='bbox 657 1001 829 1030; x_wconf 85' lang='lat' dir='ltr'>necessario</span> <span class='ocrx_word' id='word_1_262' title='bbox 850 1002 973 1030; x_wconf 84' lang='lat' dir='ltr'>dicitur.</span> <span class='ocrx_word' id='word_1_263' title='bbox 1001 1002 1104 1030; x_wconf 91' lang='lat' dir='ltr'>Locus</span> <span class='ocrx_word' id='word_1_264' title='bbox 1125 1007 1171 1030; x_wconf 79' lang='lat' dir='ltr'>est</span> <span class='ocrx_word' id='word_1_265' title='bbox 1191 1003 1269 1031; x_wconf 87' lang='lat' dir='ltr'>alter</span> <span class='ocrx_word' id='word_1_266' title='bbox 1289 1003 1322 1031; x_wconf 86' lang='lat' dir='ltr'>in</span> <span class='ocrx_word' id='word_1_267' title='bbox 1342 1003 1475 1042; x_wconf 86' lang='lat' dir='ltr'>septumi</span> <span class='ocrx_word' id='word_1_268' title='bbox 1496 1003 1568 1030; x_wconf 89' lang='lat' dir='ltr'>libri</span> <span class='ocrx_word' id='word_1_269' title='bbox 1594 1003 1752 1041; x_wconf 87' lang='lat' dir='ltr'>prooemio</span> <span class='ocrx_word' id='word_1_270' title='bbox 1773 1013 1802 1031; x_wconf 86' lang='lat' dir='ltr'>n.</span> <span class='ocrx_word' id='word_1_271' title='bbox 1827 1013 1868 1040; x_wconf 89' lang='lat'>17.</span> <span class='ocrx_word' id='word_1_272' title='bbox 1890 1004 1927 1032; x_wconf 85' lang='lat' dir='ltr'>de</span> 
     </span>
     <span class='ocr_line' id='line_1_20' title="bbox 62 1050 1929 1090; baseline -0.001 -9"><span class='ocrx_word' id='word_1_273' title='bbox 62 1052 96 1081; x_wconf 90' lang='lat' dir='ltr'>C.</span> <span class='ocrx_word' id='word_1_274' title='bbox 117 1053 223 1081; x_wconf 87' lang='lat' dir='ltr'>Mucio</span> <span class='ocrx_word' id='word_1_275' title='bbox 243 1053 429 1088; x_wconf 82' lang='lat' dir='ltr'>architecto,</span> <span class='ocrx_word' id='word_1_276' title='bbox 457 1054 511 1090; x_wconf 83' lang='lat' dir='ltr'>qui</span> <span class='ocrx_word' id='word_1_277' title='bbox 530 1062 644 1089; x_wconf 77' lang='lat' dir='ltr'>magna</span> <span class='ocrx_word' id='word_1_278' title='bbox 664 1051 795 1078; x_wconf 79' lang='lat' dir='ltr'>scientia</span> <span class='ocrx_word' id='word_1_279' title='bbox 815 1050 949 1085; x_wconf 78' lang='lat' dir='ltr'>confisus</span> <span class='ocrx_word' id='word_1_280' title='bbox 969 1050 1059 1078; x_wconf 75' lang='lat' dir='ltr'>aedes</span> <span class='ocrx_word' id='word_1_281' title='bbox 1079 1051 1217 1078; x_wconf 80' lang='lat' dir='ltr'>Honoris</span> <span class='ocrx_word' id='word_1_282' title='bbox 1237 1057 1266 1079; x_wconf 84' lang='lat' dir='ltr'>et</span> <span class='ocrx_word' id='word_1_283' title='bbox 1291 1053 1426 1080; x_wconf 79' lang='lat' dir='ltr'>Uirtutis</span> <span class='ocrx_word' id='word_1_284' title='bbox 1446 1052 1617 1079; x_wconf 69' lang='lat' dir='ltr'>fllarianae</span> <span class='ocrx_word' id='word_1_285' title='bbox 1637 1052 1748 1087; x_wconf 80' lang='lat' dir='ltr'>cellae,</span> <span class='ocrx_word' id='word_1_286' title='bbox 1768 1052 1929 1080; x_wconf 73' lang='lat' dir='ltr'>columna-</span> 
     </span>
     <span class='ocr_line' id='line_1_21' title="bbox 60 1097 1928 1139; baseline 0 -11"><span class='ocrx_word' id='word_1_287' title='bbox 60 1110 187 1137; x_wconf 79' lang='lat' dir='ltr'>rumque</span> <span class='ocrx_word' id='word_1_288' title='bbox 207 1099 364 1139; x_wconf 83' lang='lat' dir='ltr'>(externae</span> <span class='ocrx_word' id='word_1_289' title='bbox 383 1097 534 1138; x_wconf 89' lang='lat' dir='ltr'>porticus)</span> <span class='ocrx_word' id='word_1_290' title='bbox 555 1104 583 1126; x_wconf 84' lang='lat' dir='ltr'>et</span> <span class='ocrx_word' id='word_1_291' title='bbox 603 1098 814 1136; x_wconf 80' lang='lat' dir='ltr'>epistyliorum</span> <span class='ocrx_word' id='word_1_292' title='bbox 832 1099 1025 1135; x_wconf 73' lang='lat' dir='ltr'>symmetrias</span> <span class='ocrx_word' id='word_1_293' title='bbox 1045 1099 1200 1136; x_wconf 75' lang='lat' dir='ltr'>legitumis</span> <span class='ocrx_word' id='word_1_294' title='bbox 1217 1101 1298 1127; x_wconf 73' lang='lat' dir='ltr'>artis</span> <span class='ocrx_word' id='word_1_295' title='bbox 1313 1100 1469 1127; x_wconf 82' lang='lat' dir='ltr'>institutis</span> <span class='ocrx_word' id='word_1_296' title='bbox 1483 1098 1628 1136; x_wconf 81' lang='lat' dir='ltr'>perfecit.</span> <span class='ocrx_word' id='word_1_297' title='bbox 1658 1098 1837 1135; x_wconf 77' lang='lat' dir='ltr'>Legendum</span> <span class='ocrx_word' id='word_1_298' title='bbox 1854 1109 1928 1136; x_wconf 84' lang='lat' dir='ltr'>esse,</span> 
     </span>
     <span class='ocr_line' id='line_1_22' title="bbox 60 1145 1869 1185; baseline -0.001 -9"><span class='ocrx_word' id='word_1_299' title='bbox 60 1148 145 1176; x_wconf 81' lang='lat' dir='ltr'>aedis</span> <span class='ocrx_word' id='word_1_300' title='bbox 165 1148 301 1176; x_wconf 82' lang='lat' dir='ltr'>Ilonoris</span> <span class='ocrx_word' id='word_1_301' title='bbox 321 1153 349 1177; x_wconf 75' lang='lat' dir='ltr'>et</span> <span class='ocrx_word' id='word_1_302' title='bbox 374 1149 509 1176; x_wconf 76' lang='lat' dir='ltr'>Uirtutis</span> <span class='ocrx_word' id='word_1_303' title='bbox 528 1147 699 1176; x_wconf 82' lang='lat' dir='ltr'>Marianae</span> <span class='ocrx_word' id='word_1_304' title='bbox 718 1145 843 1182; x_wconf 84' lang='lat' dir='ltr'>cellam,</span> <span class='ocrx_word' id='word_1_305' title='bbox 863 1149 924 1173; x_wconf 84' lang='lat' dir='ltr'>tam</span> <span class='ocrx_word' id='word_1_306' title='bbox 944 1150 991 1174; x_wconf 89' lang='lat' dir='ltr'>est</span> <span class='ocrx_word' id='word_1_307' title='bbox 1009 1146 1224 1185; x_wconf 80' lang='lat' dir='ltr'>perspicuum,</span> <span class='ocrx_word' id='word_1_308' title='bbox 1243 1151 1279 1175; x_wconf 87' lang='lat' dir='ltr'>ut</span> <span class='ocrx_word' id='word_1_309' title='bbox 1297 1157 1360 1175; x_wconf 90' lang='grc'><strong>11011</strong></span> <span class='ocrx_word' id='word_1_310' title='bbox 1380 1146 1422 1175; x_wconf 90' lang='lat' dir='ltr'>ita</span> <span class='ocrx_word' id='word_1_311' title='bbox 1442 1147 1501 1175; x_wconf 88' lang='lat' dir='ltr'>iam</span> <span class='ocrx_word' id='word_1_312' title='bbox 1521 1146 1637 1175; x_wconf 86' lang='lat' dir='ltr'>editum</span> <span class='ocrx_word' id='word_1_313' title='bbox 1658 1146 1746 1174; x_wconf 81' lang='lat' dir='ltr'>ualde</span> <span class='ocrx_word' id='word_1_314' title='bbox 1766 1146 1869 1175; x_wconf 87' lang='lat' dir='ltr'>mirer.</span> 
     </span>
    </p>
   </div>
   <div class='ocr_carea' id='block_1_3' title="bbox 956 1258 1030 1299">
    <p class='ocr_par' dir='ltr' id='par_1_3' title="bbox 956 1258 1030 1299">
     <span class='ocr_line' id='line_1_23' title="bbox 956 1258 1030 1299; baseline 0 -10"><span class='ocrx_word' id='word_1_315' title='bbox 956 1258 983 1299; x_wconf 64' lang='grc' dir='ltr'>ς.</span> <span class='ocrx_word' id='word_1_316' title='bbox 1004 1264 1030 1291; x_wconf 69' lang='grc'>1.</span> 
     </span>
    </p>
   </div>
   <div class='ocr_carea' id='block_1_4' title="bbox 58 1329 1928 2466">
    <p class='ocr_par' dir='ltr' id='par_1_4' title="bbox 58 1329 1928 2466">
     <span class='ocr_line' id='line_1_24' title="bbox 134 1329 1928 1371; baseline 0.001 -11"><span class='ocrx_word' id='word_1_317' title='bbox 134 1331 197 1361; x_wconf 83' lang='lat' dir='ltr'>Iam</span> <span class='ocrx_word' id='word_1_318' title='bbox 217 1331 281 1368; x_wconf 84' lang='lat' dir='ltr'>his,</span> <span class='ocrx_word' id='word_1_319' title='bbox 302 1336 336 1361; x_wconf 84' lang='lat' dir='ltr'>ut</span> <span class='ocrx_word' id='word_1_320' title='bbox 355 1331 472 1361; x_wconf 85' lang='lat' dir='ltr'>animus</span> <span class='ocrx_word' id='word_1_321' title='bbox 492 1331 626 1367; x_wconf 83' lang='lat' dir='ltr'>ferebat,</span> <span class='ocrx_word' id='word_1_322' title='bbox 654 1330 805 1370; x_wconf 83' lang='lat' dir='ltr'>expositis</span> <span class='ocrx_word' id='word_1_323' title='bbox 834 1329 871 1359; x_wconf 85' lang='lat' dir='ltr'>de</span> <span class='ocrx_word' id='word_1_324' title='bbox 890 1331 1040 1360; x_wconf 84' lang='lat' dir='ltr'>Marianis</span> <span class='ocrx_word' id='word_1_325' title='bbox 1067 1330 1324 1371; x_wconf 82' lang='lat' dir='ltr'>inscriptionibus</span> <span class='ocrx_word' id='word_1_326' title='bbox 1352 1330 1468 1370; x_wconf 85' lang='lat' dir='ltr'>aliquid</span> <span class='ocrx_word' id='word_1_327' title='bbox 1487 1329 1604 1366; x_wconf 85' lang='lat' dir='ltr'>habeo,</span> <span class='ocrx_word' id='word_1_328' title='bbox 1631 1330 1713 1368; x_wconf 85' lang='lat' dir='ltr'>quod</span> <span class='ocrx_word' id='word_1_329' title='bbox 1733 1331 1829 1360; x_wconf 82' lang='lat' dir='ltr'>dicam</span> <span class='ocrx_word' id='word_1_330' title='bbox 1851 1343 1928 1361; x_wconf 86' lang='lat' dir='ltr'>enu-</span> 
     </span>
     <span class='ocr_line' id='line_1_25' title="bbox 59 1378 1927 1418; baseline 0.001 -10"><span class='ocrx_word' id='word_1_331' title='bbox 59 1379 204 1417; x_wconf 87' lang='lat' dir='ltr'>cleatius,</span> <span class='ocrx_word' id='word_1_332' title='bbox 230 1391 357 1418; x_wconf 84' lang='lat' dir='ltr'>quarum</span> <span class='ocrx_word' id='word_1_333' title='bbox 378 1380 552 1418; x_wconf 78' lang='lat' dir='ltr'>exemplum</span> <span class='ocrx_word' id='word_1_334' title='bbox 572 1379 693 1407; x_wconf 86' lang='lat' dir='ltr'>celebre</span> <span class='ocrx_word' id='word_1_335' title='bbox 714 1379 768 1407; x_wconf 76' lang='lat' dir='ltr'>uix</span> <span class='ocrx_word' id='word_1_336' title='bbox 788 1379 863 1407; x_wconf 86' lang='lat' dir='ltr'>olim</span> <span class='ocrx_word' id='word_1_337' title='bbox 883 1379 1055 1417; x_wconf 76' lang='lat' dir='ltr'>adtigimus.</span> <span class='ocrx_word' id='word_1_338' title='bbox 1094 1380 1170 1408; x_wconf 89' lang='lat' dir='ltr'>Illut</span> <span class='ocrx_word' id='word_1_339' title='bbox 1190 1390 1265 1408; x_wconf 83' lang='lat' dir='ltr'>uero</span> <span class='ocrx_word' id='word_1_340' title='bbox 1286 1390 1355 1407; x_wconf 87' lang='lat' dir='ltr'>cum</span> <span class='ocrx_word' id='word_1_341' title='bbox 1375 1379 1485 1407; x_wconf 85' lang='lat' dir='ltr'>ceteris</span> <span class='ocrx_word' id='word_1_342' title='bbox 1514 1378 1663 1406; x_wconf 84' lang='lat' dir='ltr'>eiusmodi</span> <span class='ocrx_word' id='word_1_343' title='bbox 1684 1380 1825 1408; x_wconf 88' lang='lat' dir='ltr'>omnibus</span> <span class='ocrx_word' id='word_1_344' title='bbox 1845 1381 1927 1409; x_wconf 87' lang='lat' dir='ltr'>Maf-</span> 
     </span>
     <span class='ocr_line' id='line_1_26' title="bbox 60 1426 1927 1466; baseline 0.001 -11"><span class='ocrx_word' id='word_1_345' title='bbox 60 1427 156 1456; x_wconf 78' lang='lat' dir='ltr'>seium</span> <span class='ocrx_word' id='word_1_346' title='bbox 184 1433 305 1457; x_wconf 83' lang='lat' dir='ltr'>secutus</span> <span class='ocrx_word' id='word_1_347' title='bbox 335 1427 542 1456; x_wconf 84' lang='lat' dir='ltr'>Ruhnkcnius</span> <span class='ocrx_word' id='word_1_348' title='bbox 569 1427 605 1455; x_wconf 82' lang='lat' dir='ltr'>ad</span> <span class='ocrx_word' id='word_1_349' title='bbox 633 1427 790 1455; x_wconf 81' lang='lat' dir='ltr'>Uelleium</span> <span class='ocrx_word' id='word_1_350' title='bbox 817 1426 866 1462; x_wconf 90' lang='lat' dir='ltr'>II,</span> <span class='ocrx_word' id='word_1_351' title='bbox 896 1437 937 1455; x_wconf 81' lang='lat'>12.</span> <span class='ocrx_word' id='word_1_352' title='bbox 965 1438 993 1465; x_wconf 89' lang='lat' dir='ltr'>p.</span> <span class='ocrx_word' id='word_1_353' title='bbox 1019 1437 1078 1465; x_wconf 83' lang='lat'>¹09·</span> <span class='ocrx_word' id='word_1_354' title='bbox 1115 1427 1363 1455; x_wconf 84' lang='lat' dir='ltr'>commenticium</span> <span class='ocrx_word' id='word_1_355' title='bbox 1392 1426 1602 1454; x_wconf 81' lang='lat' dir='ltr'>existumabat.</span> <span class='ocrx_word' id='word_1_356' title='bbox 1642 1426 1695 1454; x_wconf 85' lang='lat' dir='ltr'>Set</span> <span class='ocrx_word' id='word_1_357' title='bbox 1721 1433 1846 1466; x_wconf 87' lang='lat' dir='ltr'>optume</span> <span class='ocrx_word' id='word_1_358' title='bbox 1874 1429 1927 1456; x_wconf 86' lang='lat' dir='ltr'>illa</span> 
     </span>
     <span class='ocr_line' id='line_1_27' title="bbox 61 1474 1928 1514; baseline 0.001 -11"><span class='ocrx_word' id='word_1_359' title='bbox 61 1475 163 1504; x_wconf 90' lang='lat' dir='ltr'>omnia</span> <span class='ocrx_word' id='word_1_360' title='bbox 182 1476 302 1514; x_wconf 81' lang='lat' dir='ltr'>egregie</span> <span class='ocrx_word' id='word_1_361' title='bbox 322 1475 496 1514; x_wconf 85' lang='lat' dir='ltr'>conscripta</span> <span class='ocrx_word' id='word_1_362' title='bbox 516 1474 628 1512; x_wconf 80' lang='lat' dir='ltr'>ellogia</span> <span class='ocrx_word' id='word_1_363' title='bbox 647 1474 828 1504; x_wconf 88' lang='lat' dir='ltr'>Moreellius</span> <span class='ocrx_word' id='word_1_364' title='bbox 849 1479 953 1502; x_wconf 82' lang='lat' dir='ltr'>noster</span> <span class='ocrx_word' id='word_1_365' title='bbox 974 1474 1010 1502; x_wconf 88' lang='lat' dir='ltr'>de</span> <span class='ocrx_word' id='word_1_366' title='bbox 1031 1475 1102 1502; x_wconf 89' lang='lat' dir='ltr'>stilo</span> <span class='ocrx_word' id='word_1_367' title='bbox 1128 1474 1267 1513; x_wconf 78' lang='lat' dir='ltr'>inscript.</span> <span class='ocrx_word' id='word_1_368' title='bbox 1287 1485 1317 1513; x_wconf 89' lang='lat' dir='ltr'>p.</span> <span class='ocrx_word' id='word_1_369' title='bbox 1342 1475 1402 1502; x_wconf 87' lang='lat'>155.</span> <span class='ocrx_word' id='word_1_370' title='bbox 1422 1474 1506 1502; x_wconf 88' lang='lat' dir='ltr'>omni</span> <span class='ocrx_word' id='word_1_371' title='bbox 1525 1474 1637 1502; x_wconf 83' lang='lat' dir='ltr'>liberat</span> <span class='ocrx_word' id='word_1_372' title='bbox 1656 1475 1847 1513; x_wconf 86' lang='lat' dir='ltr'>suspicione,</span> <span class='ocrx_word' id='word_1_373' title='bbox 1869 1486 1928 1513; x_wconf 88' lang='lat' dir='ltr'>qua</span> 
     </span>
     <span class='ocr_line' id='line_1_28' title="bbox 60 1522 1927 1560; baseline 0.001 -11"><span class='ocrx_word' id='word_1_374' title='bbox 60 1526 175 1551; x_wconf 82' lang='lat' dir='ltr'>temere</span> <span class='ocrx_word' id='word_1_375' title='bbox 196 1523 423 1551; x_wconf 85' lang='lat' dir='ltr'>damnabantur.</span> <span class='ocrx_word' id='word_1_376' title='bbox 463 1522 542 1550; x_wconf 88' lang='lat' dir='ltr'>Nam</span> <span class='ocrx_word' id='word_1_377' title='bbox 569 1522 677 1550; x_wconf 84' lang='lat' dir='ltr'>statuis</span> <span class='ocrx_word' id='word_1_378' title='bbox 705 1523 845 1551; x_wconf 86' lang='lat' dir='ltr'>uirorum</span> <span class='ocrx_word' id='word_1_379' title='bbox 872 1522 1050 1550; x_wconf 87' lang='lat' dir='ltr'>inlustrium</span> <span class='ocrx_word' id='word_1_380' title='bbox 1069 1522 1226 1559; x_wconf 73' lang='lat' dir='ltr'>Augustus</span> <span class='ocrx_word' id='word_1_381' title='bbox 1254 1532 1288 1550; x_wconf 84' lang='lat' dir='ltr'>ea</span> <span class='ocrx_word' id='word_1_382' title='bbox 1314 1522 1347 1549; x_wconf 86' lang='lat' dir='ltr'>in</span> <span class='ocrx_word' id='word_1_383' title='bbox 1366 1522 1435 1550; x_wconf 87' lang='lat' dir='ltr'>foro</span> <span class='ocrx_word' id='word_1_384' title='bbox 1463 1533 1517 1550; x_wconf 89' lang='lat' dir='ltr'>suo</span> <span class='ocrx_word' id='word_1_385' title='bbox 1546 1523 1764 1550; x_wconf 85' lang='lat' dir='ltr'>subscribenda</span> <span class='ocrx_word' id='word_1_386' title='bbox 1791 1523 1927 1560; x_wconf 81' lang='lat' dir='ltr'>curauit3</span> 
     </span>
     <span class='ocr_line' id='line_1_29' title="bbox 61 1569 1928 1609; baseline 0.002 -13"><span class='ocrx_word' id='word_1_387' title='bbox 61 1569 229 1608; x_wconf 86' lang='lat' dir='ltr'>municipia</span> <span class='ocrx_word' id='word_1_388' title='bbox 249 1570 357 1598; x_wconf 85' lang='lat' dir='ltr'>deinde</span> <span class='ocrx_word' id='word_1_389' title='bbox 378 1570 483 1599; x_wconf 83' lang='lat' dir='ltr'>Italiae</span> <span class='ocrx_word' id='word_1_390' title='bbox 504 1570 763 1609; x_wconf 85' lang='lat' dir='ltr'>descriptionibus</span> <span class='ocrx_word' id='word_1_391' title='bbox 783 1570 1041 1609; x_wconf 67' lang='lat' dir='ltr'>multiplicarunt.</span> <span class='ocrx_word' id='word_1_392' title='bbox 1080 1570 1254 1599; x_wconf 79' lang='lat' dir='ltr'>Marianum</span> <span class='ocrx_word' id='word_1_393' title='bbox 1281 1569 1340 1598; x_wconf 89' lang='lat' dir='ltr'>hoc</span> <span class='ocrx_word' id='word_1_394' title='bbox 1359 1569 1467 1598; x_wconf 82' lang='lat' dir='ltr'>Arreti</span> <span class='ocrx_word' id='word_1_395' title='bbox 1488 1580 1609 1608; x_wconf 87' lang='lat' dir='ltr'>quoque</span> <span class='ocrx_word' id='word_1_396' title='bbox 1636 1575 1667 1598; x_wconf 87' lang='lat' dir='ltr'>et</span> <span class='ocrx_word' id='word_1_397' title='bbox 1684 1570 1819 1598; x_wconf 87' lang='lat' dir='ltr'>Arimini</span> <span class='ocrx_word' id='word_1_398' title='bbox 1839 1576 1928 1599; x_wconf 84' lang='lat' dir='ltr'>exta-</span> 
     </span>
     <span class='ocr_line' id='line_1_30' title="bbox 60 1616 1926 1656; baseline 0.002 -13"><span class='ocrx_word' id='word_1_399' title='bbox 60 1616 120 1644; x_wconf 88' lang='lat' dir='ltr'>bat.</span> <span class='ocrx_word' id='word_1_400' title='bbox 159 1616 274 1645; x_wconf 80' lang='lat' dir='ltr'>Romae</span> <span class='ocrx_word' id='word_1_401' title='bbox 294 1628 368 1646; x_wconf 90' lang='lat' dir='ltr'>uero</span> <span class='ocrx_word' id='word_1_402' title='bbox 389 1618 448 1646; x_wconf 88' lang='lat' dir='ltr'>duo</span> <span class='ocrx_word' id='word_1_403' title='bbox 469 1623 540 1646; x_wconf 89' lang='lat' dir='ltr'>sunt</span> <span class='ocrx_word' id='word_1_404' title='bbox 560 1618 686 1646; x_wconf 89' lang='lat' dir='ltr'>duarum</span> <span class='ocrx_word' id='word_1_405' title='bbox 706 1617 824 1645; x_wconf 85' lang='lat' dir='ltr'>basium</span> <span class='ocrx_word' id='word_1_406' title='bbox 844 1619 964 1656; x_wconf 84' lang='lat' dir='ltr'>prolata</span> <span class='ocrx_word' id='word_1_407' title='bbox 984 1619 1167 1656; x_wconf 79' lang='lat' dir='ltr'>fragmenta,</span> <span class='ocrx_word' id='word_1_408' title='bbox 1188 1629 1204 1646; x_wconf 91' lang='lat' dir='ltr'>e</span> <span class='ocrx_word' id='word_1_409' title='bbox 1224 1619 1292 1646; x_wconf 88' lang='lat' dir='ltr'>foro</span> <span class='ocrx_word' id='word_1_410' title='bbox 1314 1622 1414 1645; x_wconf 79' lang='lat' dir='ltr'>tamen</span> <span class='ocrx_word' id='word_1_411' title='bbox 1434 1618 1567 1655; x_wconf 78' lang='lat' dir='ltr'>Augusti</span> <span class='ocrx_word' id='word_1_412' title='bbox 1588 1623 1739 1646; x_wconf 87' lang='lat' dir='ltr'>nentrum.</span> <span class='ocrx_word' id='word_1_413' title='bbox 1769 1619 1825 1647; x_wconf 83' lang='lat' dir='ltr'>Est</span> <span class='ocrx_word' id='word_1_414' title='bbox 1845 1619 1926 1647; x_wconf 88' lang='lat' dir='ltr'>enim</span> 
     </span>
     <span class='ocr_line' id='line_1_31' title="bbox 58 1664 1926 1704; baseline 0.001 -12"><span class='ocrx_word' id='word_1_415' title='bbox 58 1664 191 1692; x_wconf 80' lang='lat' dir='ltr'>alterum</span> <span class='ocrx_word' id='word_1_416' title='bbox 211 1665 373 1702; x_wconf 82' lang='lat' dir='ltr'>grandibus</span> <span class='ocrx_word' id='word_1_417' title='bbox 393 1665 642 1703; x_wconf 78' lang='lat' dir='ltr'>elegantibusque</span> <span class='ocrx_word' id='word_1_418' title='bbox 663 1665 792 1700; x_wconf 84' lang='lat' dir='ltr'>litteris,</span> <span class='ocrx_word' id='word_1_419' title='bbox 826 1666 929 1703; x_wconf 88' lang='lat' dir='ltr'>quales</span> <span class='ocrx_word' id='word_1_420' title='bbox 951 1666 1077 1694; x_wconf 88' lang='lat' dir='ltr'>Traiani</span> <span class='ocrx_word' id='word_1_421' title='bbox 1105 1671 1244 1704; x_wconf 86' lang='lat' dir='ltr'>tempore</span> <span class='ocrx_word' id='word_1_422' title='bbox 1265 1664 1500 1701; x_wconf 87' lang='lat' dir='ltr'>incidebantur,</span> <span class='ocrx_word' id='word_1_423' title='bbox 1530 1672 1564 1694; x_wconf 90' lang='lat' dir='ltr'>ut</span> <span class='ocrx_word' id='word_1_424' title='bbox 1584 1667 1616 1694; x_wconf 91' lang='lat' dir='ltr'>in</span> <span class='ocrx_word' id='word_1_425' title='bbox 1636 1666 1727 1694; x_wconf 85' lang='lat' dir='ltr'>huius</span> <span class='ocrx_word' id='word_1_426' title='bbox 1748 1667 1816 1695; x_wconf 85' lang='lat' dir='ltr'>foro</span> <span class='ocrx_word' id='word_1_427' title='bbox 1837 1667 1926 1695; x_wconf 84' lang='lat' dir='ltr'>aliam</span> 
     </span>
     <span class='ocr_line' id='line_1_32' title="bbox 60 1710 1925 1752; baseline 0.002 -13"><span class='ocrx_word' id='word_1_428' title='bbox 60 1711 95 1740; x_wconf 86' lang='lat' dir='ltr'>C.</span> <span class='ocrx_word' id='word_1_429' title='bbox 115 1711 209 1740; x_wconf 87' lang='lat' dir='ltr'>Marii</span> <span class='ocrx_word' id='word_1_430' title='bbox 229 1717 356 1740; x_wconf 81' lang='lat' dir='ltr'>statuam</span> <span class='ocrx_word' id='word_1_431' title='bbox 377 1712 542 1741; x_wconf 83' lang='lat' dir='ltr'>dedicatam</span> <span class='ocrx_word' id='word_1_432' title='bbox 562 1710 656 1742; x_wconf 86' lang='lat' dir='ltr'>fuisse</span> <span class='ocrx_word' id='word_1_433' title='bbox 684 1713 843 1751; x_wconf 83' lang='lat' dir='ltr'>significet.</span> <span class='ocrx_word' id='word_1_434' title='bbox 883 1713 992 1752; x_wconf 85' lang='lat' dir='ltr'>Neque</span> <span class='ocrx_word' id='word_1_435' title='bbox 1020 1714 1101 1742; x_wconf 88' lang='lat' dir='ltr'>enim</span> <span class='ocrx_word' id='word_1_436' title='bbox 1122 1713 1261 1752; x_wconf 85' lang='lat' dir='ltr'>ampliari</span> <span class='ocrx_word' id='word_1_437' title='bbox 1282 1718 1443 1751; x_wconf 86' lang='lat' dir='ltr'>tantopere</span> <span class='ocrx_word' id='word_1_438' title='bbox 1464 1713 1495 1741; x_wconf 92' lang='lat' dir='ltr'>in</span> <span class='ocrx_word' id='word_1_439' title='bbox 1517 1714 1584 1752; x_wconf 87' lang='lat' dir='ltr'>ipso</span> <span class='ocrx_word' id='word_1_440' title='bbox 1605 1713 1736 1751; x_wconf 77' lang='lat' dir='ltr'>Augusti</span> <span class='ocrx_word' id='word_1_441' title='bbox 1756 1714 1824 1742; x_wconf 74' lang='lat' dir='ltr'>foro</span> <span class='ocrx_word' id='word_1_442' title='bbox 1845 1715 1925 1742; x_wconf 86' lang='lat' dir='ltr'>basis</span> 
     </span>
     <span class='ocr_line' id='line_1_33' title="bbox 58 1758 1925 1798; baseline 0.002 -12"><span class='ocrx_word' id='word_1_443' title='bbox 58 1758 162 1798; x_wconf 84' lang='lat' dir='ltr'>potuit</span> <span class='ocrx_word' id='word_1_444' title='bbox 182 1769 277 1796; x_wconf 89' lang='lat' dir='ltr'>noua,</span> <span class='ocrx_word' id='word_1_445' title='bbox 307 1770 375 1787; x_wconf 87' lang='lat' dir='ltr'>eum</span> <span class='ocrx_word' id='word_1_446' title='bbox 396 1765 523 1798; x_wconf 86' lang='lat' dir='ltr'>propter</span> <span class='ocrx_word' id='word_1_447' title='bbox 543 1766 708 1789; x_wconf 78' lang='lat' dir='ltr'>statuarum</span> <span class='ocrx_word' id='word_1_448' title='bbox 728 1761 974 1797; x_wconf 82' lang='lat' dir='ltr'>multitudinem,</span> <span class='ocrx_word' id='word_1_449' title='bbox 1007 1766 1042 1789; x_wconf 85' lang='lat' dir='ltr'>ut</span> <span class='ocrx_word' id='word_1_450' title='bbox 1069 1762 1228 1791; x_wconf 81' lang='lat' dir='ltr'>adnotauit</span> <span class='ocrx_word' id='word_1_451' title='bbox 1247 1762 1448 1797; x_wconf 78' lang='lat' dir='ltr'>Morcellius‚</span> <span class='ocrx_word' id='word_1_452' title='bbox 1481 1761 1572 1789; x_wconf 87' lang='lat' dir='ltr'>etiam</span> <span class='ocrx_word' id='word_1_453' title='bbox 1599 1762 1688 1789; x_wconf 84' lang='lat' dir='ltr'>binae</span> <span class='ocrx_word' id='word_1_454' title='bbox 1715 1771 1774 1789; x_wconf 87' lang='lat' dir='ltr'>nna</span> <span class='ocrx_word' id='word_1_455' title='bbox 1800 1762 1832 1789; x_wconf 90' lang='lat' dir='ltr'>in</span> <span class='ocrx_word' id='word_1_456' title='bbox 1860 1762 1925 1790; x_wconf 88' lang='lat' dir='ltr'>basi</span> 
     </span>
     <span class='ocr_line' id='line_1_34' title="bbox 58 1807 1925 1847; baseline 0.002 -13"><span class='ocrx_word' id='word_1_457' title='bbox 58 1807 263 1835; x_wconf 85' lang='lat' dir='ltr'>constiterint.</span> <span class='ocrx_word' id='word_1_458' title='bbox 305 1807 470 1835; x_wconf 80' lang='lat' dir='ltr'>Traianum</span> <span class='ocrx_word' id='word_1_459' title='bbox 497 1813 597 1836; x_wconf 88' lang='lat' dir='ltr'>autem</span> <span class='ocrx_word' id='word_1_460' title='bbox 625 1813 744 1836; x_wconf 86' lang='lat' dir='ltr'>ueteres</span> <span class='ocrx_word' id='word_1_461' title='bbox 773 1809 881 1836; x_wconf 86' lang='lat' dir='ltr'>titulos</span> <span class='ocrx_word' id='word_1_462' title='bbox 916 1809 1160 1847; x_wconf 77' lang='lat' dir='ltr'>diligentissume</span> <span class='ocrx_word' id='word_1_463' title='bbox 1187 1820 1399 1845; x_wconf 84' lang='lat' dir='ltr'>conseruasse,</span> <span class='ocrx_word' id='word_1_464' title='bbox 1432 1810 1482 1838; x_wconf 91' lang='lat' dir='ltr'>uel</span> <span class='ocrx_word' id='word_1_465' title='bbox 1511 1820 1569 1837; x_wconf 89' lang='lat' dir='ltr'>una</span> <span class='ocrx_word' id='word_1_466' title='bbox 1598 1808 1671 1837; x_wconf 88' lang='lat' dir='ltr'>haee</span> <span class='ocrx_word' id='word_1_467' title='bbox 1697 1809 1769 1836; x_wconf 86' lang='lat' dir='ltr'>satis</span> <span class='ocrx_word' id='word_1_468' title='bbox 1796 1814 1925 1838; x_wconf 85' lang='lat' dir='ltr'>testatur</span> 
     </span>
     <span class='ocr_line' id='line_1_35' title="bbox 60 1854 1923 1893; baseline 0.002 -11"><span class='ocrx_word' id='word_1_469' title='bbox 60 1854 224 1893; x_wconf 88' lang='lat' dir='ltr'>inscriptio</span> <span class='ocrx_word' id='word_1_470' title='bbox 247 1854 372 1882; x_wconf 86' lang='lat' dir='ltr'>Gruter.</span> <span class='ocrx_word' id='word_1_471' title='bbox 395 1855 491 1883; x_wconf 85' lang='lat' dir='ltr'>CXC.</span> <span class='ocrx_word' id='word_1_472' title='bbox 511 1856 555 1883; x_wconf 82' lang='lat'>4.:</span> <span class='ocrx_word' id='word_1_473' title='bbox 583 1857 626 1884; x_wconf 90' lang='lat' dir='ltr'>M.</span> <span class='ocrx_word' id='word_1_474' title='bbox 648 1856 933 1885; x_wconf 79' lang='lat' dir='ltr'>CALPURNIUS.</span> <span class='ocrx_word' id='word_1_475' title='bbox 954 1858 998 1886; x_wconf 88' lang='lat' dir='ltr'>M.</span> <span class='ocrx_word' id='word_1_476' title='bbox 1020 1858 1053 1886; x_wconf 83' lang='lat' dir='ltr'>F.</span> <span class='ocrx_word' id='word_1_477' title='bbox 1074 1858 1178 1886; x_wconf 72' lang='lat' dir='ltr'>PISO.</span> <span class='ocrx_word' id='word_1_478' title='bbox 1200 1857 1346 1886; x_wconf 80' lang='lat' dir='ltr'>FRUGI.</span> <span class='ocrx_word' id='word_1_479' title='bbox 1368 1858 1431 1885; x_wconf 84' lang='lat' dir='ltr'>PR.</span> <span class='ocrx_word' id='word_1_480' title='bbox 1451 1857 1522 1885; x_wconf 75' lang='lat' dir='ltr'>EX.</span> <span class='ocrx_word' id='word_1_481' title='bbox 1546 1859 1574 1885; x_wconf 75' lang='lat' dir='ltr'>S.</span> <span class='ocrx_word' id='word_1_482' title='bbox 1597 1858 1629 1884; x_wconf 90' lang='lat' dir='ltr'>C.</span> <span class='ocrx_word' id='word_1_483' title='bbox 1652 1857 1923 1886; x_wconf 82' lang='lat' dir='ltr'>FACIUNDUM.</span> 
     </span>
     <span class='ocr_line' id='line_1_36' title="bbox 60 1902 1922 1938; baseline 0.002 -7"><span class='ocrx_word' id='word_1_484' title='bbox 60 1902 265 1931; x_wconf 83' lang='lat' dir='ltr'>CURAUIT.</span> <span class='ocrx_word' id='word_1_485' title='bbox 286 1902 526 1938; x_wconf 81' lang='lat' dir='ltr'>EIDEMQUE.</span> <span class='ocrx_word' id='word_1_486' title='bbox 548 1904 778 1933; x_wconf 84' lang='lat' dir='ltr'>PROBAUIT.</span> <span class='ocrx_word' id='word_1_487' title='bbox 807 1904 890 1932; x_wconf 85' lang='lat' dir='ltr'>IMP.</span> <span class='ocrx_word' id='word_1_488' title='bbox 912 1904 1089 1933; x_wconf 84' lang='lat' dir='ltr'>CAESAR.</span> <span class='ocrx_word' id='word_1_489' title='bbox 1116 1905 1220 1933; x_wconf 87' lang='lat' dir='ltr'>DIUI.</span> <span class='ocrx_word' id='word_1_490' title='bbox 1242 1905 1432 1933; x_wconf 76' lang='lat' dir='ltr'>NERUAE.</span> <span class='ocrx_word' id='word_1_491' title='bbox 1454 1906 1486 1932; x_wconf 80' lang='grc' dir='ltr'>Γ.</span> <span class='ocrx_word' id='word_1_492' title='bbox 1508 1904 1668 1932; x_wconf 71' lang='lat' dir='ltr'>NERUA.</span> <span class='ocrx_word' id='word_1_493' title='bbox 1692 1905 1922 1934; x_wconf 81' lang='lat' dir='ltr'>TRAIANUS.</span> 
     </span>
     <span class='ocr_line' id='line_1_37' title="bbox 59 1949 1924 1990; baseline 0.002 -12"><span class='ocrx_word' id='word_1_494' title='bbox 59 1954 117 1978; x_wconf 88' lang='lat' dir='ltr'>etc.</span> <span class='ocrx_word' id='word_1_495' title='bbox 151 1949 372 1978; x_wconf 69' lang='lat' dir='ltr'>OPERIBUS.</span> <span class='ocrx_word' id='word_1_496' title='bbox 407 1950 652 1978; x_wconf 78' lang='lat' dir='ltr'>AMPLIATIS.</span> <span class='ocrx_word' id='word_1_497' title='bbox 687 1952 942 1981; x_wconf 78' lang='lat' dir='ltr'>RESTITUIT..</span> <span class='ocrx_word' id='word_1_498' title='bbox 988 1952 1202 1990; x_wconf 79' lang='lat' dir='ltr'>Fragmentum</span> <span class='ocrx_word' id='word_1_499' title='bbox 1237 1952 1296 1980; x_wconf 85' lang='lat' dir='ltr'>hoc</span> <span class='ocrx_word' id='word_1_500' title='bbox 1329 1953 1361 1980; x_wconf 91' lang='lat' dir='ltr'>in</span> <span class='ocrx_word' id='word_1_501' title='bbox 1395 1953 1520 1980; x_wconf 83' lang='lat' dir='ltr'>aedibus</span> <span class='ocrx_word' id='word_1_502' title='bbox 1548 1952 1700 1990; x_wconf 80' lang='lat' dir='ltr'>Pomponi</span> <span class='ocrx_word' id='word_1_503' title='bbox 1726 1952 1817 1980; x_wconf 84' lang='lat' dir='ltr'>Laeti</span> <span class='ocrx_word' id='word_1_504' title='bbox 1843 1953 1924 1982; x_wconf 85' lang='lat' dir='ltr'>uidit</span> 
     </span>
     <span class='ocr_line' id='line_1_38' title="bbox 59 1997 1921 2039; baseline 0.002 -14"><span class='ocrx_word' id='word_1_505' title='bbox 59 1997 207 2033; x_wconf 85' lang='lat' dir='ltr'>Smetius,</span> <span class='ocrx_word' id='word_1_506' title='bbox 234 2008 273 2025; x_wconf 77' lang='lat' dir='ltr'>ex</span> <span class='ocrx_word' id='word_1_507' title='bbox 300 2007 359 2035; x_wconf 85' lang='lat' dir='ltr'>quo</span> <span class='ocrx_word' id='word_1_508' title='bbox 382 1997 535 2026; x_wconf 86' lang='lat' dir='ltr'>Gruterus</span> <span class='ocrx_word' id='word_1_509' title='bbox 563 1999 660 2027; x_wconf 88' lang='lat' dir='ltr'>edidit</span> <span class='ocrx_word' id='word_1_510' title='bbox 686 2010 716 2037; x_wconf 88' lang='lat' dir='ltr'>p.</span> <span class='ocrx_word' id='word_1_511' title='bbox 737 2000 1006 2028; x_wconf 80' lang='lat' dir='ltr'>CCCCXXXVI.</span> <span class='ocrx_word' id='word_1_512' title='bbox 1026 2010 1069 2036; x_wconf 81' lang='lat'>2.,</span> <span class='ocrx_word' id='word_1_513' title='bbox 1097 2001 1133 2028; x_wconf 86' lang='lat' dir='ltr'>ad</span> <span class='ocrx_word' id='word_1_514' title='bbox 1154 2001 1298 2029; x_wconf 83' lang='lat' dir='ltr'>Fuluium</span> <span class='ocrx_word' id='word_1_515' title='bbox 1319 2000 1467 2028; x_wconf 62' lang='lat' dir='ltr'>[ssimum</span> <span class='ocrx_word' id='word_1_516' title='bbox 1494 2005 1601 2037; x_wconf 84' lang='lat' dir='ltr'>postca</span> <span class='ocrx_word' id='word_1_517' title='bbox 1630 1999 1827 2037; x_wconf 82' lang='lat' dir='ltr'>deniigraiiit,</span> <span class='ocrx_word' id='word_1_518' title='bbox 1854 2001 1921 2039; x_wconf 84' lang='lat' dir='ltr'>ipso</span> 
     </span>
     <span class='ocr_line' id='line_1_39' title="bbox 58 2045 1922 2086; baseline 0.002 -13"><span class='ocrx_word' id='word_1_519' title='bbox 58 2049 136 2073; x_wconf 78' lang='lat' dir='ltr'>teste</span> <span class='ocrx_word' id='word_1_520' title='bbox 155 2045 192 2073; x_wconf 89' lang='lat' dir='ltr'>ad</span> <span class='ocrx_word' id='word_1_521' title='bbox 213 2045 371 2073; x_wconf 88' lang='lat' dir='ltr'>Caesarem</span> <span class='ocrx_word' id='word_1_522' title='bbox 392 2046 430 2074; x_wconf 89' lang='lat' dir='ltr'>II.</span> <span class='ocrx_word' id='word_1_523' title='bbox 452 2046 527 2074; x_wconf 87' lang='lat' dir='ltr'>belli</span> <span class='ocrx_word' id='word_1_524' title='bbox 549 2046 628 2074; x_wconf 78' lang='lat' dir='ltr'>Gall.</span> <span class='ocrx_word' id='word_1_525' title='bbox 649 2047 675 2074; x_wconf 73' lang='lat' dir='ltr'>lk.</span> <span class='ocrx_word' id='word_1_526' title='bbox 697 2047 769 2075; x_wconf 82' lang='lat' dir='ltr'>edit.</span> <span class='ocrx_word' id='word_1_527' title='bbox 790 2047 1004 2084; x_wconf 76' lang='lat' dir='ltr'>Iungermanni</span> <span class='ocrx_word' id='word_1_528' title='bbox 1026 2049 1083 2076; x_wconf 90' lang='lat' dir='ltr'>eol.</span> <span class='ocrx_word' id='word_1_529' title='bbox 1103 2049 1176 2086; x_wconf 79' lang='lat'>467..</span> <span class='ocrx_word' id='word_1_530' title='bbox 1216 2049 1358 2077; x_wconf 80' lang='lat' dir='ltr'>Alterum</span> <span class='ocrx_word' id='word_1_531' title='bbox 1380 2058 1453 2075; x_wconf 85' lang='lat' dir='ltr'>uero</span> <span class='ocrx_word' id='word_1_532' title='bbox 1474 2047 1564 2085; x_wconf 79' lang='lat' dir='ltr'>longe</span> <span class='ocrx_word' id='word_1_533' title='bbox 1584 2047 1723 2085; x_wconf 87' lang='lat' dir='ltr'>plenius,</span> <span class='ocrx_word' id='word_1_534' title='bbox 1754 2053 1800 2075; x_wconf 92' lang='lat' dir='ltr'>set</span> <span class='ocrx_word' id='word_1_535' title='bbox 1819 2048 1922 2077; x_wconf 87' lang='lat' dir='ltr'>mino-</span> 
     </span>
     <span class='ocr_line' id='line_1_40' title="bbox 59 2091 1920 2134; baseline 0.003 -15"><span class='ocrx_word' id='word_1_536' title='bbox 59 2091 145 2120; x_wconf 85' lang='lat' dir='ltr'>ribus</span> <span class='ocrx_word' id='word_1_537' title='bbox 164 2091 293 2129; x_wconf 81' lang='lat' dir='ltr'>litteris,</span> <span class='ocrx_word' id='word_1_538' title='bbox 320 2093 402 2131; x_wconf 87' lang='lat' dir='ltr'>quod</span> <span class='ocrx_word' id='word_1_539' title='bbox 422 2093 514 2122; x_wconf 86' lang='lat' dir='ltr'>habet</span> <span class='ocrx_word' id='word_1_540' title='bbox 534 2104 573 2121; x_wconf 76' lang='lat' dir='ltr'>ex</span> <span class='ocrx_word' id='word_1_541' title='bbox 593 2094 753 2122; x_wconf 83' lang='lat' dir='ltr'>Mazochio</span> <span class='ocrx_word' id='word_1_542' title='bbox 776 2095 927 2123; x_wconf 87' lang='lat' dir='ltr'>Gruterus</span> <span class='ocrx_word' id='word_1_543' title='bbox 954 2095 1028 2123; x_wconf 86' lang='lat' dir='ltr'>ibid.</span> <span class='ocrx_word' id='word_1_544' title='bbox 1049 2106 1077 2124; x_wconf 85' lang='lat'>11.</span> <span class='ocrx_word' id='word_1_545' title='bbox 1098 2098 1143 2131; x_wconf 83' lang='lat'>3.‚</span> <span class='ocrx_word' id='word_1_546' title='bbox 1172 2106 1232 2124; x_wconf 88' lang='lat' dir='ltr'>non</span> <span class='ocrx_word' id='word_1_547' title='bbox 1255 2107 1292 2124; x_wconf 84' lang='lat' dir='ltr'>ex</span> <span class='ocrx_word' id='word_1_548' title='bbox 1312 2095 1469 2134; x_wconf 83' lang='lat' dir='ltr'>pluribus,</span> <span class='ocrx_word' id='word_1_549' title='bbox 1499 2100 1533 2123; x_wconf 88' lang='lat' dir='ltr'>nt</span> <span class='ocrx_word' id='word_1_550' title='bbox 1553 2095 1732 2130; x_wconf 85' lang='lat' dir='ltr'>adnotatur⁷</span> <span class='ocrx_word' id='word_1_551' title='bbox 1761 2096 1920 2133; x_wconf 85' lang='lat' dir='ltr'>particulis</span> 
     </span>
     <span class='ocr_line' id='line_1_41' title="bbox 61 2138 1921 2182; baseline 0.004 -16"><span class='ocrx_word' id='word_1_552' title='bbox 61 2138 114 2166; x_wconf 84' lang='lat' dir='ltr'>ille</span> <span class='ocrx_word' id='word_1_553' title='bbox 137 2141 312 2176; x_wconf 80' lang='lat' dir='ltr'>contexuit,</span> <span class='ocrx_word' id='word_1_554' title='bbox 332 2147 377 2170; x_wconf 87' lang='lat' dir='ltr'>set</span> <span class='ocrx_word' id='word_1_555' title='bbox 397 2142 450 2170; x_wconf 88' lang='lat' dir='ltr'>illa</span> <span class='ocrx_word' id='word_1_556' title='bbox 470 2142 535 2180; x_wconf 87' lang='lat' dir='ltr'>ipsa</span> <span class='ocrx_word' id='word_1_557' title='bbox 556 2146 601 2169; x_wconf 85' lang='lat' dir='ltr'>est</span> <span class='ocrx_word' id='word_1_558' title='bbox 620 2152 716 2180; x_wconf 86' lang='lat' dir='ltr'>paene</span> <span class='ocrx_word' id='word_1_559' title='bbox 737 2143 856 2179; x_wconf 73' lang='lat' dir='ltr'>integra</span> <span class='ocrx_word' id='word_1_560' title='bbox 879 2143 1052 2181; x_wconf 86' lang='lat' dir='ltr'>inscriptio,</span> <span class='ocrx_word' id='word_1_561' title='bbox 1073 2155 1161 2182; x_wconf 84' lang='lat' dir='ltr'>quam</span> <span class='ocrx_word' id='word_1_562' title='bbox 1182 2144 1213 2171; x_wconf 92' lang='lat' dir='ltr'>in</span> <span class='ocrx_word' id='word_1_563' title='bbox 1235 2144 1286 2171; x_wconf 82' lang='lat' dir='ltr'>uia</span> <span class='ocrx_word' id='word_1_564' title='bbox 1306 2142 1456 2170; x_wconf 80' lang='lat' dir='ltr'>Flaminia</span> <span class='ocrx_word' id='word_1_565' title='bbox 1476 2142 1558 2170; x_wconf 86' lang='lat' dir='ltr'>inter</span> <span class='ocrx_word' id='word_1_566' title='bbox 1577 2142 1709 2180; x_wconf 80' lang='lat' dir='ltr'>Augusti</span> <span class='ocrx_word' id='word_1_567' title='bbox 1728 2144 1921 2173; x_wconf 82' lang='lat' dir='ltr'>Mausoleum</span> 
     </span>
     <span class='ocr_line' id='line_1_42' title="bbox 63 2187 1921 2229; baseline 0.003 -16"><span class='ocrx_word' id='word_1_568' title='bbox 63 2190 93 2214; x_wconf 86' lang='lat' dir='ltr'>et</span> <span class='ocrx_word' id='word_1_569' title='bbox 118 2187 226 2215; x_wconf 89' lang='lat' dir='ltr'>collem</span> <span class='ocrx_word' id='word_1_570' title='bbox 252 2188 446 2218; x_wconf 88' lang='lat' dir='ltr'>hortulorum</span> <span class='ocrx_word' id='word_1_571' title='bbox 474 2189 630 2217; x_wconf 88' lang='lat' dir='ltr'>inuentam</span> <span class='ocrx_word' id='word_1_572' title='bbox 658 2199 697 2217; x_wconf 77' lang='lat' dir='ltr'>ex</span> <span class='ocrx_word' id='word_1_573' title='bbox 717 2190 828 2217; x_wconf 83' lang='lat' dir='ltr'>Fuluio</span> <span class='ocrx_word' id='word_1_574' title='bbox 858 2195 887 2217; x_wconf 89' lang='lat' dir='ltr'>et</span> <span class='ocrx_word' id='word_1_575' title='bbox 907 2191 1059 2219; x_wconf 67' lang='grc' dir='ltr'><strong>Μαι-1111110</strong></span> <span class='ocrx_word' id='word_1_576' title='bbox 1086 2192 1181 2219; x_wconf 81' lang='lat' dir='ltr'>refert</span> <span class='ocrx_word' id='word_1_577' title='bbox 1204 2191 1359 2219; x_wconf 80' lang='lat' dir='ltr'>Nardinus</span> <span class='ocrx_word' id='word_1_578' title='bbox 1386 2190 1441 2218; x_wconf 87' lang='lat' dir='ltr'>IV.</span> <span class='ocrx_word' id='word_1_579' title='bbox 1469 2190 1557 2218; x_wconf 85' lang='lat' dir='ltr'>Rom.</span> <span class='ocrx_word' id='word_1_580' title='bbox 1581 2191 1688 2228; x_wconf 84' lang='lat' dir='ltr'>Antiq.</span> <span class='ocrx_word' id='word_1_581' title='bbox 1721 2201 1771 2219; x_wconf 90' lang='lat'>10..</span> <span class='ocrx_word' id='word_1_582' title='bbox 1812 2192 1921 2229; x_wconf 81' lang='lat' dir='ltr'>Longe</span> 
     </span>
     <span class='ocr_line' id='line_1_43' title="bbox 62 2233 1921 2277; baseline 0.004 -17"><span class='ocrx_word' id='word_1_583' title='bbox 62 2233 145 2262; x_wconf 87' lang='lat' dir='ltr'>abest</span> <span class='ocrx_word' id='word_1_584' title='bbox 173 2235 244 2262; x_wconf 86' lang='lat' dir='ltr'>inde</span> <span class='ocrx_word' id='word_1_585' title='bbox 270 2236 369 2264; x_wconf 78' lang='lat' dir='ltr'>forum</span> <span class='ocrx_word' id='word_1_586' title='bbox 396 2238 544 2274; x_wconf 67' lang='lat' dir='ltr'>Augusti,</span> <span class='ocrx_word' id='word_1_587' title='bbox 572 2237 653 2276; x_wconf 86' lang='lat' dir='ltr'>quod</span> <span class='ocrx_word' id='word_1_588' title='bbox 673 2242 737 2265; x_wconf 83' lang='lat' dir='ltr'>erat</span> <span class='ocrx_word' id='word_1_589' title='bbox 758 2238 838 2265; x_wconf 83' lang='lat' dir='ltr'>inter</span> <span class='ocrx_word' id='word_1_590' title='bbox 859 2238 1030 2268; x_wconf 86' lang='lat' dir='ltr'>Romanum</span> <span class='ocrx_word' id='word_1_591' title='bbox 1052 2245 1139 2267; x_wconf 84' lang='lat' dir='ltr'>uetus</span> <span class='ocrx_word' id='word_1_592' title='bbox 1162 2244 1191 2266; x_wconf 90' lang='lat' dir='ltr'>et</span> <span class='ocrx_word' id='word_1_593' title='bbox 1211 2239 1334 2267; x_wconf 78' lang='lat' dir='ltr'>Neruae</span> <span class='ocrx_word' id='word_1_594' title='bbox 1354 2238 1525 2273; x_wconf 79' lang='lat' dir='ltr'>recentius,</span> <span class='ocrx_word' id='word_1_595' title='bbox 1553 2238 1612 2266; x_wconf 84' lang='lat' dir='ltr'>hoc</span> <span class='ocrx_word' id='word_1_596' title='bbox 1633 2244 1694 2274; x_wconf 86' lang='lat' dir='ltr'>est,</span> <span class='ocrx_word' id='word_1_597' title='bbox 1722 2239 1758 2266; x_wconf 91' lang='lat' dir='ltr'>ab</span> <span class='ocrx_word' id='word_1_598' title='bbox 1780 2249 1813 2267; x_wconf 87' lang='lat' dir='ltr'>ca</span> <span class='ocrx_word' id='word_1_599' title='bbox 1833 2245 1921 2277; x_wconf 82' lang='lat' dir='ltr'>parte</span> 
     </span>
     <span class='ocr_line' id='line_1_44' title="bbox 63 2280 1918 2321; baseline 0.003 -14"><span class='ocrx_word' id='word_1_600' title='bbox 63 2280 200 2309; x_wconf 79' lang='lat' dir='ltr'>Romano</span> <span class='ocrx_word' id='word_1_601' title='bbox 228 2281 397 2312; x_wconf 81' lang='lat' dir='ltr'>continens.</span> <span class='ocrx_word' id='word_1_602' title='bbox 438 2284 523 2320; x_wconf 81' lang='lat' dir='ltr'>Quid</span> <span class='ocrx_word' id='word_1_603' title='bbox 548 2294 619 2321; x_wconf 79' lang='lat' dir='ltr'>ergo</span> <span class='ocrx_word' id='word_1_604' title='bbox 646 2285 714 2312; x_wconf 79' lang='lat' dir='ltr'>cst?</span> <span class='ocrx_word' id='word_1_605' title='bbox 744 2295 811 2313; x_wconf 82' lang='lat' dir='ltr'>nam</span> <span class='ocrx_word' id='word_1_606' title='bbox 840 2285 876 2312; x_wconf 82' lang='lat' dir='ltr'>de</span> <span class='ocrx_word' id='word_1_607' title='bbox 905 2287 1093 2315; x_wconf 85' lang='lat' dir='ltr'>monumenti</span> <span class='ocrx_word' id='word_1_608' title='bbox 1115 2286 1248 2314; x_wconf 78' lang='lat' dir='ltr'>Mariani</span> <span class='ocrx_word' id='word_1_609' title='bbox 1277 2287 1345 2314; x_wconf 85' lang='lat' dir='ltr'>loco</span> <span class='ocrx_word' id='word_1_610' title='bbox 1368 2296 1429 2314; x_wconf 84' lang='lat' dir='ltr'>non</span> <span class='ocrx_word' id='word_1_611' title='bbox 1450 2291 1495 2314; x_wconf 91' lang='lat' dir='ltr'>est</span> <span class='ocrx_word' id='word_1_612' title='bbox 1515 2286 1730 2321; x_wconf 81' lang='lat' dir='ltr'>laborandum,</span> <span class='ocrx_word' id='word_1_613' title='bbox 1764 2296 1832 2313; x_wconf 87' lang='lat' dir='ltr'>cum</span> <span class='ocrx_word' id='word_1_614' title='bbox 1854 2286 1918 2313; x_wconf 83' lang='lat' dir='ltr'>eius</span> 
     </span>
     <span class='ocr_line' id='line_1_45' title="bbox 63 2329 1918 2371; baseline 0.003 -16"><span class='ocrx_word' id='word_1_615' title='bbox 63 2337 129 2355; x_wconf 85' lang='lat' dir='ltr'>esse</span> <span class='ocrx_word' id='word_1_616' title='bbox 146 2329 207 2357; x_wconf 86' lang='lat' dir='ltr'>loci</span> <span class='ocrx_word' id='word_1_617' title='bbox 227 2330 325 2359; x_wconf 86' lang='lat' dir='ltr'>uideri</span> <span class='ocrx_word' id='word_1_618' title='bbox 346 2333 435 2370; x_wconf 83' lang='lat' dir='ltr'>plane</span> <span class='ocrx_word' id='word_1_619' title='bbox 456 2332 618 2370; x_wconf 86' lang='lat' dir='ltr'>inscriptio</span> <span class='ocrx_word' id='word_1_620' title='bbox 639 2342 701 2361; x_wconf 80' lang='lat' dir='ltr'>non</span> <span class='ocrx_word' id='word_1_621' title='bbox 722 2333 827 2371; x_wconf 83' lang='lat' dir='ltr'>possit.</span> <span class='ocrx_word' id='word_1_622' title='bbox 868 2335 918 2362; x_wconf 77' lang='lat' dir='ltr'>Set</span> <span class='ocrx_word' id='word_1_623' title='bbox 940 2346 955 2362; x_wconf 92' lang='lat' dir='ltr'>a</span> <span class='ocrx_word' id='word_1_624' title='bbox 973 2335 1121 2363; x_wconf 79' lang='lat' dir='ltr'>Suetonio</span> <span class='ocrx_word' id='word_1_625' title='bbox 1143 2333 1218 2361; x_wconf 88' lang='lat' dir='ltr'>mihi</span> <span class='ocrx_word' id='word_1_626' title='bbox 1239 2334 1373 2362; x_wconf 86' lang='lat' dir='ltr'>tenebris</span> <span class='ocrx_word' id='word_1_627' title='bbox 1394 2334 1579 2362; x_wconf 80' lang='lat' dir='ltr'>circumfuso</span> <span class='ocrx_word' id='word_1_628' title='bbox 1601 2334 1656 2362; x_wconf 80' lang='lat' dir='ltr'>lux</span> <span class='ocrx_word' id='word_1_629' title='bbox 1676 2333 1797 2362; x_wconf 86' lang='lat' dir='ltr'>tandem</span> <span class='ocrx_word' id='word_1_630' title='bbox 1818 2333 1918 2361; x_wconf 84' lang='lat' dir='ltr'>adful—</span> 
     </span>
     <span class='ocr_line' id='line_1_46' title="bbox 62 2375 1919 2419; baseline 0.003 -18"><span class='ocrx_word' id='word_1_631' title='bbox 62 2380 120 2412; x_wconf 82' lang='lat' dir='ltr'>get.</span> <span class='ocrx_word' id='word_1_632' title='bbox 158 2375 186 2403; x_wconf 92' lang='lat' dir='ltr'>Is</span> <span class='ocrx_word' id='word_1_633' title='bbox 213 2378 246 2404; x_wconf 88' lang='lat' dir='ltr'>in</span> <span class='ocrx_word' id='word_1_634' title='bbox 266 2377 402 2415; x_wconf 79' lang='lat' dir='ltr'>Caligula</span> <span class='ocrx_word' id='word_1_635' title='bbox 428 2390 490 2418; x_wconf 86' lang='lat' dir='ltr'>cap.</span> <span class='ocrx_word' id='word_1_636' title='bbox 510 2380 670 2408; x_wconf 81' lang='lat' dir='ltr'>XXXIV.</span> <span class='ocrx_word' id='word_1_637' title='bbox 698 2388 836 2416; x_wconf 67' lang='lat' dir='ltr'>statum,</span> <span class='ocrx_word' id='word_1_638' title='bbox 863 2382 979 2419; x_wconf 82' lang='lat' dir='ltr'>inquit,</span> <span class='ocrx_word' id='word_1_639' title='bbox 1006 2385 1145 2411; x_wconf 81' lang='lat' dir='ltr'>uirorum</span> <span class='ocrx_word' id='word_1_640' title='bbox 1164 2384 1344 2411; x_wconf 79' lang='lat' dir='ltr'>inlustrium</span> <span class='ocrx_word' id='word_1_641' title='bbox 1364 2382 1402 2410; x_wconf 80' lang='lat' dir='ltr'>ab</span> <span class='ocrx_word' id='word_1_642' title='bbox 1422 2384 1564 2419; x_wconf 72' lang='lat' dir='ltr'>Angusto</span> <span class='ocrx_word' id='word_1_643' title='bbox 1591 2393 1628 2410; x_wconf 80' lang='lat' dir='ltr'>ex</span> <span class='ocrx_word' id='word_1_644' title='bbox 1648 2382 1824 2419; x_wconf 76' lang='lat' dir='ltr'>Capitolina</span> <span class='ocrx_word' id='word_1_645' title='bbox 1844 2390 1919 2407; x_wconf 77' lang='lat' dir='ltr'>area</span> 
     </span>
     <span class='ocr_line' id='line_1_47' title="bbox 58 2428 1918 2466; baseline 0.003 -16"><span class='ocrx_word' id='word_1_646' title='bbox 58 2428 187 2460; x_wconf 79' lang='lat' dir='ltr'>propter</span> <span class='ocrx_word' id='word_1_647' title='bbox 206 2428 366 2460; x_wconf 76' lang='lat' dir='ltr'>angustias</span> <span class='ocrx_word' id='word_1_648' title='bbox 385 2429 419 2454; x_wconf 79' lang='lat' dir='ltr'>in</span> <span class='ocrx_word' id='word_1_649' title='bbox 440 2428 590 2456; x_wconf 81' lang='lat' dir='ltr'>Martium</span> <span class='ocrx_word' id='word_1_650' title='bbox 610 2439 751 2466; x_wconf 83' lang='lat' dir='ltr'>campum</span> <span class='ocrx_word' id='word_1_651' title='bbox 776 2430 915 2457; x_wconf 71' lang='lat' dir='ltr'>conlatas</span> <span class='ocrx_word' id='word_1_652' title='bbox 942 2432 989 2458; x_wconf 84' lang='lat' dir='ltr'>ita</span> <span class='ocrx_word' id='word_1_653' title='bbox 1016 2430 1185 2466; x_wconf 75' lang='lat' dir='ltr'>subuertit,</span> <span class='ocrx_word' id='word_1_654' title='bbox 1213 2436 1248 2457; x_wconf 83' lang='lat' dir='ltr'>ut</span> <span class='ocrx_word' id='word_1_655' title='bbox 1273 2431 1397 2458; x_wconf 79' lang='lat' dir='ltr'>restitui</span> <span class='ocrx_word' id='word_1_656' title='bbox 1423 2431 1520 2458; x_wconf 81' lang='lat' dir='ltr'>saluis</span> <span class='ocrx_word' id='word_1_657' title='bbox 1547 2431 1647 2458; x_wconf 81' lang='lat' dir='ltr'>titulis</span> <span class='ocrx_word' id='word_1_658' title='bbox 1667 2439 1728 2456; x_wconf 80' lang='lat' dir='ltr'>non</span> <span class='ocrx_word' id='word_1_659' title='bbox 1749 2429 1918 2465; x_wconf 75' lang='lat' dir='ltr'>potuerint.</span> 
     </span>
    </p>
   </div>
  </div>
 </body>
</html>
