2264 2746
258 101 310 127 142⁷.
896 84 1469 116 COMMENTARIUS.

256 177 445 210 pronomen
477 172 515 198 m
545 176 611 197 non
641 163 699 195 ubi
727 173 816 193 nunc
846 167 956 199 extat,
991 167 1039 192 set
1069 160 1159 192 infra
1190 160 1237 191 sic
1258 160 1452 192 conlocatur
1479 160 1628 192 aedilem
1648 165 1688 192 tu
1708 158 1906 192 Plancium.
1948 159 2060 192 Etiam
2082 160 2118 192 in

257 218 357 251 Barb.
386 226 449 258 est,
464 219 606 263 factum.
636 227 706 248 esse
734 215 886 248 miraris,
929 215 1023 246 Haec
1045 213 1158 245 omnia
1185 213 1266 244 Bau.
1296 212 1451 255 inprimis
1478 220 1513 244 et
1534 213 1629 245 Oxx.
1659 216 1819 254 quattuor
1840 211 1972 253 egregie
1997 213 2120 246 confir..

257 278 362 304 mant.
406 274 522 305 Unum
546 276 591 301 est
615 269 650 300 111
672 268 754 298 Bau.
776 267 960 309 singulare,
1003 278 1068 308 quo
1101 273 1211 297 tamen
1238 265 1480 297 lubentissume
1508 266 1706 304 caruissem,
1741 265 1814 298 Aia
1837 265 2002 297 tandem?
2042 267 2120 299 Ma-

258 325 390 357 nutium
417 331 523 355 tamen
547 322 622 354 uide
644 321 686 353 ad
708 321 771 352 IX.
795 321 904 364 Epist.
929 332 999 352 20..
1044 321 1114 351 lam
1138 319 1240 361 igitur
1260 317 1379 349 falsam
1400 317 1466 348 loci
1488 319 1665 350 lectionem
1687 317 1902 360 proiciamus,
1928 329 2044 350 ueram
2065 330 2123 351 re·-

257 389 442 421 ponamus:
479 375 538 408 Aa
572 375 710 406 tandem
739 387 810 406 ιιηα
839 375 995 406 centuria
1021 373 1277 417 praerogatiua
1304 377 1440 403 tantum
1467 372 1567 404 habet
1589 372 1830 409 auctoritatis,
1864 377 1904 403 ut
1926 384 2022 403 nemo
2046 385 2122 404 um-

259 444 361 475 quam
378 430 478 473 prior
501 440 576 459 eam
599 427 739 465 tulerit,
763 428 845 470 quin
870 428 1090 459 renuntiatus
1111 427 1157 458 sit
1177 431 1240 457 aut
1263 425 1306 456 iis
1327 425 1413 468 ipsis
1436 425 1584 456 comitiis
1607 424 1745 462 consul,
1767 430 1831 455 aut
1852 430 1942 456 certe
1964 426 1999 456 in
2022 426 2124 457 illum

258 495 403 516 annum:
433 481 579 513 aedilem
601 486 640 512 tu
663 481 850 512 Plancium
863 480 1007 523 factum
1029 492 1099 512 esse
1121 478 1281 516 miraris,
1313 480 1424 510 etc..“
1467 478 1566 508 Hanc
1587 477 1807 520 scripturam,
1839 488 1939 519 quam
1962 477 2126 510 sententia

260 536 323 567 loci
354 533 509 576 requirit,
550 532 749 564 confirmant
776 533 875 563 etiam
905 532 962 574 qui
991 543 1053 575 per
1080 543 1135 562 1116
1164 530 1285 562 conlati
1315 535 1393 561 sunt
1421 530 1557 561 codices.
1601 531 1641 562 In
1670 530 1734 562 hoc
1763 541 1831 561 11110
1862 542 1930 562 11011
1958 531 2126 563 adsentior

261 587 460 626 Garatonio,
494 585 585 628 quod
606 586 632 618 B
660 591 692 616 et
713 586 741 617 E
765 585 984 628 scripturam,
1020 585 1092 617 Ain
1122 585 1272 621 taudem,
1305 582 1459 624 uolgatae
1480 582 1747 625 posthabendam
1772 582 1883 614 duxit.
1927 585 2126 627 Numquam

259 641 348 672 enim
378 641 434 672 Aa
466 639 604 670 tandem
635 650 673 670 eo
703 650 821 678 sensu,
862 650 928 681 quo
957 638 1016 671 An
1046 649 1128 670 uero
1156 647 1259 679 supra
1287 635 1324 666 C.
1356 634 1473 667 XVII.
1504 637 1534 678 §.
1560 636 1631 675 41„
1676 635 1718 666 ad
1750 647 1849 678 quem
1878 636 1901 668 1.
1931 636 2011 668 uide
2039 649 2126 679 quae

256 706 289 737 p.
321 694 390 725 126.
425 691 601 728 adnotaui,
625 691 760 723 Tullius
780 691 903 734 posuit,
927 697 1127 733 usurpatum
1153 688 1237 720 uidi.
1283 689 1409 720 Contra
1432 694 1644 731 optumumst
1664 689 1738 722 Aitz
1756 690 1905 728 tandem,
1936 689 2125 732 significans

256 748 328 778 fere
352 746 439 777 idem
463 744 553 787 quod
576 744 672 784 Quid
694 746 859 777 tandem?
903 743 973 776 Csr.
996 743 1036 774 ad
1058 742 1139 775 Diu.
1163 742 1235 781 IX,
1266 752 1316 774 21.
1355 740 1396 772 ad
1418 741 1489 774 Att.
1513 742 1581 781 VI,
1611 752 1641 773 2.
1678 741 1718 772 de
1740 741 1817 773 Fin.
1843 742 1914 782 IV,
1951 754 1987 781 1,
2020 754 2047 775 1.
2084 743 2127 774 de

254 801 359 841 Legg.
384 800 414 835 1,
448 809 504 837 20,
536 797 587 829 53.
623 797 674 836 ΙΙ,
709 809 763 836 10,
795 798 844 829 25.
881 798 946 835 ΙΙΙ,
979 798 1014 836 6,
1046 796 1094 829 14.
1132 795 1171 826 de
1193 796 1245 826 Re
1268 807 1302 838 p.
1326 795 1358 834 I,
1395 796 1443 826 15.
1482 801 1515 826 et
1537 794 1578 825 de
1598 794 1671 827 Ain
1695 799 1734 827 tu
1764 794 1805 826 de
1827 808 1876 826 or.
1900 795 1933 835 I,
1965 796 2023 835 56,
2056 797 2126 829 165.

255 853 352 883 Brut.
375 851 478 890 XLI,
505 851 573 882 152.
603 850 644 881 ad
669 850 743 882 Att.
766 850 836 889 IV,
860 851 890 882 5.
919 850 989 889 VI,
1017 861 1043 881 1.
1075 849 1128 887 X,
1153 848 1182 880 8.
1217 849 1305 886 ΧΠ,
1330 849 1360 880 6.
1397 847 1536 880 Tuscul.
1560 849 1614 887 V,
1645 858 1699 887 12,
1723 848 1775 879 55.
1804 848 1843 879 de
1865 848 1918 880 Re
1940 860 1974 892 p.
1997 850 2030 888 Ι,
2061 851 2127 882 15..

255 904 354 936 Falso
379 903 479 934 etiam
503 916 573 935 esse
596 902 800 934 Garatonius
824 914 886 945 pro
909 902 1056 945 genuino
1080 901 1209 933 habuit.
1255 900 1327 932 Cfr.
1352 901 1485 943 Proleg.
1508 902 1550 933 L.
1573 902 1616 932 ΙΙ.
1642 902 1679 932 C.
1703 901 1719 932 I
1746 902 1775 942 ξ.
1803 902 1851 933 16.
1873 912 1908 944 p.
1933 902 2046 933 LIII..

342 958 449 989 Cuius
479 957 515 988 in
539 957 665 988 honore
691 968 757 987 non
787 956 891 987 unius
914 955 1025 987 tribus
1053 966 1160 999 pars,
1202 959 1252 985 set
1275 956 1414 987 comitia
1436 961 1509 987 tota
1534 954 1682 986 comitiis
1702 953 1846 998 fuerint
1860 956 2129 999 praerogatiua)

255 1010 375 1043 Multis
400 1009 436 1041 in
462 1009 557 1041 libris
580 1015 629 1041 est
646 1015 874 1053 praerogata,
901 1007 991 1050 quod
1015 1007 1165 1049 regnauit
1189 1018 1295 1049 usque
1317 1007 1358 1038 ad
1383 1008 1582 1047 Graeuium,
1609 1014 1642 1039 et
1663 1019 1682 1039 a
1705 1014 1861 1049 quattuor
1884 1008 2022 1040 Oxonn.
2044 1008 2131 1041 reti-

254 1069 372 1101 netur,
406 1074 482 1094 cum
507 1062 540 1092 in
563 1061 629 1092 alio
654 1067 795 1103 utraque
818 1061 994 1093 coniuncta
1023 1060 1067 1092 sit
1091 1060 1211 1098 lectio,
1248 1071 1334 1091 unus
1358 1059 1458 1091 etiam
1484 1060 1601 1091 habeat
1623 1072 1725 1103 supra
1747 1074 1818 1093 una
1847 1063 2005 1094 centuria
2023 1074 2129 1106 prae-

257 1121 392 1159 rogata.
437 1115 477 1146 In
499 1114 615 1145 multis
640 1125 772 1156 quoque
786 1112 916 1156 fuerit,
940 1124 1049 1155 neque
1072 1113 1107 1144 111
1132 1113 1272 1145 Oxonn.
1299 1112 1409 1144 solum
1434 1119 1591 1155 quattuor
1612 1119 1646 1145 et
1668 1114 1703 1144 111
1717 1115 1846 1147 Aldina
1867 1115 2009 1157 aliisque
2034 1122 2130 1147 uete-

255 1169 366 1207 ribus,
394 1179 515 1198 uerum
538 1167 639 1198 etiam
662 1166 697 1197 in
721 1166 801 1208 ipsis
828 1166 976 1209 optumis
999 1166 1025 1197 B
1049 1171 1082 1197 et
1103 1165 1144 1197 E.
1189 1166 1451 1208 Praerogatiua
1473 1166 1598 1197 scilicet
1619 1167 1828 1198 substantiue
1850 1168 1958 1211 posita
1979 1168 2052 1199 uisa
2070 1175 2129 1209 est,

257 1220 348 1264 quod
375 1226 408 1252 et
433 1220 546 1262 ipsum
569 1218 691 1250 falsum
715 1224 778 1250 est:
819 1230 897 1250 nani
919 1224 957 1250 ut
980 1218 1137 1250 centuria
1153 1219 1410 1261 praerogatiua
1439 1218 1577 1259 dicitur,
1619 1219 1665 1251 ita
1688 1220 1787 1252 etiam
1810 1221 1950 1253 comitia.
1981 1220 2047 1251 dici
2068 1220 2130 1252 de-

257 1276 354 1312 bent;
390 1279 438 1309 et,
472 1273 499 1303 si
524 1282 683 1303 maxume
705 1283 825 1303 uerum
848 1278 949 1311 esset,
980 1277 1093 1302 tamen
1116 1272 1255 1303 comitia
1278 1270 1485 1312 flagitabant,
1515 1278 1553 1303 ut
1565 1270 1710 1315 ficerint
1735 1279 1942 1314 sequeretur.
1986 1275 2129 1306 Nullam

258 1339 340 1360 uero
366 1327 400 1358 in
423 1325 565 1357 lectione
587 1331 662 1355 ante
683 1336 718 1356 se
741 1325 934 1367 peruolgata
966 1336 1080 1356 sanam
1104 1335 1174 1355 esse
1196 1323 1393 1355 sententiam
1427 1329 1518 1355 recte
1542 1325 1710 1356 Graeuius
1738 1324 1911 1356 iudicauit.
1956 1325 1996 1357 Id
2019 1338 2131 1369 quon·-

257 1382 324 1413 iam
349 1386 506 1423 apertum
529 1383 595 1417 est,
630 1378 740 1420 piguit
763 1379 955 1421 explanare.
1000 1377 1049 1410 At
1071 1377 1112 1408 ab
1136 1377 1279 1408 Ernesto
1305 1383 1419 1419 postea
1442 1376 1684 1408 inconsiderate
1699 1384 1918 1421 praerogata
1943 1378 2130 1411 relatumst.

259 1433 344 1476 Quis
369 1432 459 1464 euim
482 1431 626 1471 dubitet,
669 1431 751 1473 quin
780 1431 957 1474 superiora
981 1429 1116 1461 comitia
1139 1429 1381 1471 posterioribus
1403 1429 1532 1461 fuerint
1553 1431 1774 1472 praerogata?
1819 1430 1918 1462 Nihil
1947 1438 1996 1464 est
2018 1439 2133 1464 autem

260 1491 459 1530 praerogata
484 1483 604 1524 fuisse,
643 1483 709 1515 nisi
733 1483 814 1525 quid
838 1483 873 1514 in
898 1482 1075 1514 Plancium
1098 1481 1301 1513 contulerint
1329 1482 1562 1525 intellegatur,
1600 1482 1688 1524 quod
1710 1482 1791 1514 facit
1819 1494 1863 1514 ex
1886 1495 1949 1516 usu
1971 1486 2133 1518 conmuni

258 1539 444 1577 adiectum,
485 1538 750 1581 praerogatiua.
794 1537 882 1568 Nam
916 1537 1056 1568 comitia
1078 1534 1334 1578 praerogatiua
1361 1547 1451 1567 noue
1480 1535 1616 1578 quidem
1643 1534 1802 1575 fortasse,
1843 1548 1962 1569 uerum
1993 1537 2032 1569 ad
2058 1550 2131 1570 rem

260 1599 335 1636 apte
357 1592 529 1629 dicuntur,
561 1602 644 1632 quae
668 1590 755 1621 idem
776 1589 1020 1633 praestiterint,
1052 1588 1142 1630 quod
1167 1599 1251 1630 quae
1273 1589 1384 1631 prima
1405 1589 1522 1620 sortito
1546 1594 1660 1630 rogata
1681 1589 1741 1629 sit,
1767 1590 1803 1621 in
1827 1590 1962 1623 tributis
1985 1591 2132 1624 comitiis

261 1646 380 1685 tribus,
415 1644 451 1675 in
473 1643 666 1675 centuriatis
691 1642 854 1682 centuria,
888 1654 988 1673 omen
1010 1648 1047 1673 ut
1070 1641 1239 1673 adferrent
1263 1641 1453 1684 pignusque
1477 1641 1745 1684 quodammodo,
1777 1643 1834 1685 qui
1856 1644 1952 1686 prior
1975 1655 2048 1675 eam
2073 1650 2131 1677 tu-

261 1699 353 1737 lerit,
377 1697 565 1729 candidato.
611 1697 775 1729 centuria
791 1696 1048 1739 praerogatiua
1071 1701 1120 1727 est
1141 1696 1270 1738 exigua
1287 1708 1374 1739 pars
1393 1696 1537 1740 populi,
1566 1696 1619 1727 cui
1638 1695 1788 1740 populus
1810 1697 1996 1729 uniuersas
2019 1709 2129 1740 oppo-

261 1751 370 1789 nitur3
404 1756 454 1782 est
476 1751 581 1782 unius
605 1749 715 1781 tribus
733 1761 839 1792 pars,
865 1749 919 1779 cui
941 1748 1046 1779 tribus
1071 1760 1203 1788 01111165,
1226 1748 1291 1780 hoc
1313 1755 1376 1787 est,
1401 1755 1473 1780 tota
1496 1749 1636 1780 comitia
1658 1755 1892 1791 opponuntur,
1924 1761 2009 1792 quae
2031 1750 2129 1781 unius

263 1803 432 1835 centuriae
454 1803 527 1835 loco
551 1803 691 1834 fuerunt
713 1801 849 1833 Plancio
874 1801 1119 1844 praerogatiua.
1165 1802 1213 1832 Ita
1235 1801 1385 1833 comitiis
1407 1801 1531 1832 addere
1554 1812 1688 1832 necesse
1709 1813 1779 1832 non
1802 1807 1861 1841 est,
1886 1813 1986 1844 quam
2009 1813 2128 1834 uocem

263 1856 339 1888 libri
363 1856 493 1898 optumi
521 1856 621 1897 [unus
648 1855 779 1887 Pithoe.
803 1855 888 1886 liber
912 1855 1048 1895 omittit]
1073 1853 1379 1896 praetermittentes
1406 1854 1472 1886 duo
1496 1860 1682 1896 suspectam
1707 1854 1856 1886 Graeuio
1882 1854 2044 1886 fecerunt.
2074 1855 2129 1886 Set

264 1915 352 1941 recte
371 1909 465 1940 addit
486 1909 531 1948 B,
565 1908 691 1951 aliique
715 1920 849 1947 omues,
887 1914 920 1939 et
941 1907 1062 1949 probat
1083 1907 1258 1939 Ernestus.
1303 1909 1392 1939 Nam
1423 1907 1569 1938 secunda
1592 1907 1725 1939 coniitia
1747 1907 1993 1950 perspicuitatis
2016 1918 2129 1939 caussa

265 1962 491 1993 nominantur.
539 1962 625 1993 Cum
648 1961 820 2004 prioribus
842 1961 989 2004 populus
1012 1960 1190 1993 uniuersus
1218 1960 1487 2004 praerogatiuam
1510 1960 1645 1992 Plancio
1677 1960 1805 1992 dederit
1833 1970 1910 1991 suae
1932 1959 2128 1999 uoluntatis,

265 2020 300 2045 ut
324 2014 439 2045 Cicero
463 2015 534 2056 ipse
555 2015 708 2056 loquitur
728 2015 754 2046 I.
778 2015 853 2046 Act.
876 2014 911 2045 in
934 2014 1035 2046 Uerr.
1060 2024 1108 2055 9.,
1140 2014 1291 2046 secundis
1313 2024 1382 2044 non
1406 2024 1443 2044 ea
1466 2013 1591 2052 tribus,
1623 2025 1707 2056 quae
1729 2013 1838 2055 prima
1861 2017 1972 2053 rogata
1995 2018 2055 2051 est,
2080 2018 2131 2044 set

266 2065 378 2110 priora
407 2067 546 2099 fuerunt
575 2067 709 2099 comitia
738 2068 796 2099 illa
824 2065 1068 2110 praerogatiua.
1104 2067 1363 2099 GARATONIUS.
1408 2067 1513 2098 Recte
1538 2068 1739 2099 Garatonius
1762 2065 1961 2107 scripturam
1985 2077 2130 2108 praero-

264 2124 352 2162 gata
373 2130 391 2148 a
412 2119 476 2150 loci
498 2122 659 2153 sententia
681 2121 931 2152 alienissumam
955 2129 1025 2150 esse
1048 2118 1178 2158 docuit3
1201 2131 1322 2151 uerum
1346 2130 1447 2161 quam
1469 2119 1541 2162 ipse
1562 2120 1785 2162 recipiendam
1807 2118 1905 2149 duxit
1928 2118 2131 2160 scripturam

265 2173 516 2216 praerogatiua
538 2185 613 2205 cum
636 2174 683 2205 ita
705 2174 861 2215 explicat,
886 2179 923 2204 ut
940 2174 1196 2216 praerogatiua
1217 2185 1279 2215 pro
1303 2172 1468 2203 adiectiuo
1491 2172 1619 2211 habeat,
1643 2172 1794 2203 minume
1815 2183 1833 2201 a
1851 2171 1983 2212 uolgata
2005 2170 2130 2202 differt.

267 2226 358 2257 Nam
387 2224 548 2257 adiectiuo
570 2228 841 2271 praerogatiuos
870 2226 1005 2258 nonnisi
1028 2226 1055 2258 is
1078 2226 1257 2269 significari
1284 2232 1410 2268 potest,
1450 2225 1508 2268 qui
1530 2225 1658 2267 primus
1681 2224 1836 2266 suffi‘agia
1861 2222 1935 2254 fert.
1979 2223 2030 2255 Ea
2056 2223 2131 2266 ipsa.

268 2283 380 2308 autem
404 2276 600 2318 significatio
626 2280 733 2311 aliena
755 2280 795 2311 ab
816 2280 879 2311 hoc
899 2281 1021 2319 locost,
1046 2279 1081 2310 in
1105 2291 1171 2322 quo
1194 2285 1333 2322 apparet
1354 2279 1418 2310 hoc
1441 2278 1560 2309 debere
1586 2277 1780 2308 Ciceronem
1805 2277 1928 2316 dicere,
1954 2275 1990 2307 iu
2012 2275 2128 2308 Planci

270 2330 398 2360 honore
433 2335 498 2360 tota
529 2331 662 2362 comitia
692 2333 866 2375 superiora
888 2332 1035 2365 faustum
1058 2344 1158 2364 omen
1180 2331 1422 2375 posterioribus
1447 2330 1589 2361 comitiis
1613 2329 1724 2361 fuisse.
1770 2331 1886 2372 Itaque
1907 2341 1976 2360 non
1999 2329 2127 2368 dubito,

271 2382 352 2423 quin
377 2383 626 2425 praerogatiua
654 2394 716 2426 pro
742 2386 948 2417 substantiuo
974 2385 1164 2417 habendum
1192 2384 1250 2423 sit,
1289 2390 1406 2425 atque,
1446 2389 1484 2414 ut
1512 2382 1547 2413 in
1577 2383 1646 2414 Cic.
1671 2383 1758 2426 Epp.
1789 2382 1829 2413 ad
1862 2381 1942 2414 Diu.
1972 2383 2060 2423 XV,
2094 2383 2125 2413 5.
