2264 2746
816 105 840 134 c
861 105 889 134 A
911 105 949 136 P.
989 105 1032 135 x.
1064 103 1092 146 ς.
1119 106 1163 138 24.
1185 112 1229 139 25.
1919 118 1955 144 95

77 182 242 223 Panegyr.
266 181 390 213 Iuliani
413 192 484 223 cap.
508 180 607 213 XVI.
632 180 720 221 Quis
744 181 897 224 ignorat,
922 187 995 213 tum
1019 195 1161 226 quoque,
1188 195 1266 214 cum
1289 183 1431 215 honores
1448 184 1574 228 populi
1595 184 1747 217 Romani
1771 186 1956 230 siff·ctgiis

76 233 354 273 mandabantur,
399 234 525 266 multos
544 232 663 276 fuisse
691 235 957 266 candidatorum
987 235 1143 266 labores?
1187 236 1386 268 Ii'cliscvncla
1413 238 1563 269 omnium
1593 238 1751 277 nomina,
1797 239 1955 271 tributim

75 298 187 318 omnes
210 293 313 330 atque
335 287 439 317 etiam
458 286 593 329 singuli
615 286 804 318 salutandi.
853 287 954 327 Quod
979 299 1039 330 ego
1059 288 1207 330 singulos
1231 289 1313 320 haut
1336 300 1468 330 rogasse
1491 290 1540 321 M.
1562 289 1716 321 Tullium
1740 290 1954 331 existumaui,

73 350 115 369 116
139 339 376 382 reprehendas.
422 338 597 370 Diss'erunt
628 338 719 369 enim
752 338 937 372 admodum
967 341 1223 372 candidatorum
1259 341 1430 384 prensatio
1463 348 1496 373 et
1527 342 1593 374 uiri
1623 343 1805 375 consularis
1839 343 1955 374 candi-

72 390 186 422 datum
212 392 398 422 commenda
416 392 466 423 ,113
491 390 683 421 01116111111.“

163 445 263 476 Ultro
286 462 328 467 —
350 443 489 487 rogaui)
536 443 879 476 Admirabiliter
909 447 1215 478 11661111111116111
1248 459 1290 479 se
1314 445 1426 477 feeit
1449 446 1489 477 111
1515 447 1759 489 praecibus,
1795 461 1866 480 nec
1892 455 1954 480 ta·-

70 509 161 528 men
189 497 425 539 plurimum
459 496 685 528 adiuuisse
718 504 906 531 testatus
938 506 1011 530 est.
1058 500 1126 531 Sic
1155 506 1196 530 et
1225 511 1303 541 pro
1332 510 1406 530 reo
1437 500 1543 531 satis
1574 512 1722 532 causae
1750 500 1874 542 facit,
1914 507 1955 532 et

71 549 305 592 dignitatis
329 561 430 581 suae
454 557 704 581 ornamenta
727 552 934 591 custodit,
961 553 1166 584 dicendo:
1201 563 1285 582 non
1310 551 1500 583 defuisse
1524 564 1697 594 praeces
1720 566 1828 594 suas,
1859 554 1953 597 qui-

69 602 144 634 bus
177 603 362 645 populus
393 602 639 633 uerecunde
669 603 908 635 obsecutus
940 606 1011 640 sit,
1053 606 1175 636 ultro
1205 616 1246 635 se
1278 605 1405 636 etiam
1429 604 1625 636 offerens
1648 608 1814 648 gratiae
1837 606 1953 638 refe-

68 655 230 686 rendae
255 655 306 686 ad
331 667 421 686 611111
445 655 745 698 promtissime
776 656 1108 699 designandum,
1148 656 1214 687 cui
1238 656 1309 687 uir
1337 663 1421 688 tam
1448 658 1555 688 116116
1580 658 1627 688 de
1650 671 1692 690 re
1716 672 1748 703 p.
1772 660 1952 691 meritus

68 706 403 750 suffragaretur.
450 709 611 739 ScuoLIA
634 708 893 740 AMBnosmxA.

152 761 181 802 ξ.
215 762 264 792 25.
311 762 388 794 ZVeo
422 763 453 794 si
488 762 545 792 uir
583 761 818 804 amplissimus
849 779 892 785 —
929 775 994 794 non
1028 761 1244 806 impetrauit)
1301 762 1586 805 Sagacissime
1621 763 1953 803 animaduertit,

69 812 168 855 quid
191 825 210 844 a
232 821 354 856 parte
379 814 559 845 diuersa
582 820 733 856 posset
756 815 939 856 opponi:
975 816 1068 846 Non
1091 814 1266 854 mirum,
1290 815 1327 845 si
1352 817 1467 847 nihil
1487 818 1511 857 ¹)
1537 827 1616 858 pro
1641 816 1817 847 Plancio
1845 818 1953 848 Tul-

68 865 150 897 lius
183 867 377 899 ualuisse
407 868 625 905 uideatur,
666 878 755 897 611111
785 879 859 909 pro
890 867 980 898 alio
1010 867 1092 898 sibi
1122 867 1488 899 coniunctissimo
1524 869 1756 900 candidato
1787 870 1853 900 uir
1875 883 1953 912 po-

67 920 347 952 tentissimus
372 921 484 952 nihil
508 919 800 962 promouerit,
833 931 924 950 cum
950 920 1022 950 illi
1048 920 1318 962 designando
1342 921 1549 952 studeret.
1596 921 1856 964 Significare
1878 935 1953 953 au-

68 978 150 1003 tem
182 973 452 1004 candidatum
484 971 666 1002 uidetur
691 972 733 1001 T.
758 972 978 1014 Ampium,
1014 972 1362 1015 suffragatorem
1384 985 1484 1005 uero
1512 975 1580 1005 Cn.
1605 974 1871 1017 Pompeium3
1906 975 1969 1007 (16,

69 1026 229 1068 quibus
261 1033 343 1057 tam
378 1037 419 1056 se
450 1037 570 1067 quam
603 1025 802 1066 Pompeio
839 1025 898 1056 sic
927 1025 1022 1056 111111
1054 1025 1191 1068 accipi
1221 1026 1399 1057 Tullius
1436 1027 1750 1069 suspicionem,
1791 1033 1835 1058 ut
1865 1027 1953 1070 ipse

68 1079 239 1121 quidem
270 1090 345 1121 pro
382 1077 565 1109 Plancio
596 1077 790 1109 ualuerit
820 1078 1142 1109 miserabiliter
1180 1085 1220 1110 et
1251 1078 1437 1111 demisse
1470 1080 1685 1123 petendo,
1726 1081 1952 1123 Pompeius

67 1144 149 1163 nou
182 1124 286 1162 item
314 1142 392 1173 pro
425 1130 525 1161 Tito
549 1129 728 1172 Ampio,
767 1130 923 1172 utique
946 1142 1022 1172 pro
1047 1132 1326 1163 sublimitate
1356 1134 1542 1165 nominis
1567 1139 1607 1164 et
1632 1133 1857 1176 potentiae
1880 1145 1952 1163 su·-

65 1184 243 1228 perbius
266 1184 342 1215 hoc
368 1182 450 1214 sibi
476 1189 579 1225 aput
602 1183 812 1225 populum
835 1182 1117 1225 uindicans2).
1149 1186 1310 1216 SCIIOLIA
1334 1186 1593 1218 AMBROSIANA.
1639 1187 1680 1217 T.
1704 1186 1850 1228 Ampius
1874 1186 1953 1217 Bal-

64 1238 126 1269 bus
157 1239 219 1269 Cn.
250 1236 413 1278 Pompeio
443 1236 747 1267 coniunctissumus
779 1242 869 1266 certe
904 1235 987 1271 suin
1020 1248 1121 1277 quem
1152 1238 1304 1270 Uelleius
1335 1239 1384 1276 H,
1417 1238 1468 1269 40.
1502 1238 1536 1269 in
1568 1239 1743 1269 tribunatu
1773 1239 1880 1280 legem
1912 1238 1952 1268 de

62 1290 228 1333 Pompeio
252 1289 368 1320 tulisse
390 1289 524 1328 scribit,
564 1295 604 1321 ut
630 1290 659 1320 is
683 1289 775 1320 ludis
799 1288 1015 1320 Circensibus
1047 1302 1173 1322 rorona
1203 1292 1324 1323 laurea
1360 1297 1393 1323 et
1423 1292 1515 1322 omni
1542 1292 1638 1324 cultu
1661 1292 1951 1335 triumphantium

66 1349 240 1383 uteretur,
263 1343 428 1374 scaenicis
451 1348 567 1375 stlitem
587 1347 772 1385 praetexta
796 1353 987 1384 coronaque
1010 1342 1151 1374 laurea.-
1176 1344 1233 1385 qui
1255 1343 1480 1386 Pompeianae
1503 1345 1591 1386 parti
1610 1350 1676 1375 tam
1700 1344 1859 1381 studiose,
1884 1350 1951 1374 tam

66 1402 259 1427 constanter
281 1394 449 1432 adhaesit,
490 1401 529 1426 ut
551 1395 591 1425 ab
615 1394 760 1425 inimicis
792 1394 872 1425 tuba
904 1394 985 1425 belli
1008 1395 1124 1426 ciuilis
1147 1396 1377 1438 appellaretur
1399 1398 1473 1438 (VI.
1498 1398 1606 1440 Epist.
1634 1397 1716 1440 12.),
1753 1402 1785 1426 et
1808 1408 1870 1438 pro
1894 1396 1952 1427 illa

66 1455 163 1492 parte
187 1449 322 1490 Capuae
350 1449 515 1480 dilectum
538 1447 815 1490 diligentissmne
838 1447 997 1479 habuerit
1023 1449 1132 1489 (VllI.
1157 1450 1198 1480 ad
1222 1450 1296 1482 Au.
1324 1452 1401 1491 11.);
1428 1450 1555 1493 Ephesi
1578 1450 1743 1492 deniqne,
1779 1449 1950 1491 inperium

66 1501 212 1539 habens,
253 1513 293 1532 ex
315 1500 408 1543 fano
431 1501 572 1532 Dianae
596 1501 764 1544 pecunius
794 1501 913 1531 tollere
936 1508 1078 1533 conatus
1102 1502 1164 1540 sit,
1203 1508 1240 1533 ut
1265 1503 1386 1534 Caesar
1407 1503 1467 1534 III.
1499 1503 1537 1533 B.
1562 1503 1637 1534 Ciu.
1670 1504 1738 1534 105.
1766 1501 1950 1532 memoriae

65 1554 236 1598 prodidit,
274 1553 316 1583 ad
340 1553 468 1584 bellum
490 1554 568 1584 illut
590 1553 716 1584 scilicet
740 1559 855 1583 contra
880 1553 1056 1584 Caesarem
1086 1555 1353 1586 sustentandum.
1398 1556 1562 1587 Exolauit
1584 1555 1719 1587 tandem
1743 1555 1850 1586 uictus
1874 1566 1950 1585 cum

67 1606 301 1649 Pompeianis3
336 1606 483 1637 reditum
507 1613 638 1645 tamen,
662 1606 848 1637 acrioribus
872 1617 889 1636 e
914 1606 1064 1637 Caesaris
1088 1607 1248 1638 comitatu
1270 1609 1553 1651 repugnantibus,
1583 1608 1721 1639 uictoris
1745 1607 1950 1649 benignitate

68 1658 265 1702 inpetrauit.
313 1659 390 1701 Quo
422 1659 557 1701 quidem
588 1667 742 1702 tempore
772 1658 882 1689 simile
911 1659 1071 1700 quiddam
1097 1660 1210 1691 extitit
1233 1661 1312 1692 huic
1336 1662 1507 1693 Ciceronis
1532 1673 1609 1703 erga
1632 1661 1805 1697 Plancium
1828 1660 1950 1692 suffra-

65 1712 203 1754 gationi.
249 1714 404 1755 Rogatio
428 1714 504 1755 ipsa
527 1725 675 1756 semper,
709 1711 839 1753 inquit,
875 1718 924 1743 est
947 1714 1236 1755 gratiosissumcz‚
1271 1727 1357 1757 qliae
1380 1721 1429 1746 est
1453 1715 1562 1759 officio
1585 1714 1848 1746 necessitudinis
1871 1725 1950 1744 eon-

68 1767 187 1798 iutzcta
217 1777 377 1796 maxume
398 1783 441 1787 —
464 1778 529 1797 uon
555 1766 715 1809 potentia
744 1777 837 1803 mea,
879 1771 930 1796 set
959 1778 1081 1798 csucssa
1112 1768 1305 1809 rogationis
1320 1766 1401 1810 fuit
1421 1768 1592 1811 gratiosa.
1638 1767 1685 1796 llil
1709 1765 1750 1796 de
1775 1766 1816 1795 Τ-
1841 1765 1947 1806 Ampi

67 1818 282 1850 restitutione
307 1819 368 1849 Yl.
394 1818 501 1859 Epist.
530 1829 576 1849 12.
609 1818 733 1849 Ualeut
754 1823 839 1861 aput
861 1818 1041 1851 Caesarem
1063 1831 1130 1850 non
1154 1825 1225 1851 tam
1247 1820 1449 1856 ccnzhiliossze
1473 1820 1686 1863 rogationes,
1710 1830 1812 1862 quam
1834 1830 1948 1849 neces-

68 1872 202 1903 sariae:
227 1883 329 1914 quam
353 1872 435 1914 quia
458 1870 591 1902 Cimber
613 1870 772 1909 habebat,
791 1871 875 1913 plus
898 1872 1025 1910 ualuit,
1050 1884 1152 1915 quum
1169 1884 1236 1915 pro
1262 1874 1333 1904 ullo
1356 1874 1425 1904 alio
1452 1874 1569 1904 ualere
1585 1872 1768 1915 potuisset.
1792 1871 1828 1902 C.
1842 1870 1948 1901 Pansa

68 1924 187 1968 gratia,
211 1930 249 1954 ut
268 1924 326 1953 ille
350 1923 405 1961 ait,
433 1929 465 1953 et
488 1922 686 1953 auctoritate
711 1929 792 1964 aput
817 1923 854 1953 C.
874 1923 1050 1954 Caesarem
1074 1925 1226 1962 11a1ebat;
1250 1926 1291 1957 L.
1309 1925 1432 1956 Tillius
1455 1924 1592 1956 Cimber
1615 1924 1686 1955 sola
1705 1924 1812 1955 ualuit
1834 1935 1947 1955 caussa

68 1975 269 2019 rogationis:
308 1975 426 2007 Cicero
457 1981 538 2017 aput
566 1975 731 2017 populum
764 1975 814 2006 his
845 1976 945 2007 rebus
975 1977 1131 2009 omnibus
1162 1978 1307 2009 ualuisse
1329 1976 1498 2019 putandus
1522 1983 1581 2008 est.
1625 1977 1733 2008 Porro
1763 1989 1804 2008 ex
1830 1977 1946 2008 eadem

69 2029 212 2072 epistula
234 2028 331 2060 bonis
354 2028 476 2059 litteris
500 2028 666 2070 Ampium
690 2027 839 2058 deditum
865 2027 967 2060 fuisse
991 2030 1232 2071 cognoscimus.
1278 2032 1400 2069 Quom,
1424 2029 1543 2071 inquit,
1568 2032 1724 2062 studium
1746 2036 1844 2062 tuum
1867 2043 1946 2062 corz-

69 2094 185 2114 sumas
209 2082 244 2113 in
267 2082 426 2113 uirorum
443 2080 599 2124 fortium
613 2081 727 2125 ssu-iis
750 2082 932 2113 memoriae
953 2083 1158 2125 prodendis,
1195 2085 1410 2115 considerare
1432 2082 1547 2122 debes,
1576 2084 1668 2115 nihil
1689 2083 1752 2115 tihi
1775 2096 1844 2115 esse
1867 2096 1945 2115 cotz-

69 2134 291 2173 mittendum,
321 2134 539 2178 quamobrem
564 2145 698 2173 eorum,
729 2146 812 2178 quos
835 2135 978 2174 laudas,
1004 2141 1035 2167 te
1059 2148 1125 2168 uon
1148 2137 1375 2168 sinzillumum
1392 2135 1570 2179 praebeas.
1613 2136 1715 2167 Hunc
1738 2147 1819 2167 uero
1844 2135 1944 2166 etiam

145 2293 174 2333 1)
211 2294 272 2322 Pro
294 2294 376 2322 nihil
393 2294 471 2332 Ang.
492 2294 577 2324 Maio
606 2300 637 2323 ct
658 2294 827 2323 Garatonio
848 2295 975 2333 aliquid
992 2295 1153 2333 legendum
1173 2295 1306 2324 uidetur.
1345 2294 1481 2323 Facilius
1502 2294 1615 2332 corrigi
1637 2305 1697 2323 non
1717 2294 1800 2323 nihil
1816 2294 1940 2333 poterit.

144 2355 173 2394 2)
212 2356 261 2383 De
282 2356 428 2395 Pompeio
454 2358 600 2387 trudente
626 2358 820 2386 candidatum
841 2357 1037 2386 comitiorum
1057 2363 1197 2397 tempore
1217 2358 1358 2387 omnibus
1378 2357 1486 2386 inuitis
1506 2357 1577 2386 uide
1598 2357 1689 2386 etiam
1708 2357 1746 2385 ad
1765 2356 1831 2386 Att.
1852 2357 1875 2391 Ι,
1898 2356 1939 2384 16.

68 2405 151 2432 Asc.
173 2404 291 2431 Mnus.
