2264 2746
1 2699 9 2746 —›
2 2679 7 2686 -„

683 121 708 151 C
729 121 756 150 A
777 122 814 151 P.
853 121 961 151 XVII.
981 119 1007 162 ς.
1028 126 1072 154 43.
1092 138 1130 144 —
1145 121 1270 151 XVIII.
1289 120 1316 162 §.
1337 126 1383 154 44.
1917 127 1969 153 135

92 198 254 231 iudicium
278 198 325 229 ita
349 197 480 237 secisse,
516 203 554 228 ut
579 209 637 228 reo
661 203 694 228 et
715 209 810 228 suam
834 202 867 228 et
889 197 929 228 ab
954 209 993 229 eo
1017 198 1208 229 obseruatas
1231 198 1338 229 tribus
1362 208 1431 228 non
1455 196 1580 228 ederet.
1625 197 1756 230 Uerum
1779 197 1877 228 aliam
1903 203 1971 228 sta-

92 253 154 284 tim
179 251 279 283 huius
304 250 354 282 rei
378 251 542 282 rationem
566 250 695 289 reddit,
720 261 819 292 quam
844 261 934 288 eam,
963 262 1028 292 qua
1051 250 1169 282 ductus
1193 251 1387 282 Laterensis
1410 251 1490 282 alias
1514 249 1620 282 tribus
1645 250 1807 281 ediderat.
1852 251 1970 282 Cicero

92 305 182 336 enim
209 303 314 346 fingit,
348 316 414 335 non
441 304 585 336 delectos
616 316 634 335 a
655 305 838 335 Laterense
866 302 979 334 Planci
1009 304 1142 335 tribulis
1176 315 1246 334 esse
1272 303 1415 343 iudices,
1452 303 1540 346 quod
1565 303 1756 335 Laterensis
1779 309 1861 345 aput
1884 303 1972 346 illos,

93 358 151 400 qui
173 368 333 389 maxume
352 356 463 387 Planci
491 356 717 388 innocentiam
742 354 852 385 testati
876 362 994 394 essent,
1020 356 1050 387 ei
1073 355 1311 387 sodaliciorum
1336 357 1463 387 crimen
1487 356 1619 388 obicere
1642 368 1710 388 non
1733 368 1874 388 ausurus
1899 355 1974 387 sue-

92 411 152 449 rit,
190 422 266 441 cum
297 420 416 440 reuera
438 410 630 441 Laterensis
660 414 841 452 propterea
871 408 1035 440 noluisset
1060 408 1136 440 illos
1159 409 1285 440 iudices
1314 409 1478 451 deligere,
1512 409 1603 452 quod
1633 409 1741 441 onmis
1770 422 1789 441 a
1812 421 1870 440 reo
1897 421 1973 440 cor-

93 470 211 506 ruptos
233 461 471 493 arbitrabatur.

177 516 280 556 Quod
301 527 358 546 eas
382 515 511 553 tribus,
541 515 664 559 quibus
687 515 742 547 llic
765 527 924 547 maxume
947 519 1066 552 notus,
1097 527 1163 546 non
1187 516 1347 556 edideris)
1393 515 1448 546 Sic
1471 527 1531 557 ego
1554 515 1685 557 primus
1709 514 1838 556 scrIpsi.
1882 514 1974 546 Ante

93 580 147 600 me
170 568 388 610 uolgabatur:
428 569 521 611 quod
548 581 614 599 non
639 582 695 600 eas
725 569 853 603 tribus,
888 567 1011 611 quibus
1034 568 1089 598 liic
1112 569 1261 600 maxime
1284 574 1385 600 notus
1409 574 1503 606 erat,
1538 569 1697 600 edideris.
1741 569 1779 598 In
1804 579 1868 609 qua
1891 566 1975 598 scri-

92 628 193 665 ptura
215 622 402 652 necessario
426 622 567 653 debebat
589 622 734 653 editores
765 620 950 651 conlocatio
974 632 1039 651 non
1064 621 1266 662 particulae,
1303 628 1380 652 ante
1404 635 1460 653 eas
1485 621 1631 663 positae,
1666 620 1849 651 offendere.
1894 621 1973 651 Non

92 674 240 717 pertinet
264 674 354 704 enim
377 674 542 716 particula
565 674 623 704 illa
646 675 685 704 ad
710 685 899 716 pronomen
930 686 1003 711 eas,
1037 680 1087 704 set
1108 673 1148 704 ad
1174 674 1317 705 uerbum
1341 675 1507 712 edideris,
1540 685 1558 704 a
1578 686 1644 715 quo
1669 685 1707 704 eo
1731 674 1842 704 miuus
1867 673 1976 704 inter-

92 727 185 758 iectis
208 727 282 758 aliis
305 726 416 757 uerbis
440 727 569 768 seiungi
594 726 750 765 debebat,
776 739 842 768 quo
867 725 1074 757 manifestius
1099 732 1166 762 est,
1201 726 1235 757 in
1259 738 1359 757 unam
1384 739 1461 757 cum
1486 727 1590 758 uerbo
1615 726 1678 757 isto
1702 727 1875 757 notionem
1899 736 1976 755 coa—

93 779 236 819 lescere,
269 778 316 810 sic
340 784 376 809 ut.
398 790 513 809 sensus
537 780 598 810 sit:
635 781 867 811 reemssaneris
896 780 1005 811 edere.
1050 780 1171 821 Neque
1194 791 1276 810 uero
1297 780 1519 810 aduersantur
1543 779 1620 810 huic
1644 778 1897 820 transpositioni
1919 789 1977 808 co-

94 832 200 869 dices,
240 843 361 862 uerum
385 843 544 863 maxume
569 831 692 863 fauent.
737 834 825 864 Nam
858 832 1008 874 plurumi
1033 832 1124 873 iique
1151 833 1283 875 optumi
1307 832 1386 863 libri
1409 839 1530 863 neutro
1554 832 1588 863 in
1612 832 1686 863 Ioco
1710 831 1909 873 particulam
1934 830 1978 860 il-

93 885 162 916 Iam
185 884 328 922 habent,
370 890 405 915 ut
427 896 466 915 eo
491 884 525 915 in
548 884 622 915 Ioco
647 884 876 926 reponendam
901 896 973 915 eam
1007 891 1137 915 certum
1160 886 1218 923 sit,
1258 886 1291 916 in
1317 897 1382 927 quo
1406 884 1579 916 sacillumo
1604 884 1721 915 librari
1747 894 1861 914 errore
1885 882 1978 913 exci-

95 938 175 968 dere
197 937 359 980 potuerit.
405 938 541 968 Poterat
559 943 670 967 autem
694 936 866 968 facillume
889 937 1044 968 excidere
1067 944 1143 968 ante
1167 939 1316 970 edideris
1340 938 1561 980 praecedente
1586 949 1669 968 uoce
1693 943 1805 974 notus,
1828 935 1874 965 sic
1896 934 1978 965 scri-

95 997 169 1034 pta.
205 995 285 1022 not'.
331 991 507 1021 Praeterea
534 990 630 1027 uide,
668 1001 753 1031 quae
785 989 826 1020 de
856 990 1023 1031 scriptura
1048 991 1148 1022 huius
1177 991 1242 1022 loci
1266 992 1399 1032 Proleg.
1424 992 1464 1022 L.
1489 992 1514 1022 Ι.
1541 992 1578 1022 C.
1602 991 1662 1022 III.
1696 991 1726 1031 §.
1750 990 1779 1021 3.
1804 1000 1837 1031 p.
1861 987 1978 1019 XXII-

96 1050 129 1075 et
152 1045 191 1075 L.
216 1044 259 1074 Il.
287 1044 324 1074 C.
348 1044 373 1073 Ι.
400 1043 429 1083 §.
459 1054 505 1073 II.
529 1054 563 1084 p.
587 1043 752 1073 XLVIII.
778 1042 932 1084 exposui.

179 1097 322 1127 Etenim
345 1097 422 1139 quis
447 1101 479 1127 te
502 1102 575 1126 tum
598 1097 737 1127 audiret
760 1095 940 1135 illorzmzP)
991 1096 1082 1128 Tum
1104 1096 1198 1128 addit
1220 1096 1429 1139 significans,
1456 1096 1484 1128 si
1506 1096 1632 1128 iudices
1659 1107 1701 1126 ex
1724 1094 1791 1126 illis
1815 1092 1980 1131 tribubus,

96 1161 176 1192 quas
200 1160 270 1180 non
295 1148 447 1186 edidisti,
476 1147 665 1190 delegisses.

178 1203 255 1235 Ant
279 1203 364 1245 quid
385 1203 542 1233 diceres?
564 1207 815 1245 sequestremne
838 1201 1052 1233 Plancium?
1079 1207 1279 1245 respuerent
1302 1215 1416 1239 aures,
1439 1216 1536 1235 nemo
1558 1203 1796 1246 adgnosceret,
1819 1202 1983 1245 repudia-

97 1261 192 1289 rent:
224 1268 268 1287 an
290 1255 512 1298 gratiosum?
544 1254 600 1285 illi
623 1254 778 1286 lubenter
800 1255 983 1293 audirent,
1006 1268 1066 1286 nos
1089 1268 1156 1286 non
1181 1256 1301 1286 timide
1324 1256 1590 1298 cwfiteremur.)
1637 1256 1723 1286 Cum
1748 1255 1829 1285 olim
1853 1254 1983 1296 legere·

96 1316 165 1349 tur,
188 1309 433 1352 repudiaretur
455 1318 519 1349 pro
544 1307 780 1350 repudiarent,
805 1307 939 1337 monuit
956 1308 1161 1339 Garatonius
1185 1308 1225 1338 ad
1249 1308 1283 1339 h.
1308 1308 1439 1340 locum:
1464 1308 1562 1347 ,‚Erf.
1587 1315 1619 1339 et
1632 1309 1713 1339 Bau.
1738 1308 1982 1350 repudiarent3

95 1374 206 1405 neque
229 1362 263 1392 id
290 1359 437 1392 refertur
458 1360 497 1391 ad
522 1361 639 1398 auris,
662 1366 729 1397 set,
758 1359 848 1401 quod
873 1361 1004 1391 nemini
1027 1361 1234 1391 contrarium
1259 1367 1325 1400 est,
1354 1374 1466 1393 omnes
1489 1361 1670 1392 subaudire
1692 1365 1866 1391 necessest.
1910 1360 1983 1390 Lo-

98 1414 225 1458 quendi
249 1413 367 1444 ratiost
390 1413 613 1454 exquisitior,
647 1424 745 1454 quam
771 1412 850 1443 huic
869 1412 942 1443 Ioco
966 1413 1184 1455 aptissumam
1209 1426 1338 1445 censeo.
1349 1418 1369 1432 ‘⁶
1414 1415 1487 1445 Etsi
1510 1427 1579 1445 non
1603 1413 1737 1452 dubito,
1775 1412 1856 1453 quin
1879 1423 1983 1454 repu-

98 1469 258 1500 diaretur
281 1465 399 1496 librari
422 1477 539 1496 errore
562 1477 604 1496 ex
630 1466 853 1509 repudiarent
876 1465 919 1496 sit
942 1465 1078 1503 sactum,
1103 1468 1302 1508 praesertim
1326 1479 1402 1498 cum
1426 1468 1489 1498 hoc
1511 1468 1546 1498 in
1572 1466 1720 1509 optumis
1744 1464 1841 1495 codd.
1865 1474 1983 1505 reper-

97 1528 170 1554 tum
195 1520 258 1556 sit,
283 1525 395 1550 tamen
420 1530 481 1549 nec
504 1519 567 1549 hoc
589 1530 607 1549 a
629 1520 793 1549 Cicerone
817 1525 900 1561 puto
923 1519 1087 1561 scriptum
1112 1532 1200 1557 esse,
1232 1526 1282 1551 set
1308 1520 1486 1562 interpreti
1511 1520 1642 1557 deberi,
1674 1531 1691 1549 a
1716 1530 1781 1560 quo
1805 1528 1906 1559 super
1930 1528 1984 1547 re-

99 1578 261 1618 spuerent
290 1571 395 1603 fuerit
426 1572 586 1614 positum.
632 1572 739 1613 quue
766 1572 873 1602 trIbus
903 1572 1130 1613 potissumum
1163 1572 1203 1603 de
1234 1573 1355 1603 caussis
1378 1574 1681 1615 persuasissnmum
1707 1571 1826 1602 habeo.
1872 1569 1985 1600 Prima

99 1628 181 1660 haec
204 1631 262 1663 est,
289 1624 378 1667 quod
403 1626 628 1668 repudiarent
650 1625 697 1656 sic
718 1624 877 1666 positum,
906 1630 942 1655 ut
965 1625 1060 1655 nullo
1085 1625 1221 1656 uinculo
1245 1624 1385 1666 reliquis
1409 1626 1521 1657 uerbis
1545 1626 1715 1656 adnexum
1740 1625 1793 1655 sit.
1835 1623 1984 1653 Tantum

101 1680 193 1712 enim
215 1679 326 1717 abest,
358 1684 394 1709 ut
417 1678 553 1709 omissio
578 1678 724 1708 nominis
748 1689 878 1715 omnes,
915 1677 1004 1719 quod
1031 1677 1236 1709 Garatonius
1259 1678 1487 1719 supplendum
1511 1685 1626 1721 putat,
1661 1676 1828 1719 exquisita
1850 1675 1912 1715 sit,
1946 1680 1985 1705 ut

100 1744 262 1767 maxume
286 1732 433 1763 hiulcam
460 1730 578 1761 reddat
601 1731 801 1762 orationem.
847 1731 967 1762 Altera
991 1731 1131 1773 positast
1154 1731 1188 1762 in
1215 1730 1457 1772 significatione
1481 1732 1594 1769 uerbi,
1636 1742 1720 1773 quae
1742 1730 1817 1760 talis
1841 1735 1907 1768 est,
1946 1734 1985 1759 ut

99 1786 293 1832 praemissis
318 1784 430 1815 uerbis
453 1790 652 1826 respuerent
675 1796 788 1822 (clares,
811 1796 908 1815 nemo
931 1785 1156 1827 adgnosceret
1178 1790 1255 1826 apte
1279 1783 1357 1814 addi
1381 1784 1475 1814 nullo
1504 1791 1600 1826 pacto
1629 1783 1787 1826 potnerit.
1833 1782 1984 1820 Constat,

102 1840 208 1872 uerbo
232 1838 417 1881 respuendi
440 1847 515 1867 cum
543 1837 648 1867 uerbo
673 1838 884 1880 repudiandi
907 1838 971 1868 hoc
993 1848 1160 1868 conrnune
1184 1848 1272 1875 esse,
1307 1836 1397 1878 quod
1422 1838 1587 1868 reim‘endi
1609 1837 1663 1867 uel
1686 1835 1858 1868 abiciendi
1879 1833 1985 1876 signi-

102 1895 236 1927 ficatum
265 1892 374 1922 babet.
421 1891 509 1922 Nam
535 1902 694 1932 respuere
717 1896 867 1920 notumst
890 1890 1030 1933 proprie
1054 1890 1119 1920 dici
1143 1901 1230 1927 eum,
1259 1889 1316 1930 qui
1340 1890 1385 1927 id,
1410 1890 1500 1931 quod
1526 1890 1560 1920 iu
1583 1902 1618 1920 os
1637 1888 1830 1931 sumpserit,
1856 1893 1892 1918 ut
1913 1893 1986 1918 sto-

102 1947 222 1980 macho
247 1945 396 1976 taedium
420 1955 560 1974 mouens
587 1943 716 1981 reiciat,
741 1944 926 1986 repudiare
947 1955 1040 1981 uero,
1065 1942 1123 1984 qui
1146 1943 1192 1981 id,
1217 1942 1310 1973 euius
1335 1954 1411 1972 eum
1435 1942 1577 1984 pudeat,
1603 1942 1753 1973 dimittat
1775 1940 1831 1971 uel
1853 1940 1984 1971 abiciat.

104 1998 236 2043 Quodsi
257 1997 430 2035 translate,
453 2002 490 2026 ut
513 1996 576 2026 boc
598 1995 682 2033 loco,
708 2003 916 2038 usurpantur
938 1997 1019 2028 haec
1042 1996 1146 2026 uerba
1169 2001 1202 2026 et
1217 2001 1467 2037 conponuntur,
1493 2006 1531 2025 eo
1555 2000 1647 2036 patet
1674 1993 1811 2025 differre
1834 1999 1986 2024 tantum-

103 2053 205 2086 modo
229 2062 336 2094 posse,
362 2056 399 2080 ut
422 2061 581 2091 respuere
600 2048 763 2091 significet
787 2050 917 2080 abicere
940 2048 1080 2091 aliquid,
1104 2048 1198 2079 cuius
1225 2060 1285 2079 nos
1310 2047 1454 2086 taedeat,
1482 2047 1667 2090 repudia-re
1688 2058 1781 2085 uero,
1806 2047 1900 2078 cuius
1923 2058 1984 2078 nos

103 2106 241 2152 pudeat.
286 2104 403 2145 Itaque
426 2108 526 2132 erunt
548 2100 714 2140 fortassis,
750 2102 807 2144 qui
830 2103 894 2133 boc
918 2113 993 2132 cum
1017 2101 1060 2133 sit
1083 2101 1259 2143 utriusque
1281 2101 1377 2131 uerbi
1398 2101 1597 2139 discrimen,
1627 2106 1704 2142 apte
1725 2100 1779 2131 hic
1802 2100 1905 2131 uerba
1927 2099 1985 2131 illa

107 2157 259 2203 copulari
288 2156 438 2199 potuisse
471 2155 666 2198 opinentur.
713 2154 846 2195 Quibus
868 2155 917 2185 uti
941 2154 1105 2193 concedo,
1144 2153 1303 2195 coniungi
1327 2154 1438 2195 aliqua
1464 2152 1595 2183 ratione
1618 2153 1722 2183 uerba
1747 2153 1804 2184 illa
1826 2152 1984 2195 potuisse,

106 2215 152 2246 ita
176 2209 314 2243 omnino
337 2205 440 2250 nego,
465 2208 511 2239 sic
533 2208 632 2239 ambo
656 2208 710 2239 hic
733 2208 844 2238 locum
868 2207 1018 2250 potuisse
1041 2214 1172 2245 tenere,
1202 2213 1240 2237 ut
1262 2206 1374 2237 uerbis
1401 2218 1497 2237 nemo
1520 2206 1744 2249 adgnosceret
1767 2206 1986 2248 seiungeren-

106 2273 175 2299 tur,
220 2262 305 2303 Quis
329 2261 428 2299 enim,
453 2261 511 2303 qui
534 2268 624 2292 recte
647 2261 816 2302 loquatur,
841 2267 1020 2303 postquam
1044 2259 1170 2290 dictum
1194 2258 1330 2300 aliquod
1355 2260 1571 2290 accussatoris
1593 2260 1633 2289 ab
1657 2259 1823 2290 iudicibus
1843 2265 1881 2290 ut
1903 2270 1985 2289 con-

108 2316 327 2351 tumeliosum
356 2314 535 2354 reiectum,
574 2321 607 2346 et
629 2321 667 2345 ut
696 2313 810 2345 lictum
841 2314 992 2344 habitum
1023 2313 1065 2343 iri
1089 2312 1233 2349 dixerit,
1269 2311 1449 2353 postmodo
1473 2317 1509 2342 ut
1533 2311 1730 2353 pudendum
1754 2311 1916 2342 reiectum
1942 2311 1985 2342 iri

111 2370 233 2402 addet?
279 2368 388 2398 Immo
411 2367 514 2398 uerba
536 2380 632 2400 nemo
646 2368 871 2409 adgnosceret
894 2366 1079 2397 necessario
1103 2365 1200 2396 finire
1217 2365 1406 2396 membrum
1425 2365 1598 2404 debebant,
1623 2365 1783 2408 quoniam
1806 2366 1869 2397 hoc
1891 2375 1984 2395 sum-

110 2434 205 2454 mum
228 2426 314 2458 erat,
354 2420 380 2450 si
404 2419 529 2451 iudices
552 2420 628 2451 ficta
651 2427 683 2451 et
707 2419 788 2451 salsa
812 2420 1028 2451 accussatoris
1052 2419 1193 2450 crimina
1216 2419 1394 2449 habebant.
1439 2418 1557 2449 Tertia
1578 2429 1706 2459 caussa,
1741 2419 1783 2450 ob
1808 2429 1907 2460 quam
1931 2429 1987 2449 re-
