2264 2746
257 82 310 112 1510
907 67 1483 99 COMMENTARIUS.

258 153 460 187 aduersario
477 149 662 197 flagitabo,
687 145 844 182 declarat,
866 148 980 173 tamen
1000 140 1037 172 in
1051 152 1088 172 re
1112 142 1213 174 dubia
1233 142 1333 174 unius
1356 140 1429 174 Erf.
1453 141 1534 173 libri
1556 141 1723 185 scriptura
1747 142 1959 185 reliquorum
1983 143 2136 175 omnium

261 206 357 239 codd.
381 205 567 247 scripturae
593 197 758 244 praeferri
780 207 849 227 non
872 194 983 225 debet.

343 259 420 292 Δὶς
443 258 508 289 erit
530 257 611 287 llaec
633 252 707 283 alia
730 251 821 282 ratio
843 248 991 281 Plancio
1014 260 1054 279 (τε
1078 247 1159 287 tibi,
1187 248 1405 290 Laterensis)
1452 248 1540 280 Cum
1564 247 1645 279 dicit
1668 249 1807 288 Cicero,
1835 259 1905 280 non
1930 247 2030 279 aliam
2053 248 2138 281 hanc

262 313 428 346 rationem
451 306 585 340 Plancio
610 316 680 336 esse
701 315 738 334 ac
761 301 955 340 Laterensi,
990 300 1170 342 significat,
1204 313 1273 333 non
1296 301 1518 344 periculosius
1550 312 1620 332 esse
1643 300 1796 339 Plancio,
1830 300 1966 340 docere,
2001 312 2065 343 qua
2085 313 2142 334 ra-

263 366 355 397 tione
377 360 521 402 singulas
546 357 672 392 tribus,
709 367 852 398 quarum
882 353 1049 395 suffragiis
1080 353 1197 386 aedilis
1229 360 1358 385 creatus
1387 354 1447 393 sit,
1481 354 1617 393 tulerit,
1650 360 1751 395 atque
1773 353 1949 384 Laterensi
1977 352 2083 393 foret,
2115 354 2145 386 si

265 429 345 461 quas
367 414 472 447 tribus
497 410 590 447 tulit,
617 410 813 449 iuberetur,
838 417 984 450 quorum
1009 405 1121 437 studio
1145 407 1293 446 tulisset,
1318 407 1500 449 explicare.
1545 407 1677 448 Quibus
1702 405 1813 437 uerbis
1835 405 2010 436 Plancium
2033 411 2146 437 osten-

266 472 315 502 dit
338 468 461 503 tribus,
484 475 503 494 a
527 463 647 505 quibus
670 463 715 494 sit
735 461 841 494 factus
865 459 997 498 aedilis,
1029 470 1134 501 aeque
1158 459 1320 501 legituma
1341 460 1472 491 ratione
1495 461 1611 492 tulisse
1633 466 1732 502 atque
1755 458 1948 490 Laterensis
1971 470 2042 499 eas,
2065 470 2146 501 quas

267 523 358 559 tulit,
392 517 521 550 tulerit.
544 534 587 540 —
633 517 793 547 Ceterum
826 520 916 545 recte
950 512 1039 543 uidit
1066 513 1287 552 Garatonius,
1322 513 1492 554 uolgatam
1522 513 1621 544 huius
1654 512 1720 544 loci
1743 511 1963 554 scripturam,
1995 524 2055 543 nec
2080 511 2149 543 erit

267 579 348 609 llaec
371 573 443 605 alia
467 570 558 602 ratio
589 582 630 601 ccc
652 568 856 606 Laterensi,
897 564 1083 599 necessario
1109 565 1376 607 posthabendam
1401 577 1470 596 esse
1493 564 1572 596 huic
1595 565 1620 596 B
1645 570 1677 595 et
1699 565 1727 595 E
1752 571 1972 607 optumorum
1995 563 2151 596 codicum

266 627 468 669 scripturae,
501 635 561 654 nec
584 623 651 653 erit
674 622 756 653 llaec
779 621 852 652 (clia
876 619 967 651 ratio
990 631 1030 649 ac
1052 617 1132 657 tibi,
1156 619 1378 657 Laterensis,
1410 629 1486 649 cum
1509 624 1581 649 toto
1605 617 1668 648 hoc
1690 617 1764 648 loco
1790 617 1906 649 Cicero
1929 618 2150 648 Laterensem

267 682 379 725 ipsum
402 677 616 717 adloquatur.
662 674 806 716 Uolgata
829 678 903 703 111111
926 677 1058 702 tantum
1082 671 1220 702 tolerari
1243 677 1372 714 posset,
1411 670 1439 701 si
1462 670 1628 702 iudicibus
1651 671 1733 702 haec
1757 669 1874 700 Cicero
1899 669 2035 700 diceret.
2080 669 2149 702 At-

270 733 328 776 qui
350 730 464 763 addita
487 727 587 759 huius
611 726 716 769 ipsius
746 724 891 757 membri
918 723 1117 766 explicatio,
1153 735 1237 766 (11130
1269 723 1462 754 continetur
1487 723 1601 755 uerbis
1629 736 1710 755 nam
1733 728 1790 761 ut,
1823 735 1907 766 quas
1929 740 1970 747 —
1993 723 2151 754 redditu-

268 799 363 824 ram,
389 784 424 814 111
447 781 568 824 quibus
594 780 675 822 ipsis
699 777 896 820 adloquitur
920 778 1149 815 Laterensem,
1176 776 1354 807 manifesto
1378 776 1420 807 ad
1443 778 1662 809 Laterensem
1685 777 1765 807 haec
1791 773 1879 805 dicta
1902 786 1971 806 esse
1993 775 2150 806 ostendit.

270 840 432 870 Ceterum
456 833 536 865 uide
561 844 645 875 quae
669 832 801 873 Proleg.
825 831 866 862 L.
892 830 935 860 II.
960 830 998 861 C.
1023 830 1048 860 Ι.
1076 830 1106 871 §.
1131 830 1160 861 8.
1186 841 1220 872 p.
1244 830 1418 861 XXXVI.
1443 830 1484 860 de
1506 830 1570 861 1100
1594 829 1668 860 loco
1692 828 1820 859 monita
1843 833 1932 859 sunt.

357 891 412 922 Me
445 887 508 920 tibi
539 888 606 930 ipsi
633 885 837 918 aduersario
868 883 1111 925 cuiuscumque
1141 883 1250 914 tribus
1279 883 1449 914 rationem
1475 882 1672 926 poposceris
1704 880 1935 922 redditurum)
1978 880 2058 912 Non
2080 880 2152 911 sine

269 953 382 974 caussa
403 939 602 983 pronomini
627 939 690 970 tihi
713 937 834 968 adiecit
857 936 961 966 uerba
993 936 1063 979 ipsi
1086 941 1119 966 et
1141 935 1364 974 aduersario,
1405 947 1476 966 eam
1501 934 1689 977 significans
1714 934 1828 965 Planci
1851 933 1970 964 docere
1999 944 2034 964 se
2055 944 2154 976 posse

269 993 497 1027 innocentiam
521 1003 610 1031 esse,
634 997 760 1022 utnon
782 989 839 1020 alii
863 994 1012 1027 1311111111,
1045 987 1086 1018 de
1111 999 1169 1018 reo
1193 988 1304 1019 minus
1327 1000 1445 1020 seuere
1467 988 1670 1026 iudicantes,
1694 993 1744 1018 set
1765 987 1837 1030 ipse
1861 991 2048 1018 accussator
2071 997 2154 1018 con-

270 1047 389 1079 cedere
414 1051 570 1084 cogatur,
603 1044 690 1075 nihil
714 1055 733 1074 a
755 1042 890 1074 Plancio
915 1041 1099 1072 admissum
1127 1052 1213 1080 esse,
1251 1052 1316 1082 quo
1341 1040 1448 1072 tribus
1471 1041 1662 1084 corrupisse
1685 1040 1751 1072 dici
1775 1045 1884 1082 queat.

1065 1130 1093 1162 C
1121 1128 1153 1163 A
1178 1130 1219 1164 P.
1279 1129 1363 1164 XX.

357 1207 386 1248 §.
413 1205 464 1247 49.
510 1205 568 1235 Set
591 1216 652 1235 cur
676 1214 737 1246 ego
761 1202 810 1233 sic·
832 1201 918 1244 ago)
962 1201 1030 1233 Hic
1063 1213 1126 1245 ego
1149 1202 1279 1232 1111113111
1308 1201 1409 1232 habet
1430 1201 1519 1241 uim,
1555 1208 1594 1233 111
1621 1213 1719 1244 saepe
1741 1200 1832 1232 alias.
1878 1200 1995 1242 Itaque
2020 1205 2156 1230 auctore

272 1258 466 1293 Erfurtensi
490 1256 612 1287 deleui.
655 1256 862 1287 GRAEUH‘S.
910 1255 997 1286 Cum
1025 1255 1134 1286 multo
1163 1254 1262 1297 plura
1292 1254 1391 1285 huius
1414 1254 1626 1296 pronominis
1656 1261 1783 1286 temere
1805 1253 1845 1283 ab
1869 1252 2016 1283 librariis
2042 1252 2156 1284 omissi

275 1325 376 1355 quam
409 1310 516 1342 additi
550 1309 708 1351 exempla
740 1313 877 1345 extent,
912 1318 951 1338 eo
975 1307 1086 1338 minus
1117 1306 1269 1337 dubitaui
1299 1306 1447 1337 retinere
1476 1318 1684 1349 pronomen,
1719 1318 1784 1348 quo
1809 1305 1930 1336 certius
1955 1310 2019 1344 est,
2055 1305 2158 1336 etiam

275 1366 357 1398 alibi
380 1376 400 1396 a
421 1362 642 1405 scriptoribus
665 1361 777 1392 latinis
800 1360 954 1392 additum
977 1372 1039 1403 ego
1062 1359 1216 1402 reperiri,
1242 1359 1300 1390 ubi
1322 1358 1383 1389 uix
1409 1359 1508 1390 ullast
1531 1371 1753 1402 personarum
1774 1357 1954 1400 oppositio.
1999 1357 2159 1389 Ceterum

277 1430 385 1451 nexus
415 1415 576 1448 orationis
605 1414 660 1446 hic
691 1420 750 1445 est.
811 1413 1031 1455 Conprobare
1063 1412 1181 1444 Cicero
1213 1412 1250 1442 (¹.
1274 1412 1375 1443 XIX.
1409 1412 1559 1450 uolebat,
1600 1412 1776 1443 Plancium
1807 1409 1965 1452 suffragia
1995 1410 2158 1451 tribuum,

278 1483 358 1514 quas
389 1470 537 1507 tulisset,
575 1479 645 1498 non
673 1466 851 1508 largitione
880 1465 1085 1496 deuinxisse.
1129 1463 1169 1495 Id
1201 1475 1291 1494 nunc
1318 1470 1418 1506 negat
1451 1463 1751 1496 demonstrandum
1773 1475 1793 1495 a
1814 1475 1848 1495 se
1872 1474 1942 1494 esse
1968 1469 2160 1506 propterea,

280 1523 370 1566 quod
393 1523 510 1566 priora
533 1520 686 1558 comitia,
720 1519 754 1550 in
780 1518 899 1560 quibus
923 1517 1077 1549 Plancius
1105 1516 1223 1548 aedilis
1247 1517 1291 1548 sit
1319 1516 1528 1558 designatus,
1563 1529 1602 1549 eo
1627 1517 1729 1549 modo
1753 1518 1820 1549 sint
1841 1516 1972 1556 habita,
2005 1522 2044 1547 ut
2065 1515 2159 1547 nullo

278 1583 375 1620 pacto
398 1575 505 1606 tribus
529 1573 703 1615 corrumpi
727 1571 912 1614 potuerint.

367 1628 523 1660 Comitiis
547 1629 617 1660 iam
640 1623 889 1670 superioribus)
933 1621 1164 1665 Intellegenda
1187 1628 1266 1653 sunt
1288 1633 1343 1660 ea,
1370 1633 1455 1664 quae
1478 1634 1531 1653 an.
1559 1624 1630 1666 699.
1655 1624 1717 1655 Cn.
1744 1623 1906 1666 Pompeio
1929 1624 1972 1654 Π.
1995 1623 2044 1656 M.
2067 1624 2162 1656 Lici-

280 1682 337 1714 nio
367 1682 485 1712 Crasso
510 1682 552 1712 II.
578 1682 670 1712 Coss.
698 1678 815 1710 haberi
839 1681 972 1719 coepta,
1011 1681 1060 1706 set
1092 1681 1235 1718 propter
1266 1675 1556 1707 obnuntiationem
1588 1677 1740 1708 absoluta
1770 1688 1839 1707 non
1867 1683 1956 1708 sunt.
2001 1677 2090 1708 'Nam
2121 1676 2161 1707 de

281 1735 368 1766 binis
394 1733 549 1773 comitiis,
577 1744 661 1775 quae
684 1730 932 1773 magistratibus
957 1728 1107 1759 creandis
1133 1728 1247 1760 habita
1271 1728 1348 1767 sint,
1376 1729 1470 1761 nullo
1496 1735 1593 1772 pacto
1617 1741 1693 1760 011111
1715 1729 1869 1761 1113110110
1893 1729 2033 1772 cogitari
2053 1740 2159 1773 posse,

283 1800 359 1819 cum
381 1786 518 1818 aliunde
541 1791 720 1821 certumst,
757 1790 829 1814 tum
852 1780 1030 1813 manifesto
1055 1792 1097 1812 ex
1121 1781 1233 1812 uerbis
1267 1782 1296 1822 ξ.
1321 1782 1371 1813 50.
1398 1789 1557 1824 apparet:
1599 1783 1674 1822 Quo
1698 1784 1834 1826 quidem
1854 1789 2022 1827 tempore,
2052 1783 2162 1814 Late-

286 1842 413 1879 rensis,
444 1840 475 1871 si
497 1839 534 1870 icl
556 1837 680 1882 facere
705 1836 893 1874 uoluisses,
933 1834 1024 1878 quod
1049 1834 1153 1866 multi
1173 1834 1301 1866 nobiles
1324 1847 1424 1878 saepe
1441 1834 1624 1879 feserunt,
1654 1842 1710 1874 ut,
1739 1848 1815 1867 cum
1836 1837 1950 1867 minus
1973 1835 2163 1867 ualuis-sent

286 1893 469 1937 suff-agiis
497 1903 599 1935 qnam
623 1894 824 1934 putassent,
851 1893 974 1931 postea
997 1887 1197 1930 prolatis
1231 1887 1428 1918 comitiis
1449 1893 1706 1931 prosternerent
1731 1901 1766 1920 se
1791 1894 1852 1918 etc.
1898 1888 1964 1920 Ubi
1985 1899 2061 1917 cum
2078 1899 2164 1930 pro-

288 1947 361 1977 lata
384 1945 538 1976 dicantur
565 1942 717 1980 comitia,
752 1947 908 1983 apertum
933 1946 998 1979 est,
1032 1945 1215 1983 propterea
1237 1939 1389 1979 comitia,
1426 1941 1545 1982 quibus
1571 1940 1694 1971 aediles
1723 1940 1758 1971 in
1781 1952 1906 1971 annum
1931 1951 2000 1981 700.
2029 1939 2166 1970 creandi

290 2004 402 2036 erant,
424 1998 474 2029 bis
498 2007 568 2028 esse
591 1995 720 2033 habita,
753 1993 843 2036 quod
869 2004 952 2035 quae
975 2004 1028 2023 an.
1053 1993 1125 2034 699.
1147 1992 1271 2023 habere
1295 1992 1411 2023 consul
1434 1993 1582 2035 coepisse
1605 1993 1745 2031 dicitur,
1772 2005 1840 2024 non
1862 1992 2012 2024 absoluta
2031 1998 2081 2023 set
2103 1992 2166 2023 ob-

290 2051 501 2083 nuntiatione
524 2048 580 2079 1101
606 2046 819 2078 nuntiatione
842 2045 993 2088 inpedita
1015 2051 1103 2076 sunt.
1148 2045 1247 2077 Aliut
1279 2045 1369 2076 0111111
1393 2052 1442 2077 est
1463 2046 1605 2090 dfferre
1627 2046 1682 2076 uel
1709 2045 1866 2089 proferre
1889 2046 2045 2084 comitia,
2082 2045 2167 2077 aliut

292 2103 374 2135 bina
396 2103 533 2134 comitia
556 2099 822 2143 magistratibus
845 2099 1003 2131 creandis
1026 2098 1159 2130 habere.
1203 2100 1320 2141 Itaque
1354 2110 1421 2129 non
1453 2110 1536 2141 opus
1565 2110 1634 2130 esse
1667 2099 1796 2136 censui,
1832 2104 1870 2128 ut
1891 2098 2024 2128 Ferrati
2053 2097 2166 2137 uerba,

292 2155 365 2187 fuse
395 2161 511 2185 contra
536 2153 730 2185 Manutium
759 2152 847 2194 Epp.
877 2153 918 2183 L.
945 2152 1004 2182 Ill.
1037 2162 1088 2192 ep.
1114 2152 1143 2182 5.
1174 2163 1208 2194 p.
1236 2154 1422 2193 167—170.
1453 2151 1670 2194 disputantis,
1704 2151 1769 2182 huc
1798 2151 2034 2182 adscriberem.
2076 2149 2166 2183 Uide

293 2214 405 2240 autem
430 2218 512 2248 quae
536 2206 666 2247 Proleg.
694 2206 735 2237 L.
760 2205 820 2235 Ill.
846 2205 883 2235 C.
908 2205 932 2237 I.
958 2205 988 2246 ἓ.
1013 2215 1042 2235 2.
1065 2204 1294 2246 exposuimus.

377 2260 475 2300 Quae
499 2259 635 2289 comitia
654 2259 810 2301 primum.
830 2258 951 2290 habere
975 2259 1084 2302 coepit
1107 2258 1226 2289 consul
1249 2270 1326 2289 cum
1349 2256 1502 2288 omnibus
1527 2257 1563 2287 in
1578 2255 1676 2287 rebus
1699 2267 1830 2287 summa
1853 2256 2072 2294 auctoritate,
2095 2261 2168 2287 tum

297 2315 421 2346 harum
445 2313 599 2355 ipsarum
623 2312 737 2354 legum
761 2311 910 2343 ambitus
933 2311 1067 2354 auctor)
1112 2311 1191 2342 Duo
1223 2317 1302 2341 sunt
1333 2309 1373 2340 de
1396 2310 1459 2340 hoc
1489 2309 1561 2339 loco
1588 2308 1767 2339 monenda.
1813 2309 1965 2340 Primiun
1987 2308 2169 2347 consulem,

298 2366 356 2407 qui
374 2365 497 2396 habere
521 2364 655 2395 comitia
676 2364 735 2394 illa
757 2364 903 2406 coepisse
929 2364 1070 2403 dicatur,
1095 2362 1197 2394 fuisse
1220 2363 1268 2394 M.
1284 2361 1454 2394 Licinium
1469 2361 1636 2399 Crassum,
1659 2360 1692 2392 id
1718 2361 1808 2403 quod
1830 2373 1848 2393 a
1870 2362 1966 2393 nobis
1988 2361 2024 2393 in
2036 2361 2168 2403 Prolcg.
