2264 2746
805 152 830 181 c
850 152 877 179 A
898 151 932 180 Ρ.
972 150 1086 179 xxx.
1107 149 1135 189 ς.
1156 156 1201 182 72.
1216 155 1261 182 73.
1918 152 1972 180 187

91 228 257 261 contineri
287 227 384 259 facile
412 228 671 267 intellexerunt,
696 227 785 269 quod
806 238 908 266 uoce,
937 231 976 257 ut
997 224 1042 257 ita
1065 224 1190 263 dicam,
1229 236 1289 257 sua
1310 230 1429 256 natura
1450 223 1522 266 ipsa
1543 222 1718 266 significat.
1764 223 1856 264 Quid
1880 223 1971 255 enim

89 282 174 314 aliut
196 281 360 320 radicum,
400 280 587 317 nodorum,
618 279 798 319 foliorum,
831 280 1057 321 iubarumque
1077 277 1316 310 similitudines
1340 278 1501 316 clamant,
1530 276 1712 319 praecipue
1733 288 1815 308 uero
1838 277 1971 318 gluma-

91 346 184 373 rum,
215 346 300 376 quae
322 331 444 375 ’ὑμένες
466 334 682 376 appellantur
703 345 722 364 a
745 332 900 370 Graecis,
931 331 1121 373 florumque
1144 330 1222 361 inde
1245 329 1280 361 in
1303 331 1417 362 oculos
1439 329 1709 362 incurrentium?
1738 330 1800 361 hac
1822 329 1969 372 potissu-

87 399 183 419 mum
206 392 286 418 nota
310 386 401 418 hisce
424 386 580 418 omnibus
611 386 762 429 inpressa
791 385 951 428 stirpibus
981 396 1098 415 earum
1120 383 1274 425 cognatio
1297 390 1465 426 caputque
1486 382 1709 426 pernoscitur.
1753 383 1870 424 Atque
1892 383 1970 414 illut.

89 440 123 471 in
145 439 295 481 gramine
318 438 466 480 positum
488 449 588 469 nemo
613 438 803 477 mirabitur,
831 437 889 479 qui
912 437 952 468 ab
976 436 1149 468 elementis
1170 436 1305 467 initium
1329 447 1480 475 sumere,
1503 447 1521 467 a
1543 435 1657 478 paruis
1682 435 1721 466 ad
1743 435 1870 467 maiora
1893 446 1969 477 gra-

85 491 188 523 datim
216 490 375 534 progredi
405 496 562 533 oportere
591 489 756 521 didicerit.
802 490 1020 533 Quapropter
1046 501 1151 532 genus
1180 489 1247 520 illis
1279 488 1486 531 temporibus
1518 489 1737 520 rarissumum
1761 488 1968 519 arundinum

84 543 298 581 Indicarum,
321 554 430 584 neque
453 543 553 584 uolgo
577 541 617 572 ad
642 542 834 574 mirandum
859 544 1004 586 procliui
1026 543 1104 574 satis
1127 542 1315 584 cognitum,
1338 542 1498 573 conmuni
1522 542 1661 573 nomine
1686 554 1705 573 a
1727 541 1850 584 capite,
1875 540 1968 582 quasi

84 596 125 627 ab
149 596 295 638 origine,
327 607 389 638 per
412 595 644 638 cognationem
667 596 830 638 repetito,
858 609 1005 640 gramen
1028 602 1059 627 et
1077 595 1299 639 gramineum
1321 595 1485 637 appellari
1510 594 1675 638 potuisse,
1707 605 1776 625 non
1800 600 1848 625 est
1868 593 1967 625 dubi-

85 649 234 680 tandum.
278 648 389 680 Multa
411 649 466 680 uir
488 648 710 680 doctissumus
736 661 778 680 ex
793 650 1044 692 Theophrasto,
1071 659 1136 690 qua
1155 646 1345 689 praestabat
1370 648 1544 687 memoria,
1571 647 1743 686 recitauit,
1767 646 1888 688 quibus
1910 657 1968 677 co-

82 701 274 742 gnationem
299 701 393 733 illam
416 702 577 744 probaret
600 702 747 733 Graecos
768 701 923 732 habuisse
944 708 1163 745 perspectam,
1186 700 1292 731 ueluti
1316 701 1342 731 I.
1366 700 1456 732 Hist.
1479 701 1588 731 Plant.
1616 712 1664 733 10.
1683 707 1717 732 et
1734 700 1793 740 18„
1817 700 1879 731 IV.
1908 709 1968 737 12„

82 754 178 791 VIII,
203 753 232 785 5.
258 759 337 785 etc..
383 755 462 787 Alia
486 766 529 785 ex
548 754 747 786 Dioscoride
769 755 915 798 protulit
936 755 998 787 IV.
1022 754 1074 786 50.
1096 760 1128 785 et
1149 754 1201 786 51.
1225 759 1303 785 etc..
1348 752 1477 784 Plinius
1500 753 1616 785 itidem
1640 753 1843 792 occurrebat,
1867 762 1968 794 quem

81 806 315 847 pei-didicerat.
361 808 622 839 GAnAToxlcs.

172 859 220 890 Ut
242 871 401 892 coronam
424 860 504 891 dent
528 860 676 891 ciuicam
696 865 730 891 et
752 871 788 892 se
809 859 851 892 ab
870 861 989 904 aliquo
1018 865 1174 893 seruatos
1205 871 1276 891 esse
1295 857 1500 901 fateantur)
1544 859 1731 891 Lambinus
1761 859 1856 890 nullo
1885 869 1968 889 con-

80 911 237 943 firmante
262 912 368 951 libro,
395 919 446 944 set
468 912 600 954 egregie
623 917 662 943 ut
684 924 844 944 coronam
866 914 947 945 dent
969 914 1132 957 cuiquam
1154 913 1311 944 ciuicam.
1337 911 1597 944 GARATONIUS.
1644 912 1794 944 Orellius
1817 911 1966 952 suspica-

80 970 133 995 tus
157 971 225 996 est:
251 971 291 997 ut
313 977 472 997 coronam
492 966 573 996 (lent
596 965 668 996 ciui
690 965 849 1005 ciuicam,
872 977 1012 1008 eamque
1034 966 1142 1008 ipsam
1165 965 1367 1007 scripturam
1388 975 1465 994 cum
1490 964 1542 995 his
1567 965 1659 997 Gelli
1682 965 1795 996 uerbis
1818 963 1877 1006 (V,
1902 964 1965 1002 6.):

80 1018 193 1050 ciuica
218 1030 342 1049 corona
365 1030 469 1061 quam
493 1018 580 1049 ciuis
604 1017 676 1048 ciui
695 1034 739 1040 --
761 1018 823 1049 dat
855 1018 1086 1050 confirmatam
1109 1024 1276 1061 putasset,
1314 1017 1387 1048 sine
1411 1016 1620 1048 dubitatione
1643 1017 1782 1059 recepit.
1826 1016 1966 1048 Nollem

78 1069 214 1102 factum.
259 1072 349 1103 Nam
372 1071 419 1101 ita
441 1069 535 1111 loqui
560 1069 678 1100 Cicero
700 1081 766 1100 non
791 1072 920 1112 potuit,
950 1071 1009 1113 qui
1031 1071 1078 1102 sic
1100 1076 1236 1113 pergat,
1273 1075 1306 1101 et
1329 1082 1364 1101 se
1386 1069 1437 1101 αἶ)
1458 1071 1609 1114 aliquo
1632 1076 1789 1103 seruatos
1816 1081 1885 1101 esse
1899 1068 1965 1111 sa-

80 1128 230 1155 teantur.
274 1124 471 1155 Necessario
496 1122 604 1161 enim,
635 1121 662 1152 si
689 1122 761 1153 ciui
785 1123 1035 1165 praecessisset,
1069 1135 1138 1154 non
1161 1123 1202 1155 ab
1225 1123 1343 1166 aliquo
1368 1128 1418 1153 set
1440 1122 1482 1154 ab
1505 1135 1542 1154 eo
1566 1123 1602 1154 in
1625 1134 1795 1165 proxume
1820 1132 1965 1163 sequen-

77 1174 166 1205 tibus
188 1176 383 1217 ponendum
405 1175 481 1207 fuit.
525 1176 631 1207 Recte
653 1180 766 1205 autem
789 1175 836 1206 ita
858 1176 953 1218 loqui
977 1177 1096 1208 Cicero
1119 1176 1322 1214 recussauit,
1362 1175 1452 1217 quod
1476 1187 1602 1207 nomen
1625 1176 1698 1208 ciui
1719 1175 1820 1218 plane
1844 1173 1963 1204 inutile

75 1227 341 1259 additamentum
377 1228 482 1268 foret,
523 1239 600 1259 cum
630 1239 791 1260 coronam
820 1230 968 1261 ciuicam
995 1241 1014 1260 a
1050 1229 1159 1260 milite
1186 1227 1340 1271 gregario
1366 1239 1433 1259 non
1465 1229 1523 1259 alii
1558 1240 1659 1270 quam
1682 1228 1749 1259 ciui
1769 1238 1866 1270 posse
1889 1225 1961 1256 dari

74 1291 138 1321 per
159 1292 195 1312 se
217 1281 444 1324 intellegatur.
488 1282 608 1323 Longe
630 1280 695 1312 alia
718 1281 836 1312 ratiost
866 1282 931 1312 loci
953 1293 996 1312 ex
1021 1281 1135 1312 Gellio
1165 1281 1284 1324 petiti,
1316 1280 1373 1321 qui
1395 1280 1542 1322 scriptor
1565 1293 1657 1319 cum,
1690 1292 1775 1323 quae
1798 1286 1883 1312 esset
1906 1291 1964 1310 co-

74 1345 157 1364 rona
179 1334 301 1374 ciuica,
341 1334 483 1365 definire
505 1335 630 1373 uellet,
666 1345 736 1364 non
766 1334 880 1376 potuit
907 1334 981 1364 aliis
1013 1345 1114 1375 quam
1141 1345 1225 1375 quae
1247 1333 1361 1375 posuit
1384 1333 1496 1365 uerbis
1520 1334 1581 1365 uti.
1626 1334 1736 1365 lvfiror
1760 1344 1963 1376 quemquam

73 1387 110 1417 in
134 1387 268 1428 uolgata
290 1387 458 1429 scriptura
489 1386 615 1417 offendi
638 1386 806 1429 potuisse,
847 1398 932 1428 quae
955 1393 1004 1418 est
1027 1386 1181 1417 omnium
1205 1386 1445 1427 integerruma.
1491 1387 1742 1429 Saepenumero
1766 1386 1857 1416 enim
1882 1396 1963 1416 uer-

73 1439 155 1470 bum
177 1440 262 1472 dare
283 1451 360 1471 cum
383 1439 455 1470 solo
480 1439 684 1470 accussatiuo
709 1439 778 1478 rei,
809 1450 893 1481 quae
917 1439 1032 1479 datur,
1056 1438 1289 1480 coniungitur,
1313 1449 1391 1470 cum
1414 1451 1539 1470 nomen
1563 1440 1647 1477 eius,
1672 1439 1725 1470 cui
1748 1437 1875 1480 aliquid
1900 1437 1961 1468 da-

73 1499 149 1530 tur,
180 1498 237 1523 aut
259 1492 426 1524 eiusmodi
451 1498 517 1530 est,
551 1499 588 1523 ut
609 1497 731 1534 sponte
754 1491 988 1535 intellegatur,
1025 1498 1064 1523 ut
1084 1498 1201 1523 nostro
1225 1492 1317 1531 loco,
1357 1498 1414 1523 aut
1439 1492 1480 1523 de
1500 1492 1667 1524 industria
1688 1491 1860 1523 reticetur.
1904 1491 1960 1522 Ex

72 1544 188 1576 multis
213 1545 294 1577 locis
318 1557 424 1576 unum
446 1545 602 1588 adpono,
643 1545 701 1586 qui
731 1551 824 1576 extat
846 1545 881 1576 in
907 1546 976 1577 Cic.
1000 1544 1089 1576 Phil.
1113 1545 1163 1584 II,
1194 1545 1231 1584 6,
1266 1546 1313 1576 15.
1345 1545 1463 1578 Hodie
1485 1559 1553 1579 non
1575 1546 1750 1578 descendit
1773 1544 1959 1577 Antonius.

72 1599 158 1629 cur?
199 1598 260 1629 dat
285 1599 508 1631 nataliciam
535 1598 655 1630 hortis.
702 1599 784 1630 cni?
826 1600 995 1631 nemiuem
1028 1597 1218 1630 nominabo,
1249 1603 1375 1640 putate
1399 1605 1473 1630 tum
1493 1599 1699 1632 Phormioni
1721 1598 1847 1635 alicui,
1884 1602 1958 1628 tum

73 1649 249 1688 Gnatam,
288 1657 362 1683 tum
385 1651 553 1683 Ballioni.
597 1651 724 1682 Nostro
756 1652 831 1683 loco
862 1651 1075 1695 pronominis
1105 1651 1215 1682 alicui
1244 1650 1380 1682 omissio
1411 1664 1450 1683 eo
1480 1653 1592 1683 minus
1621 1651 1721 1682 habet
1751 1647 1956 1687 offensionis,

71 1715 138 1744 quo
161 1704 285 1735 arctius
313 1704 416 1735 uerba
439 1710 478 1736 ut
501 1715 660 1735 coronam
682 1705 763 1736 slent
785 1706 933 1738 ciuicam
955 1716 1032 1735 cum
1055 1703 1271 1745 sequentibus
1303 1709 1335 1735 et
1358 1717 1393 1736 se
1415 1705 1457 1736 ab
1485 1706 1604 1749 aliquo
1627 1709 1782 1736 seruatos
1805 1714 1875 1734 esse
1890 1700 1956 1744 fa-

69 1762 226 1795 leantur,
249 1757 283 1788 in
310 1757 430 1798 quibus
453 1756 565 1798 ipsum
588 1756 665 1787 illut
687 1768 876 1799 pronomen
899 1757 1066 1800 positum,
1090 1756 1267 1787 coniuncta
1289 1762 1378 1787 sunt.

156 1810 214 1841 Ex
236 1810 387 1842 hostium
408 1807 579 1848 manibus)
626 1808 915 1851 Praepositionem
937 1810 1032 1842 addit
1055 1810 1136 1841 Bau.
1164 1809 1210 1849 [et
1233 1807 1342 1850 E1·f.],
1370 1815 1407 1840 ut
1428 1821 1529 1852 supra
1556 1822 1582 1841 c.
1611 1822 1657 1842 io.
1690 1822 1731 1840 ex
1753 1807 1860 1851 inpiis
1882 1818 1957 1837 ma-

71 1863 171 1895 nibus
196 1864 417 1906 eripuerunt,
452 1868 485 1892 et
506 1861 600 1892 addit
624 1862 828 1904 plerumque
852 1864 982 1895 Cicero.
1023 1863 1283 1894 Giumwox‘uffs.
1329 1862 1474 1904 Recepi,
1510 1873 1715 1905 quamquam
1738 1861 1811 1892 aliis
1835 1859 1875 1890 ab
1901 1859 1955 1889 in-

68 1921 218 1957 terprete
244 1916 357 1946 addita
382 1915 490 1946 uideri
513 1921 640 1957 potest,
686 1915 845 1956 quoniam
875 1916 940 1947 hoc
969 1915 1104 1958 quidem
1127 1915 1201 1946 loco
1225 1914 1447 1956 praecedente
1470 1917 1543 1948 acie
1566 1916 1697 1947 librarii
1720 1925 1836 1945 errore
1859 1911 1953 1944 exci-

69 1967 150 1998 dere
172 1967 343 1999 facillume
366 1968 487 2011 potuit.
533 1967 603 1998 Csr.
628 1966 758 2009 Proleg.
781 1969 822 1999 L.
844 1969 886 1999 II.
912 1970 950 2001 C.
974 1971 1000 2001 Ι.
1026 1969 1056 2010 §.
1080 1968 1110 1999 8.
1136 1979 1168 2010 p.
1192 1968 1322 1998 XLII..

157 2022 186 2062 ς.
212 2022 260 2061 75,
308 2022 356 2053 Te
379 2022 465 2053 milii
487 2021 660 2052 remittere
688 2026 792 2063 atque
814 2024 1004 2063 com-edere)
1048 2021 1128 2052 Sine
1157 2020 1257 2050 dubio
1282 2020 1473 2052 Laterensis
1504 2020 1611 2052 fretus
1635 2020 1798 2063 dignitate
1819 2031 1878 2052 sua
1900 2024 1952 2049 at-

70 2085 134 2115 que
154 2073 330 2105 nobilitate
352 2074 483 2116 generis
506 2079 716 2116 sperauerat,
751 2072 839 2112 fore,
866 2081 904 2106 ut
926 2072 1192 2117 conpetitoribus
1215 2071 1301 2109 suis,
1332 2073 1410 2104 licet
1432 2084 1449 2103 a
1473 2074 1602 2116 magnis
1632 2073 1714 2104 uiris
1745 2071 1951 2105 conmenda-

70 2131 201 2163 rentur,
225 2132 334 2158 tamen
356 2132 627 2169 anteponeretur.

162 2178 208 2210 Ut
238 2192 334 2212 omne
366 2181 522 2213 studium
549 2191 660 2211 meum
693 2178 729 2209 ill
759 2178 818 2211 Cn.
844 2180 972 2212 Planci
1008 2179 1133 2210 honore
1166 2177 1408 2219 consumerem)
1452 2178 1567 2210 Edidit
1596 2178 1783 2210 Lambinus
1811 2178 1948 2215 honore,

70 2231 158 2274 quod
179 2242 199 2262 a
223 2232 296 2264 cod·
320 2234 418 2265 Barb.
443 2233 572 2265 firmari
594 2243 736 2271 moneo,
772 2232 854 2263 item
876 2244 895 2263 a
915 2244 1009 2270 meo,
1045 2238 1078 2262 et
1100 2232 1215 2274 priore
1238 2232 1342 2269 Uen.,
1374 2230 1533 2273 quodque
1555 2232 1638 2262 adeo
1662 2230 1768 2261 ferme
1790 2230 1947 2273 praefero

68 2284 202 2316 aurium
226 2295 353 2321 caussa,
391 2285 544 2328 quamuis
575 2286 610 2316 in
638 2285 710 2328 ipsa
733 2284 906 2315 locutione
934 2284 1021 2316 1111111
1044 2284 1185 2315 intersit.
1231 2284 1341 2315 Etiam
1365 2284 1404 2314 ll.
1427 2285 1511 2326 Agr.
1536 2297 1586 2318 22.
1610 2285 1677 2317 Msi
1698 2282 1825 2324 aliquot
1850 2282 1948 2313 exbi-

68 2338 165 2376 bent,
190 2350 298 2381 neque
321 2339 357 2370 in
381 2344 636 2370 monumentum
659 2343 915 2381 consumptum,
937 2337 1073 2368 auribus
1096 2336 1214 2367 itidem
1236 2337 1511 2379 repugnantibus3
1545 2344 1594 2369 set
1615 2337 1729 2381 plures
1753 2342 1851 2377 atque
1885 2347 1949 2377 po-

68 2390 169 2421 tiores
189 2389 236 2421 ibi
260 2390 340 2421 dant
362 2397 589 2430 momumento,
613 2391 898 2433 quemadmodum
921 2401 1053 2422 summo
1077 2400 1239 2420 consensu
1263 2389 1431 2422 librorum
1454 2390 1560 2421 editur
1583 2390 1720 2432 insuper
1742 2390 1768 2419 Ι.
1794 2391 1879 2430 Agr.
1905 2390 1937 2419 4.

69 2442 196 2474 Similis
220 2449 269 2474 est
291 2444 383 2475 locus
405 2455 468 2487 pro
493 2444 610 2476 Sextio
636 2455 664 2475 e.
692 2445 740 2477 15.
765 2457 866 2488 quom
889 2456 1019 2476 omnem
1043 2443 1114 2475 uim
1137 2442 1193 2473 sul
1215 2442 1413 2476 tribunatus
1436 2444 1473 2476 in
1496 2456 1571 2476 mea
1595 2443 1707 2475 salute
1730 2453 1946 2485 consumpse-

1460 2498 1527 2528 30*
