2264 2746
805 111 830 140 c
849 111 878 139 A
898 111 932 139 P.
970 110 1044 139 XL.
1078 109 1106 150 ς.
1133 116 1179 143 95.
1206 115 1252 142 95.
1905 114 1959 140 237

93 193 238 219 streniae
268 186 417 230 syllabae
448 185 540 219 uocis
570 192 710 220 uetusta
741 186 961 229 superductae
987 186 1126 217 suerunt
1154 185 1228 216 aliis
1250 184 1332 216 item
1357 184 1475 223 erasis:
1511 194 1594 226 quae
1617 195 1668 215 res
1690 194 1844 225 magnam
1874 184 1957 214 mibi

93 240 318 283 suspicionem
340 239 449 279 inicit,
487 240 522 271 in
546 252 585 271 eo
608 239 722 270 codice
748 239 914 281 integram
938 239 1088 270 extitisse
1111 250 1228 269 uocem
1255 243 1412 270 uetustas
1435 249 1453 268 a
1475 237 1585 280 prima
1606 249 1723 275 manu,
1753 237 1824 267 siue
1847 237 1959 278 potius

93 298 276 332 uenustas,
317 304 402 335 quae
431 304 507 324 cum
530 293 588 324 illa
613 291 799 324 conmutari
828 291 930 331 solet,
968 298 1006 323 ut
1026 291 1174 322 uidimus
1205 292 1243 322 ad
1270 304 1296 322 c.
1325 303 1371 322 12.
1402 302 1465 333 pro
1489 291 1615 323 Arcb..
1660 290 1697 321 ld
1722 295 1829 327 certe,
1872 289 1958 329 quod

95 346 246 386 suberat,
269 345 424 388 pluribus
447 346 617 377 constabat
639 344 779 383 litteris,
804 355 904 385 quain
929 344 1016 386 quod
1039 351 1151 386 postea
1174 345 1336 387 scriptum
1361 343 1437 374 suit.
1483 343 1614 374 Similia
1636 343 1670 374 in
1694 343 1766 373 aliis
1790 341 1959 372 codicibus

94 399 300 442 deprehensa
322 397 482 438 fuissent,
515 398 656 441 opinor,
689 398 717 430 si
739 408 794 428 eos
820 396 909 427 docti
932 397 998 427 uiri
1021 397 1212 438 diligentius
1237 396 1469 427 excussissem.
1515 396 1633 426 Simile
1656 395 1762 426 fatum
1785 395 1884 426 huius
1907 395 1960 424 lo—

94 450 238 482 cutionis
262 449 369 482 fuerat
390 451 435 482 V.
458 450 499 482 ad
522 451 603 482 Diu.
631 452 696 491 15„
738 449 795 480 ubi
820 448 981 480 edebatur
1004 455 1160 481 uetustus
1184 455 1233 481 est
1255 461 1370 487 1111101,-
1407 460 1449 479 ex
1476 449 1542 479 suis
1567 449 1713 491 optumis
1736 447 1818 480 Msis
1841 447 1961 479 Uicto-

91 503 161 534 rius
183 502 329 535 restituit
352 510 526 543 uetustcw,
555 516 669 543 amor,
700 502 901 535 Graeuianis
926 501 1207 544 adstipulantibus
1232 507 1264 532 et
1287 501 1417 532 duobus
1440 501 1597 540 Barl)er.‚
1632 502 1666 532 111
1691 513 1834 543 quorum
1859 501 1959 531 etiam

93 557 200 587 altero
221 567 313 587 num.
342 556 432 587 1410.
456 556 580 598 legitur
602 570 683 589 nam
705 561 870 588 uetustas.
895 555 1153 586 GARATONIUS.
1199 555 1238 585 In
1262 555 1334 597 ipso
1354 554 1436 584 Bau.
1461 560 1674 587 uetuslulum
1698 555 1872 592 (micitia,
1902 555 1956 596 qui

94 609 195 640 etiam
219 622 296 641 cum
317 614 394 639 ante
415 608 497 639 haec
519 609 668 640 exhibet.
714 609 829 640 Codex
852 613 1010 649 optumus
1033 606 1105 638 ErF.
1131 606 1251 637 obtulit
1275 607 1441 646 Graeuio,
1480 620 1556 639 cum
1580 614 1752 644 uetustas,
1782 613 1853 638 tum
1873 620 1959 643 ann-5

93 673 163 692 non
186 662 293 700 male,
319 660 448 702 inquit:
476 673 574 704 quam
596 662 698 701 bene,
722 672 791 692 11011
814 659 994 691 intellexit.
1038 660 1159 700 Neque
1182 660 1257 702 plus
1281 660 1362 691 uidit
1389 661 1559 699 Ernestus‚
1588 661 1644 702 qui
1668 661 1753 691 hanc
1767 661 1959 691 Tullianam

93 713 292 745 latinitatem
315 725 375 744 suo
399 714 435 744 in
460 715 591 756 egregio
616 714 723 745 indice
745 712 989 757 praetermisitz
1016 711 1103 753 quod
1130 718 1239 743 tamen
1263 719 1295 743 et
1318 713 1440 744 Pareus
1464 720 1559 744 antea
1581 713 1703 744 fecerat
1727 719 1759 744 et
1786 713 1853 755 ipse
1874 714 1961 745 Ges-

92 779 216 805 nerus:
246 773 296 798 set
318 767 425 798 Faber
447 767 630 810 adtigerat,
657 779 758 810 quem
780 773 912 799 secutus
937 771 985 797 est
1010 765 1230 797 Forcellinus.
1276 767 1348 808 Ego
1373 766 1518 808 denique
1540 766 1663 797 similia
1685 766 1783 808 plura
1807 778 1849 796 ex
1873 767 1961 797 'sul-

92 820 139 851 lio
163 819 324 861 congessi.
369 821 471 851 Hunc
493 827 608 863 postea
631 826 926 863 peropportunum
950 820 1061 850 locum
1086 818 1202 848 inueni
1223 819 1286 849 XI.
1312 820 1419 861 Epist.
1444 831 1493 860 27.
1518 819 1558 850 ad
1582 818 1744 850 Matium:
1781 820 1961 858 Quantum

92 873 257 905 memoria
286 879 437 916 repetere
462 874 654 917 praeterita
670 885 831 917 possum,
871 878 999 903 nemost
1021 872 1107 902 milii
1137 877 1168 902 te
1191 872 1322 903 (amicus
1353 873 1541 915 antiquior.
1586 873 1643 903 Sel
1675 877 1830 904 uetustas
1861 873 1960 904 habet

92 926 230 969 aliquid
251 938 414 957 commune
436 939 512 958 cum
535 927 673 965 multis,
695 938 791 958 amor
813 938 879 957 nou
900 925 1010 957 habet.
1051 924 1174 956 Dilexi
1196 929 1227 954 te
1251 937 1315 967 quo
1341 926 1397 956 die
1420 925 1583 967 c-ognoui,
1617 936 1735 967 meque
1757 937 1777 955 a
1802 930 1833 956 te
1856 926 1961 968 diligi

93 979 262 1010 iudicaui.
310 979 408 1010 Tuus
433 979 554 1011 deinde
583 980 750 1011 discessus
773 996 815 1002 —-
839 984 872 1010 et
895 979 990 1009 uitae
1019 976 1268 1008 dissimilitudo
1300 989 1365 1008 11011
1395 983 1444 1009 est
1468 989 1576 1020 passu
1601 977 1798 1008 uoluntates
1825 984 1961 1009 nostras

92 1032 337 1063 consuetudine
360 1031 607 1074 conglutinari.
651 1032 712 1063 Est
740 1031 844 1074 igitur
867 1036 1023 1063 uetustas
1046 1029 1116 1071 ipsa
1139 1029 1300 1070 temporis
1328 1029 1518 1070 longitudo,
1559 1029 1647 1070 quod
1681 1029 1874 1059 inlustrauit
1897 1030 1961 1060 Pa-

92 1095 167 1115 reus
191 1083 309 1115 Lexic.
334 1083 406 1114 crit.
429 1095 463 1126 p.
490 1084 599 1126 1289.,
634 1095 718 1126 quae
741 1084 775 1115 111
799 1084 860 1115 hac
884 1095 919 1114 re
942 1082 984 1114 ad
1006 1082 1152 1125 primam
1178 1081 1343 1112 amicitiae
1375 1082 1540 1124 originem
1570 1081 1733 1120 refertur,
1770 1092 1845 1112 011111
1873 1082 1961 1113 iuter

90 1148 152 1168 nos
183 1137 328 1168 officiosa
361 1135 551 1178 cognitione
581 1137 833 1179 coniungimur,
867 1147 971 1178 eaque
1000 1147 1069 1166 11011
1101 1134 1203 1165 modo
1227 1134 1266 1164 ab
1293 1134 1453 1165 interiore
1479 1134 1626 1166 amicitia
1648 1141 1748 1177 atque
1770 1135 1810 1165 ab
1834 1146 1959 1175 amore,

90 1201 210 1220 uerum
231 1189 330 1220 etiam
356 1200 375 1219 a
397 1189 634 1220 consuetudine
657 1189 730 1232 ipsa
751 1190 951 1231 seiungitur.
997 1190 1256 1219 GARATONIUS.

177 1244 250 1275 Mei
273 1241 408 1285 fi·(ttris
439 1242 612 1284 conlegia)
659 1242 748 1283 Quia
771 1243 926 1283 conlegae
951 1241 1090 1272 suerunt
1118 1241 1151 1270 in
1176 1246 1351 1282 praetura3
1385 1246 1462 1281 post
1484 1247 1678 1282 praeturam
1701 1247 1812 1271 autem
1836 1242 1960 1284 Uergi-

92 1296 156 1328 lius
179 1295 215 1326 in
239 1294 387 1326 Siciliam
414 1300 447 1324 et
470 1294 586 1324 eodem
609 1305 696 1325 anno
721 1295 764 1335 Q.
788 1294 906 1325 Cicero
929 1293 965 1324 111
987 1293 1103 1325 Asiam
1128 1292 1299 1335 profectus
1323 1299 1381 1324 est.
1426 1294 1640 1324 MANPTH'S.

180 1348 271 1379 Tum
294 1358 346 1378 res
362 1346 506 1390 publica
527 1347 692 1389 sociarat)
737 1347 916 1378 Bauaricus
949 1347 995 1387 [et
1018 1345 1105 1387 Erf.]
1134 1357 1202 1376 uno
1227 1352 1273 1376 est
1300 1347 1405 1377 uerbo
1428 1347 1475 1378 sic
1497 1346 1642 1386 auctior,
1677 1352 1750 1378 tum
1774 1349 1824 1379 rei
1841 1348 1960 1391 publi-

92 1413 151 1434 cae
173 1412 295 1432 caussa
317 1400 480 1431 sociarat.
525 1399 625 1440 Quod
649 1399 710 1431 etsi
733 1398 957 1430 necessarium
980 1410 1049 1429 11011
1073 1404 1137 1437 est,
1167 1411 1241 1429 cum
1266 1405 1444 1441 optumum
1468 1399 1525 1437 sit,
1558 1412 1611 1431 res
1629 1400 1771 1443 publica
1795 1401 1958 1439 sociarat,

91 1461 128 1486 ut
153 1465 213 1496 pro
236 1451 312 1491 Mi-l.
337 1463 363 1482 e.
388 1452 418 1484 8.
451 1465 504 1484 res
522 1451 665 1495 publica
687 1465 748 1484 nos
771 1453 949 1484 coniunxit
972 1464 1048 1483 cum
1072 1451 1182 1491 bonis,
1211 1458 1446 1483 uerulntamen
1469 1453 1667 1484 Tullianum
1692 1453 1830 1483 omnino
1855 1460 1904 1484 est
1927 1460 1960 1484 et

91 1505 308 1550 sequentibis
332 1511 604 1544 consentaneum,
640 1506 790 1538 eiusdem
816 1505 947 1537 tribuni
967 1506 1017 1548 pl.
1039 1505 1251 1537 contionibus
1279 1510 1421 1548 propter
1444 1506 1584 1537 eandem
1608 1507 1658 1537 rei
1674 1506 1836 1549 publicae
1859 1520 1959 1538 caus-

92 1573 167 1594 sam
196 1570 295 1602 saepe
324 1564 480 1590 uexatus.
521 1558 780 1590 GARATONIUS.
827 1558 1058 1600 Optumorum
1081 1558 1231 1589 codicum
1262 1559 1462 1600 scripturam
1489 1570 1527 1588 eo
1549 1558 1660 1589 minus
1684 1559 1835 1600 recipcre
1859 1560 1959 1590 (iubi-

90 1614 178 1653 taui,
219 1624 284 1654 quo
310 1611 517 1653 aequaliora‚
555 1623 639 1653 quae
659 1612 722 1643 sibi
746 1612 898 1654 opposita
923 1617 1016 1650 sunt,
1054 1611 1224 1650 membra,
1257 1612 1324 1643 mei
1337 1610 1472 1654 fratris
1495 1612 1651 1654 conlegia
1675 1617 1707 1641 et
1730 1613 1958 1655 reipublicae

92 1679 216 1701 caussa
239 1664 398 1696 existunt.
442 1663 600 1703 Accedit,
625 1664 732 1706 quod,
761 1664 927 1706 quomodo
951 1676 1075 1694 nomen
1099 1677 1220 1696 caussa
1245 1663 1422 1702 exciderit,
1452 1662 1581 1695 facilius
1606 1664 1826 1706 intellegitur,
1858 1677 1958 1708 quam

92 1718 258 1763 quomodo
281 1717 322 1748 ab
344 1717 530 1760 interprete
555 1717 633 1748 addi
655 1718 814 1760 potuerit.
859 1717 945 1749 Uide
969 1717 1069 1747 etiam
1089 1717 1220 1760 Proleg.
1245 1719 1286 1749 L.
1310 1717 1352 1747 II.
1381 1716 1418 1747 C.
1441 1716 1466 1746 Ι.
1492 1716 1521 1756 §.
1546 1716 1575 1747 8.
1599 1728 1632 1758 p.
1656 1717 1723 1748 XL
1743 1730 1832 1760 sqq..

178 1773 208 1814 ς.
242 1771 292 1813 96.
337 1770 433 1810 Quicl
464 1771 601 1802 dicam?
645 1771 679 1803 C.
713 1770 889 1814 Uergilio,
925 1771 989 1802 tali
1017 1771 1088 1802 ciui
1120 1776 1152 1802 et
1179 1771 1256 1802 uiro
1279 1787 1320 1793 —
1340 1768 1645 1813 fidenrcleficisse)
1690 1770 1876 1803 Priscianus
1907 1774 1955 1804 ed.

91 1826 225 1859 Putsch.
249 1835 283 1866 p.
313 1824 383 1864 766.
406 1823 453 1854 ita
475 1823 564 1854 hunc
587 1824 699 1854 locum
721 1823 818 1855 citat:
859 1824 955 1864 Quid
976 1825 1089 1856 dicam
1118 1825 1160 1856 (Ze
1182 1824 1216 1855 C.
1247 1823 1419 1865 sz'zgilz’o,
1458 1823 1522 1853 tali
1545 1823 1615 1854 ciui
1638 1829 1669 1854 et
1695 1824 1797 1856 uiro?
1841 1826 1957 1868 Atque

90 1880 138 1912 ita
158 1879 270 1921 ipsum
292 1875 411 1918 legisse
432 1876 510 1907 illut
532 1876 688 1916 ostendit,
712 1876 800 1918 quod
822 1876 961 1908 ablatiui
984 1877 1253 1909 terminationem
1276 1875 1409 1917 putauit
1432 1875 1486 1906 hic
1510 1887 1588 1915 esse,
1613 1877 1679 1908 tali
1701 1877 1782 1909 ciui.
1827 1878 1861 1909 Si
1878 1891 1955 1910 usus

91 1938 142 1964 est
165 1930 294 1969 codice,
329 1940 397 1960 non
430 1940 508 1960 eum
539 1929 655 1960 ceteris
681 1930 836 1961 onmibus
862 1929 1123 1972 praeferendum
1152 1941 1222 1961 esse
1249 1929 1320 1960 ullo
1350 1928 1450 1959 modo
1476 1929 1689 1971 putauerim:
1730 1930 1756 1961 si
1780 1933 1954 1972 memoria,

90 1984 235 2017 nimium
257 1992 335 2014 sane
359 1982 399 2012 ab
422 1981 481 2013 illa
502 1981 567 2014 fuit
589 1983 755 2025 deceptus.
801 1983 1060 2014 GARAToxnrs.

176 2037 248 2068 Iter
269 2048 292 2067 a
320 2035 449 2068 Uibone
469 2035 713 2068 Brundusium
736 2041 830 2067 terra
845 2041 964 2078 petere
987 2036 1157 2078 contendi)
1201 2036 1239 2067 Iu
1263 2035 1328 2067 1100
1347 2034 1421 2065 1000
1445 2033 1617 2066 neminem
1640 2035 1785 2067 haesisse
1807 2037 1953 2079 repperi.

92 2091 166 2133 Ego
192 2093 304 2119 autem
325 2099 457 2131 semper
480 2089 582 2120 haesi.
626 2089 700 2120 Iler
723 2094 817 2120 terra
834 2093 953 2131 petere
977 2088 1114 2131 aliquo,
1151 2088 1257 2130 qualis
1287 2087 1397 2118 forma
1426 2086 1581 2119 dicendi?
1626 2087 1773 2120 Uidetur
1798 2090 1863 2121 iter
1894 2090 1954 2120 de-

92 2142 240 2175 lendum.
284 2140 370 2172 Mox
392 2153 419 2172 0.
435 2146 488 2178 41.
503 2148 552 2175 est
574 2141 835 2185 Dyrrhachium
853 2146 969 2184 petere
992 2142 1158 2173 contendi.
1181 2142 1405 2172 Enxnsmcs.
1450 2140 1611 2173 Abundat
1632 2141 1686 2172 hic
1708 2140 1859 2184 profecto
1882 2154 1951 2174 uox

93 2197 180 2228 iter.-
215 2192 292 2224 satis
323 2194 413 2226 enim
441 2201 512 2226 erat
540 2195 670 2234 dicere,
709 2207 731 2226 α
763 2193 890 2225 Uibone
912 2194 1155 2226 Brundusium
1186 2200 1278 2226 terra
1306 2200 1420 2237 petere
1450 2195 1626 2233 contendi,
1661 2200 1699 2225 ut
1728 2206 1810 2225 mox
1842 2207 1868 2225 c.
1898 2196 1950 2227 41.

93 2247 225 2291 Dyrrh.
248 2251 366 2289 petere
394 2249 560 2280 contendi.
603 2247 826 2289 Pantagathus
856 2246 976 2288 igitur,
1014 2252 1051 2277 ut
1080 2247 1231 2278 narrauit
1253 2247 1413 2286 Ursinus,
1451 2247 1662 2286 emendabat,
1701 2253 1793 2279 terra
1824 2248 1951 2280 Uibone

93 2299 336 2333 Brundusium
353 2305 468 2342 petere
490 2301 668 2339 contendi3
708 2310 829 2330 uocem
852 2300 918 2331 iter
940 2299 1068 2331 delebat
1090 2300 1260 2331 Ernestus.
1307 2300 1364 2330 Set
1386 2300 1519 2331 nullum
1542 2311 1612 2332 esse
1634 2299 1688 2331 hic
1722 2300 1950 2332 emendationi

94 2352 207 2384 locum
230 2351 375 2382 ostendit
396 2353 451 2383 uir
472 2352 621 2384 doctrina
644 2359 677 2384 et
697 2351 821 2383 iudicio
844 2363 1023 2383 maxumus
1046 2352 1270 2384 Ruhnkenius
1293 2352 1334 2383 ad
1360 2353 1450 2385 Uell.
1476 2354 1526 2392 H,
1555 2353 1626 2391 32„
1661 2352 1719 2394 qui
1742 2353 1855 2386 docet.
1885 2366 1949 2397 pe-

94 2411 165 2439 tere
185 2405 252 2438 iter
274 2403 314 2436 ab
338 2404 485 2447 optumis
506 2404 696 2439 auctoribus
722 2405 825 2437 fuisse
846 2405 1023 2447 aliquando
1047 2411 1262 2448 usurpatum3
1286 2416 1304 2436 a
1322 2405 1423 2437 Liuio
1447 2406 1582 2446 XLIV,
1609 2416 1637 2438 2.
1665 2406 1756 2449 quod
1773 2407 1839 2438 iter
1856 2407 1950 2450 peti-
