2264 2746
865 121 902 149 L.
924 120 948 149 I.
989 121 1023 149 c.
1045 120 1100 148 111.
1139 118 1167 159 ς.
1192 131 1214 149 l.
1236 130 1260 149 2.
1923 125 2007 154 xlx

126 206 160 230 ut
181 210 220 228 ex
239 198 418 227 coniectura
436 196 573 226 feliciter
593 206 626 224 ea
646 196 864 224 restitueretur
884 196 1052 234 scriptura,
1088 206 1163 233 quac
1184 207 1246 224 non
1268 200 1314 223 cst
1334 195 1459 223 dubium
1481 195 1555 233 quin
1576 195 1608 222 in
1630 195 1735 223 codice
1756 197 1898 235 principe
1920 199 2002 226 exti-

126 248 208 276 terit.
248 247 283 274 Id
304 246 417 274 sactum
438 245 527 273 uerbi
549 254 651 272 caussa
673 244 705 271 in
727 245 833 272 codice
855 244 994 279 uidetur,
1016 255 1053 272 ex
1075 255 1135 282 quo
1157 244 1353 271 Oxonicnses
1375 244 1408 277 C,
1429 244 1477 278 H,
1499 244 1535 278 S,
1556 248 1585 271 et
1607 242 1634 269 Τ
1655 248 1726 270 sunt
1747 245 1817 272 orti.
1857 246 1899 273 Ili
1922 247 2002 274 enim

125 296 199 324 libri
221 295 378 323 nonnullis
400 293 432 320 in
451 292 527 320 locis
548 292 606 320 soli
627 303 731 321 ueram
752 292 867 320 habent
887 293 1071 330 scripturam
1093 303 1162 320 cum
1183 293 1206 319 B
1228 296 1259 318 et
1279 292 1315 324 Ι),
1337 291 1389 318 ubi
1411 291 1524 328 reliqui
1546 301 1650 318 omnes
1673 293 1814 330 corrupti
1834 298 1913 321 sunt.
1957 294 2001 322 Hx

125 355 184 382 qua
203 354 238 372 re
258 342 339 381 quod
359 341 515 378 conligere
536 340 603 378 quis
624 341 738 378 possit,
766 351 817 367 eos
846 351 998 379 proxume
1020 347 1164 379 cognatos
1191 350 1259 367 cum
1280 338 1447 375 exemplari
1470 349 1550 374 esse,
1572 340 1654 377 qnod
1674 350 1713 368 cx
1733 341 1839 368 codiee
1861 341 2002 378 principe

125 392 222 420 suerit
243 390 445 428 descriptum,
479 394 645 427 propterca
671 399 797 427 prorsus
826 389 1057 424 incredibilest,
1095 389 1176 427 quod
1204 388 1236 415 in
1265 387 1332 414 aliis
1354 387 1450 413 multo
1474 387 1613 424 pluribus
1634 388 1711 415 locis
1733 394 1784 416 aut
1804 389 2003 417 consentiunt

127 451 195 468 cum
215 438 343 476 reliquis
364 437 499 465 familiae
526 437 637 465 tertiae
659 437 815 465 codicibus
836 437 868 464 in
890 437 993 475 pranis
1015 437 1194 475 scripturis,
1215 440 1267 463 aut
1287 435 1384 462 multo
1408 434 1602 469 grauioribus
1625 436 1715 464 etiam
1736 447 1823 474 quam
1845 437 1897 464 alii
1919 436 2002 464 cius-

127 489 195 516 dem
214 486 348 516 familiae
370 485 491 512 codices
515 486 701 524 corruptelis
724 485 876 523 inquinati
903 484 1186 523 deprehenduntur.
1227 483 1314 518 Quae
1342 491 1409 508 cum
1438 481 1480 509 ita
1508 483 1585 515 sint,
1620 494 1718 522 neque
1740 485 1892 522 quomodo
1921 484 2003 512 inter

127 547 158 564 se
183 534 304 573 cognati
324 533 387 561 siut
407 533 541 561 familiae
561 534 672 561 tertiae
694 533 832 568 codices,
854 543 954 570 neque
975 533 1098 570 quinam
1113 540 1264 569 proxume
1286 540 1323 557 cx
1347 529 1441 563 libro,
1463 530 1514 567 qui
1537 531 1708 570 descriptus
1729 543 1767 561 ex
1788 531 1894 560 codice
1914 531 2003 569 prin-

127 584 196 622 cipe
217 588 278 617 est,
307 581 369 609 orti
390 581 536 608 censendi
557 582 635 613 sint,
674 582 738 609 ullo
759 581 849 609 modo
872 580 976 608 doceri
996 586 1108 618 potest.
1150 578 1224 606 Illut
1251 582 1351 604 tamen
1375 587 1431 614 pro
1454 582 1538 604 certo
1560 579 1720 606 adfirmare
1741 581 1852 614 ausim,
1883 580 2001 607 nullum

127 642 165 660 ex
187 631 359 665 codicibus,
389 640 519 667 quorum
540 629 643 656 uariae
665 629 814 657 lectiones
835 639 851 656 a
870 638 918 656 me
939 633 1010 655 sunt
1030 632 1208 664 congestae,
1246 626 1433 663 descriptum
1455 636 1493 653 ex
1515 625 1617 662 aliquo
1641 637 1761 661 corum,
1801 629 1911 666 quibus
1932 639 2003 656 usus

126 690 208 714 sum,
229 679 291 706 dici
311 687 409 716 posse.
451 677 628 715 Tantoperc
644 688 659 705 a
673 687 704 705 se
723 677 837 714 singuli
859 676 1054 709 dissentiunt,
1076 684 1256 712 quamquam
1277 674 1383 701 multis
1403 673 1435 701 in
1457 673 1534 701 locis
1557 674 1656 701 denuo
1678 675 1753 702 mire
1774 676 1856 704 inter
1877 686 1907 703 se
1929 686 2003 704 con-

126 727 273 754 sentiunt.
313 726 359 753 Ac
388 735 464 763 quae
491 725 528 753 de
556 725 747 764 quorundam
774 725 855 752 inter
882 733 914 751 se
941 733 1093 751 consensu
1114 722 1243 750 dicenda
1264 726 1365 757 erant,
1394 732 1427 750 ea
1454 722 1513 750 iam
1537 732 1628 760 supra
1650 722 1683 750 C.
1706 723 1727 750 l.
1749 721 1775 761 5.
1796 725 1821 751 3.
1844 724 1904 752 suis
1926 724 2002 752 locis

127 779 198 803 sunt
218 774 367 813 exposita.

947 885 1066 920 CAP.
1118 885 1180 919 ΙΙΙ.

605 969 679 996 DE
724 967 1190 997 AUCTORITATE
1232 967 1521 998 CODICUM

1017 1026 1108 1043 srUE

529 1064 583 1089 DE
608 1063 826 1095 RATIONE,
848 1065 935 1098 QUA
961 1064 1017 1089 IIS
1043 1065 1098 1089 AD
1127 1064 1447 1089 EMENDANDAM
1474 1064 1593 1090 HANC

746 1109 1023 1135 ORATIONEM
1049 1109 1273 1134 UTENDUM
1300 1108 1380 1134 SIT.

1019 1214 1046 1254 §.
1078 1223 1102 1247 1.

201 1269 288 1305 Quae
308 1267 479 1306 scripturae
501 1268 714 1296 consentiente
734 1268 941 1297 Ambrosiauo
969 1269 1103 1297 familiae
1124 1270 1290 1305 secundae,
1319 1276 1349 1298 et
1369 1271 1503 1299 familiae
1524 1269 1635 1298 tertiae
1656 1269 1798 1297 codicum
1819 1271 2001 1299 auctoritate

125 1316 276 1352 nituntur,
298 1327 350 1344 eae
365 1316 501 1344 dubitari
521 1317 630 1354 nequit
651 1317 725 1354 quin
746 1317 782 1344 ab
804 1317 871 1354 ipso
890 1317 1041 1345 Cicerone
1061 1318 1220 1356 profectae
1241 1318 1311 1345 sint.
1351 1319 1408 1347 Est
1428 1325 1529 1347 tamen
1549 1328 1627 1346 unus
1648 1317 1744 1352 locus,
1765 1317 1796 1345 in
1816 1329 1875 1356 quo
1897 1329 2001 1347 omnes

125 1364 259 1392 familiae
280 1365 430 1393 secundae
452 1370 482 1392 et
502 1365 613 1393 tertiae
634 1365 755 1393 codices
777 1375 844 1392 cum
865 1364 1071 1393 Ambrosiam
1098 1366 1130 1393 in
1150 1366 1255 1394 salsam
1276 1366 1422 1395 uidentiu·
1443 1366 1625 1404 scripturam
1647 1366 1831 1394 consentire.
1870 1367 2001 1404 Legitur

125 1413 151 1441 is
173 1414 206 1441 C.
227 1413 335 1440 XVII.
355 1412 382 1452 §.
403 1415 458 1448 41„
479 1414 533 1441 ubi
553 1423 609 1451 pro
631 1414 692 1440 An
713 1423 784 1440 nero
805 1423 904 1449 nuper
924 1418 980 1440 ete.
1003 1415 1082 1441 Ain
1103 1414 1200 1441 uero?
1224 1425 1323 1452 nuper
1347 1421 1403 1443 etc.
1425 1413 1621 1442 scribendum
1642 1423 1706 1442 esse
1728 1414 1759 1442 in
1781 1415 1998 1442 commentario

127 1461 226 1490 docui.
262 1462 315 1490 Set
333 1466 394 1489 tam
410 1461 510 1489 facilis
528 1471 616 1489 error
635 1461 694 1489 iste
713 1461 783 1496 fuit,
804 1465 839 1489 ut
854 1470 943 1488 nemo
959 1471 1021 1488 non
1036 1461 1149 1497 uideat,
1171 1472 1241 1490 eum
1260 1473 1276 1490 a
1290 1463 1432 1501 pluribus
1453 1462 1589 1490 librariis
1607 1461 1698 1490 simul
1715 1462 1834 1490 admitti
1854 1462 1998 1500 potuisse.

1023 1556 1050 1597 §.
1072 1564 1097 1589 2.

202 1615 275 1643 Non
294 1615 394 1643 minus
415 1615 562 1654 genuinae
582 1614 740 1643 habendae
767 1620 838 1643 sunt
865 1614 937 1642 illae
958 1615 1145 1654 scripturae,
1173 1627 1245 1654 quas
1273 1627 1341 1645 eum
1362 1617 1567 1645 Ambrosiano
1589 1615 1753 1644 Bauaricus
1782 1621 1813 1644 et
1832 1616 1998 1644 Erfurten-

127 1664 168 1692 sis
188 1663 313 1697 habent,
334 1663 462 1701 reliquis
483 1663 571 1692 libris
592 1663 681 1690 aliter
702 1663 919 1690 scribentibus.
959 1663 1038 1691 Nam
1059 1664 1091 1691 in
1112 1663 1160 1691 his
1182 1664 1258 1691 locis
1279 1664 1303 1691 si
1329 1664 1396 1702 quis
1418 1675 1482 1693 eam
1503 1665 1696 1703 scripturam,
1719 1674 1792 1701 quae
1813 1664 1845 1692 in
1865 1663 1998 1691 familiae

127 1711 237 1739 tertiae
259 1710 417 1738 codicibus
438 1716 501 1746 est,
528 1710 689 1748 genuinam
711 1711 853 1745 duceret,
888 1711 914 1738 is
935 1716 1069 1739 statuere
1090 1712 1231 1747 deberet,
1261 1723 1277 1739 a
1298 1712 1415 1740 duobus
1438 1713 1568 1742 diuersis
1591 1713 1724 1740 librariis
1746 1712 1844 1750 iisque
1865 1711 1998 1748 diligen-

126 1759 277 1794 tim-ibus,
298 1769 428 1796 quorum
449 1759 524 1786 alter
544 1759 798 1793 Ambrosianum,
819 1759 896 1786 alter
918 1768 986 1787 eum
1008 1760 1159 1795 codicem,
1182 1771 1221 1788 ex
1241 1771 1301 1798 quo
1323 1761 1347 1787 B
1369 1765 1399 1788 et
1418 1761 1444 1788 E
1466 1766 1537 1788 sunt
1557 1761 1628 1795 orti,
1649 1760 1801 1793 exaranst,
1822 1759 1900 1787 miro
1921 1768 1997 1785 eon-

126 1817 217 1835 sensu
239 1806 398 1835 Ciceronis
419 1807 514 1834 uerba
534 1805 566 1832 in
587 1806 715 1834 eundem
735 1806 859 1834 modum
881 1812 1055 1835 conmutata
1075 1818 1156 1844 esse,
1189 1815 1309 1837 seruata
1329 1813 1430 1837 autem
1451 1809 1486 1836 ab
1508 1819 1560 1843 eo,
1588 1818 1675 1845 quem
1696 1808 1838 1835 uitiatum
1859 1805 1996 1833 codicem

127 1855 323 1892 neglegenter
343 1853 542 1892 descripsisse
563 1853 684 1882 scimus.
724 1854 816 1890 Quod
841 1865 908 1883 cum
928 1856 964 1883 ab
987 1855 1069 1883 omni
1089 1856 1310 1893 probabilitate
1331 1855 1510 1891 abhorreat,
1540 1856 1709 1893 scriptura,
1730 1865 1818 1892 quam
1837 1854 1882 1889 A,
1903 1854 1944 1888 B,
1966 1858 1997 1881 et

127 1903 153 1931 E
174 1902 298 1937 habent,
317 1911 380 1929 non
400 1901 498 1929 solum
519 1901 572 1928 ubi
592 1901 694 1929 sensui
715 1903 805 1930 unice
825 1908 933 1941 aptast,
953 1914 1060 1931 uerum
1082 1904 1173 1932 etiam
1194 1905 1248 1932 ubi
1268 1905 1443 1941 ambiguum
1464 1904 1564 1932 uideri
1584 1908 1695 1941 potest,
1716 1907 1785 1931 utro
1805 1901 1897 1930 modo
1916 1901 1996 1928 Tul-

128 1951 188 1979 lius
208 1949 385 1988 scripserit,
414 1949 604 1987 reliquorum
625 1950 765 1977 codicum
786 1950 915 1978 1ectioni
935 1951 1108 1979 necessario
1129 1952 1367 1989 praeferendast.
1409 1951 1588 1980 Tenendum
1610 1955 1727 1985 autem,
1761 1959 1870 1977 reuera
1891 1948 1993 1976 sensui

128 2009 291 2037 numquam
311 2007 373 2025 non
394 1998 650 2026 accommodatam
666 1998 761 2026 trium
781 1998 906 2026 illorum
927 1999 1067 2027 codicum
1088 1999 1271 2038 scripturam
1290 2009 1363 2033 csse,
1384 1999 1538 2027 aduersari
1560 2003 1658 2026 autem
1678 2007 1896 2036 saepeniunero
1917 1997 1993 2025 reli-

129 2057 258 2085 quorum
278 2045 419 2073 codicum
438 2045 613 2074 lectionem.
652 2046 734 2074 Loci
754 2046 787 2074 hi
808 2051 896 2074 sunt:

202 2109 236 2138 C.
255 2108 314 2136 IX.
335 2106 362 2147 §.
382 2110 427 2137 23.
468 2109 586 2145 Quibus
606 2121 621 2138 e
636 2111 815 2146 manicipiis
839 2111 892 2137 uix
913 2111 985 2142 iam,
1005 2111 1060 2148 qui
1079 2120 1203 2138 carnem
1218 2110 1480 2146 Latini-§petasum
1501 2109 1819 2146 repperiztntzcr5
1839 2107 1882 2135 sic
1903 2107 1941 2141 Α,
1957 2107 1991 2141 Β,

130 2165 159 2187 et
178 2158 222 2194 E3
242 2156 355 2195 reliqui
375 2167 431 2195 pro
452 2160 672 2195 repperiuntur
693 2158 833 2186 scribunt
853 2160 1066 2186 inueniuntur.

202 2206 328 2234 Ibidem.
367 2206 409 2233 [εἰ
426 2206 508 2243 qnod
525 2211 560 2233 ίιι
579 2205 653 2234 hnic
673 2205 772 2234 obesse
796 2207 919 2234 etiam
936 2211 1049 2242 puta-35
1077 2205 1120 2234 sic
1140 2205 1186 2240 Α,
1207 2206 1248 2240 Β,
1269 2210 1299 2231 et
1319 2204 1362 2240 E3
1389 2202 1502 2241 reliqui
1523 2205 1617 2231 etiam
1636 2207 1706 2231 ante
1725 2203 1799 2231 huic
1819 2202 1988 2231 conlocant.

202 2255 236 2283 C.
256 2253 347 2282 XIV.
360 2252 396 2293 5.
416 2254 461 2281 33.
500 2255 554 2282 An
573 2254 656 2291 quod
671 2255 853 2282 reiectae
872 2255 1031 2281 auctiones
1051 2253 1171 2282 essent?
1190 2253 1233 2280 sic
1253 2252 1296 2286 A,
1316 2252 1357 2287 Β,
1378 2255 1409 2279 et
1426 2251 1470 2287 Ε,
1495 2250 1608 2288 reliqui
1628 2253 1758 2280 reiectae
1778 2251 1932 2279 omittunt.

202 2301 328 2329 Ibidem.
367 2300 521 2338 oppressa
541 2307 683 2329 nostra
703 2302 893 2338 adrogantia
913 2302 1026 2329 ciuitas
1035 2312 1047 2336 ;
1076 2302 1118 2330 sic
1139 2302 1183 2336 A,
1204 2302 1243 2335 Β,
1265 2305 1295 2327 et
1314 2300 1357 2337 Ε,
1377 2299 1491 2338 reliqui
1510 2309 1567 2337 pro
1589 2304 1695 2327 nostra
1714 2299 1854 2328 scribunt
1873 2304 1987 2329 uestra,

131 2359 192 2378 uno
212 2352 337 2386 excepto
357 2360 372 2383 χ
387 2349 420 2384 3,
440 2358 529 2386 quem
550 2359 654 2377 errore
673 2349 707 2377 in
725 2359 830 2377 ueram
848 2348 994 2376 incidisse
1013 2349 1195 2388 scripturam
1217 2353 1369 2376 certumst.

205 2395 239 2424 C.
258 2394 349 2423 XIV.
368 2394 394 2434 §.
413 2397 459 2425 35.
497 2398 560 2426 Sed
576 2403 648 2426 aut
665 2399 857 2427 contentione
877 2397 999 2426 dicendi
1017 2403 1074 2425 aut
1093 2398 1272 2432 lacessitus;
1299 2395 1343 2424 sic
1362 2395 1407 2432 Α,
1426 2396 1468 2431 Β,
1489 2400 1520 2423 et
1539 2395 1582 2430 Ε,
1612 2393 1726 2432 reliqui
1746 2399 1803 2422 aut
1822 2398 1892 2422 ante
1911 2402 1984 2420 eon-

133 2445 265 2472 tentione
283 2442 437 2471 omittunt.

1526 2494 1543 2520 3
1554 2489 1568 2504 2
