2264 2746
287 100 341 132 194
991 88 1564 119 COMMENTARIUS.

285 173 405 206 'codice
425 170 585 205 Ambros.
608 170 652 202 A.
676 166 786 199 Maius
808 176 879 196 non
904 164 1098 208 beneficiis,
1131 163 1222 206 quod
1246 163 1282 194 in
1304 163 1442 204 reliquis
1464 164 1557 195 codd.
1581 164 1738 195 omnibus
1762 165 1899 208 legitur,
1929 173 1976 198 set
1999 166 2157 211 beneficii

289 226 448 269 scriptum
472 222 688 267 repperisset,
715 220 797 251 haec
819 219 877 250 ille
900 218 1086 249 adnotauit:
1111 218 1224 256 „Nota
1245 215 1424 247 lectionem
1448 215 1615 248 diuersam
1637 217 1678 248 ab
1700 224 1778 249 ante
1800 218 1884 249 edita
1906 218 2078 261 beneficiis
2098 219 2156 251 uel

290 278 463 322 beneficio.
507 277 593 308 Nota
617 273 716 303 etiam
739 277 935 304 contentum
965 282 1042 301 cum
1067 269 1236 312 genitiu03
1271 268 1365 300 cuius
1389 275 1570 312 syntaxeos
1596 271 1754 314 exempla
1775 276 1856 313 aput
1877 271 2031 310 Liuiom,
2068 272 2157 303 Oui-

290 333 402 370 dium,
439 326 667 365 Paterculum,
697 325 869 364 Curtium,
899 323 1108 366 Apuleium,
1139 322 1323 361 Iustinum,
1352 322 1505 364 Digesta,
1539 324 1746 366 Dictquue
1769 325 1962 356 Cretensem
1985 322 2158 355 laudantur

291 397 311 417 a
336 383 451 418 Uossio
475 381 514 410 de
538 380 690 410 Gramm.
714 378 799 417 VII,
827 389 894 416 11.,
919 376 959 407 ab
982 375 1125 408 Heinsio
1149 375 1188 407 ad
1211 376 1337 406 Paterc-
1362 375 1412 414 Il,
1435 375 1487 407 83.
1513 382 1543 407 et
1565 388 1584 407 a
1606 377 1797 408 Forcellino
1820 376 1856 408 in
1878 377 2000 408 lexico.
2045 376 2158 417 Quare

290 440 375 471 hanc
404 433 609 466 locutionem
636 431 672 461 in
694 430 920 462 Ambrosiano
944 429 1162 473 palimpsesto
1185 428 1380 460 nullatenus
1403 428 1596 461 mendosam
1619 430 1798 461 existumo.
1808 432 1829 448 “
1872 430 1980 461 Immo
2003 429 2160 461 certissu-

290 494 428 525 mumst,
462 483 620 528 beneficii
641 482 804 514 mendum
826 484 946 515 librari
968 495 1048 515 esse.
1094 483 1184 515 Nam
1208 482 1337 513 etiamsi
1362 482 1479 513 Cicero
1503 488 1681 515 contentus
1703 493 1780 514 cum
1806 482 1955 524 genitiuo
1985 482 2159 522 iunxisset,

290 543 440 574 minume
466 545 578 570 tamen
603 537 666 568 hoc
688 537 763 568 loco
786 547 948 579 usurpare
970 536 1049 566 illut
1070 534 1233 577 loquendi
1255 546 1360 578 genus
1383 534 1512 578 potuit,
1549 546 1625 566 cum
1648 535 1757 566 Racili
1779 547 1849 566 non
1871 547 1977 566 unum
2000 535 2102 566 fuisse
2123 535 2160 566 in

291 596 487 628 Ciceronem
510 589 728 629 beneficium,
764 595 813 620 set
835 589 934 632 plura
956 600 998 620 ex
1023 588 1135 619 uerbis
1158 589 1187 630 ς.
1213 600 1263 630 77.
1288 589 1382 621 Luci
1403 589 1524 621 Racili
1547 589 1671 620 diuina
1694 589 1730 620 in
1752 601 1806 620 me
1826 589 1952 620 merita
1974 588 2160 619 luculenter

290 647 513 688 intellegatur.
558 642 714 681 Accedit,
752 642 842 684 quod
867 642 940 673 sine
970 652 1082 671 caussa
1108 640 1227 672 idonea
1261 652 1361 672 nemo
1387 641 1624 673 Romanorum
1654 640 1817 672 eiusmodi
1843 641 2009 683 genitiuos
2039 642 2161 674 Racili

289 699 431 743 benefici
459 709 620 740 umquam
651 694 838 737 conposuit.
883 693 1103 726 Ambrosiani
1130 694 1294 737 scriptura
1323 705 1398 725 mea
1428 693 1594 726 sententia
1622 704 1666 724 ex
1692 693 1849 724 sollemni
1879 695 2044 737 scriptura
2072 695 2162 726 anti-

290 754 416 797 quioris
446 752 521 783 aeui
551 748 711 792 beneficis
742 753 855 778 ortast.
901 747 1061 778 Ceterum
1086 753 1176 778 recte
1200 747 1404 778 Garatonius
1435 747 1535 777 etiam
1563 746 1660 778 istam
1685 746 1987 786 constructionem,
2021 747 2098 778 licet
2119 747 2160 779 ab

289 807 384 839 omni
406 805 570 837 latinitate
592 813 662 834 non
692 800 735 832 sit
761 799 1032 838 exterminanda,
1070 806 1179 831 tamen
1203 799 1359 831 Ciceroni
1391 799 1552 841 illiusque
1579 799 1774 841 aequalibus
1806 799 2021 835 tribuendam
2049 807 2160 843 negat.

289 859 422 902 „Quod
451 858 536 890 scire
559 865 720 888 maxume
750 853 904 893 interest,
939 853 1097 895 quidnam
1120 853 1251 884 Racilio
1275 852 1430 883 acciderit
1452 851 1551 890 mali,
1585 852 1620 883 in
1642 864 1700 891 eo,
1735 858 1774 883 ut
1795 852 1831 883 in
1854 853 1933 892 ssaliis
1956 865 1999 885 ex
2022 854 2162 886 historia

289 911 482 949 nonnullis,
511 911 551 942 ab
576 910 639 941 hoc
662 907 838 938 scholiaste
860 907 1055 938 deserimur.
1100 907 1347 939 Uerumtamen
1370 904 1499 946 aliquid
1521 904 1580 935 ille
1602 904 1725 936 adtulit
1746 906 1840 936 noui.
1886 907 2017 946 Extat,
2040 907 2162 948 inquit,

291 966 428 999 libellus
452 964 603 996 eiusdem
625 960 815 998 Ciceronis,
846 961 907 1003 qni
930 961 981 992 ita
1004 959 1224 998 inscribitur,
1262 960 1448 991 edietum
1470 958 1609 991 Lucii
1631 958 1803 990 Rae-ilii
1834 959 2006 991 tribuni
2022 960 2162 1004 plebi,

294 1020 386 1063 qnod
406 1018 467 1050 sub
491 1017 625 1049 nomine
649 1015 759 1058 ipsius
781 1013 898 1045 Cicero
921 1014 1062 1057 scripsit
1085 1012 1168 1056 (non
1191 1013 1388 1055 inscripsit,
1413 1017 1451 1042 ut
1472 1011 1506 1042 in
1531 1010 1655 1053 codice)
1678 1012 1714 1043 in
1738 1013 1965 1044 inflectionem
1987 1013 2030 1045 P.
2053 1012 2162 1046 Clodi.

291 1071 408 1103 Planci
431 1070 567 1110 conlega
590 1067 739 1099 Racilius
762 1066 798 1097 in
820 1066 988 1097 tribunatu
1014 1065 1096 1104 suit,
1135 1077 1205 1096 non
1234 1071 1345 1096 autem
1376 1076 1442 1106 quo
1472 1075 1560 1095 anno
1593 1064 1710 1096 Cicero
1737 1065 1773 1096 in
1803 1065 1945 1108 patriam
1975 1065 2093 1105 rediit,
2123 1072 2163 1097 ut

290 1125 403 1158 Blaius
425 1122 592 1159 adfirmat,
623 1132 662 1150 eo
687 1119 826 1149 fortasse
849 1118 1024 1161 deceptus,
1059 1117 1150 1160 quod
1173 1118 1302 1149 tribuni
1324 1117 1431 1159 plebis
1453 1128 1580 1148 annum
1602 1129 1701 1148 suum
1724 1129 1793 1149 non
1816 1130 1835 1149 a
1858 1119 2017 1150 Kalendis
2040 1119 2164 1150 Ianua-

292 1179 368 1217 riis,
405 1184 441 1208 ut
464 1174 567 1206 ceteri
589 1173 814 1215 magistratus:‚
854 1182 973 1201 uerum
1001 1171 1041 1201 ab
1065 1171 1110 1202 A.
1137 1171 1180 1202 D.
1202 1171 1264 1202 IV.
1294 1170 1370 1201 Idus
1393 1170 1591 1202 Decembris
1620 1170 1844 1212 incipiebant:
1882 1183 1943 1203 nos
1969 1170 2094 1202 etenim
2118 1182 2161 1201 ex

292 1230 388 1263 Tulli
410 1226 603 1260 testimonio
630 1236 756 1256 annum
779 1224 989 1256 DCXCVII.
1022 1223 1107 1266 (698.
1129 1222 1235 1262 Alm.)
1265 1222 1301 1252 in
1325 1222 1470 1253 editione
1494 1230 1609 1254 nostra
1630 1223 1804 1265 posuimus
1827 1224 1987 1267 Philippo
2011 1229 2045 1255 et
2066 1223 2163 1255 Mar-

293 1283 414 1314 cellino
436 1292 535 1319 coss.,
558 1289 669 1320 neque
690 1278 787 1309 aliter
809 1277 845 1308 in
864 1275 1036 1308 Ciceronis
1059 1275 1200 1307 historia
1222 1274 1412 1312 Fabricius;
1440 1287 1506 1317 quo
1530 1275 1665 1317 quidem
1688 1287 1792 1315 anno,
1816 1283 1855 1307 ut
1875 1277 1977 1308 modo
2000 1277 2162 1316 diximus,

293 1337 331 1368 P.
355 1335 512 1367 Clodium
541 1337 670 1363 constat
699 1330 905 1361 aedilitatem
934 1328 1082 1371 gessisse.
1127 1328 1194 1360 Hic
1214 1327 1325 1369 itaque
1347 1329 1560 1359 turbulentus
1590 1328 1704 1359 aedilis
1727 1328 1799 1359 siue
1821 1328 1858 1359 in
1879 1329 2050 1369 contione,
2090 1330 2164 1362 siue

293 1401 354 1433 per
387 1388 532 1418 edictum
561 1384 731 1416 Racilium
755 1383 927 1415 Ciceronis
956 1383 1244 1425 propugnatorem
1274 1387 1308 1412 et
1338 1382 1537 1413 Ciceronem
1566 1381 1678 1424 ipsum
1712 1381 1889 1413 insectatus
1921 1381 2072 1421 uidetur3
2108 1382 2162 1413 cui

295 1453 399 1484 quom
423 1440 541 1472 Cicero
562 1449 624 1481 per
647 1437 791 1468 edictum
811 1448 871 1467 suo
896 1436 1033 1466 nomine
1056 1435 1205 1478 priuatus
1225 1434 1429 1476 respondere
1452 1446 1520 1467 non
1543 1440 1668 1477 posset,
1690 1434 1732 1465 L.
1756 1434 1887 1465 Racilio
1910 1434 2059 1475 tribuno,
2087 1436 2164 1478 qui—

294 1506 372 1526 cum
394 1494 466 1536 ipse
489 1491 696 1534 conpellatus
721 1490 851 1528 fuerat,
875 1489 1019 1519 edictum
1043 1488 1218 1531 conposuit
1242 1487 1399 1518 acerbum
1421 1499 1458 1518 ac
1480 1488 1682 1527 uehemens,
1705 1494 1742 1518 ut
1763 1488 1908 1527 solebat,
1932 1488 1969 1519 in
1996 1488 2164 1529 Clodium,

296 1548 390 1579 cuius
423 1546 540 1577 Cicero
574 1543 690 1586 scripti
722 1549 837 1574 auctor
868 1542 908 1573 ab
938 1542 1094 1573 omnibus
1123 1541 1396 1583 adgnosceretur.
1441 1541 1549 1572 Erant
1577 1541 1668 1572 enim
1691 1541 1799 1572 edicta
1821 1540 1959 1583 propria
1988 1541 2165 1584 magistra-

296 1609 408 1638 tuum,
451 1598 570 1639 quibus
600 1597 635 1627 in
658 1595 861 1626 dissensione
891 1595 932 1625 ad
955 1595 1106 1626 conuicia
1136 1594 1234 1625 facile
1263 1593 1497 1625 abutebantur.
1542 1594 1597 1625 Ex
1622 1594 1739 1625 multis
1763 1594 1921 1636 exemplo
1946 1593 2014 1625 sint
2035 1595 2165 1627 Archi-

297 1654 408 1685 lochia
438 1651 497 1682 illa
527 1649 640 1681 Bibuli
668 1649 813 1680 consulis
842 1649 878 1680 in
905 1649 967 1680 Cn.
995 1647 1196 1690 Pompeium
1226 1646 1365 1687 eiusque
1387 1647 1494 1678 socios
1525 1647 1627 1679 edicta
1650 1648 1691 1678 II.
1718 1647 1757 1678 ad
1782 1647 1856 1679 Att.
1879 1658 1926 1689 19.
1947 1657 1999 1678 20.
2023 1658 2094 1688 21„
2130 1653 2164 1679 et

301 1713 383 1750 aput
412 1705 501 1736 Plut.
530 1703 566 1734 in
595 1703 715 1744 Pomp.
745 1713 771 1732 0.
803 1701 880 1733 48..
927 1701 1107 1743 Quinctius
1142 1711 1223 1731 uero
1253 1699 1385 1732 Atticus
1411 1700 1547 1740 consul,
1583 1702 1675 1744 quod
1700 1702 1813 1733 edicta
1842 1701 1879 1732 in
1902 1700 2074 1744 populum
2095 1712 2162 1743 pro

306 1759 517 1803 Uespasiano
549 1754 742 1799 magnifica
769 1755 938 1799 probrosa
962 1756 1130 1786 aduersus
1161 1753 1343 1785 Uitellium
1370 1753 1517 1791 iecerat,
1552 1765 1677 1796 poenas
1703 1753 1894 1786 Uitellianis
1919 1752 2023 1792 dedit,
2057 1758 2095 1784 ut
2119 1764 2163 1784 ex

299 1812 417 1844 Tacito
446 1811 504 1841 llI.
527 1809 655 1840 His-tor.
681 1809 730 1850 75.
758 1820 887 1839 morem
918 1808 1018 1839 illum
1040 1818 1115 1838 cum
1142 1818 1178 1838 re
1200 1806 1335 1849 publica
1359 1807 1546 1838 extinctum
1568 1818 1637 1837 non
1660 1806 1763 1837 fuisse
1785 1806 1937 1836 sciamus.
1983 1805 2084 1847 Quod
2105 1805 2163 1845 ait,

301 1867 337 1898 in
361 1864 588 1897 instet-tionem
612 1863 657 1894 P.
679 1862 795 1901 Clodi,
830 1861 1026 1904 explicantis
1049 1866 1111 1898 est,
1146 1859 1311 1901 siquidem
1334 1859 1451 1891 Cicero
1475 1860 1515 1890 de
1535 1870 1632 1891 more
1657 1858 1850 1902 scripserit,
1883 1859 1919 1890 in
1941 1858 1985 1890 P.
2007 1857 2164 1890 Clodium

301 1918 445 1950 aedilem
468 1915 631 1948 curulem.
674 1916 725 1946 Ita
747 1915 938 1946 scholiastes
969 1925 1178 1956 anonyinUS‚
1211 1913 1282 1944 siue
1304 1913 1359 1944 hic
1381 1912 1453 1955 ipse
1476 1919 1535 1950 est,
1570 1912 1642 1942 siue
1672 1911 1772 1951 alius,
1805 1912 1847 1942 ad
1869 1911 1896 1942 I.
1921 1916 1980 1942 act.
2004 1910 2038 1941 in
2065 1912 2162 1943 Uerr.

304 1982 330 2001 c.
358 1982 405 2002 ιο.
430 1969 578 2001 innectio
601 1969 648 2000 acl
669 1969 850 2001 Metellum
873 1968 1044 1999 consulein
1066 1967 1305 2009 designatum,
1338 1977 1438 2008 quem
1468 1965 1515 1996 ibi
1538 1971 1651 1996 orator
1679 1965 1883 2006 adloquitur.
1925 1963 2019 1995 Haut
2050 1969 2164 1995 tamen

304 2023 418 2053 'l'ullio
442 2022 618 2062 indignum
642 2027 691 2052 est
712 2021 856 2051 uerbum
885 2021 1044 2052 innectit).
1090 2020 1222 2051 Citatur
1251 2031 1293 2050 ex
1316 2020 1359 2051 II.
1389 2017 1428 2048 de
1451 2018 1525 2048 Inu.
1557 2018 1628 2056 5³0,
1672 2029 1773 2059 quem
1801 2016 2021 2059 deprauatum
2050 2015 2164 2047 locum

306 2073 448 2104 Michael
471 2074 595 2104 Brutus
617 2074 815 2116 iampridem
839 2075 885 2105 ita
909 2073 1115 2105 emendauit:
1140 2073 1346 2111 Clementia,
1364 2083 1430 2115 per
1453 2083 1557 2114 quam
1578 2071 1688 2102 animi
1711 2077 1832 2103 temere
1854 2070 1890 2100 in
1914 2069 2031 2100 odium
2051 2070 2164 2102 alicu-

306 2127 360 2157 ias
388 2126 533 2157 inuectio
556 2128 727 2160 concitata
755 2129 914 2160 comitate
943 2127 1123 2159 retinetur.
1167 2125 1203 2156 Id
1226 2136 1312 2156 unus
1336 2124 1477 2156 Gruteri
1507 2122 1632 2162 codex,
1668 2129 1801 2165 tresque
1823 2121 2009 2153 Britannici
2039 2121 2164 2153 confir-

307 2183 450 2209 marunt.
493 2179 671 2218 Ernestus,
708 2182 818 2214 animi
840 2199 881 2205 —
907 2179 1069 2212 concitati
1092 2179 1257 2218 inuectio,
1296 2176 1454 2209 Schutzio
1483 2176 1659 2218 probante.
1702 2175 1845 2218 Propius
1878 2181 1991 2206 tamen
2014 2179 2100 2205 esset
2120 2173 2163 2205 ad

306 2230 451 2266 litteras,
475 2231 583 2263 animi
604 2250 645 2257 —
668 2235 831 2266 concitati
853 2234 1060 2266 inflectiones
1084 2233 1242 2263 comitate
1265 2232 1469 2263 retinentur.
1512 2228 1646 2261 Habent
1667 2228 1758 2258 enim
1780 2228 1936 2271 plerique
1958 2227 2163 2259 inuectionis

307 2290 338 2314 et
360 2283 569 2322 retinentur,
603 2298 755 2329 unusque
777 2287 860 2318 Brit.
884 2287 1142 2318 continentur.“
1185 2285 1445 2315 GARATONH‘S.

393 2335 477 2367 Cum
506 2340 639 2368 tantum
668 2340 738 2371 iam
766 2341 912 2372 Plancio
940 2338 1106 2380 deberem)
1152 2338 1228 2379 Qua
1257 2336 1454 2368 auctoritate
1483 2340 1618 2366 tantum
1653 2332 1857 2376 receperim,
1899 2331 2031 2374 Proleg.
2062 2333 2104 2364 L.
2134 2331 2160 2363 I.

310 2390 348 2421 C.
370 2389 429 2420 III.
454 2388 484 2429 ξ.
509 2398 537 2418 2.
563 2399 596 2430 p.
620 2389 720 2420 XIX.
746 2392 899 2433 exposui.

2248 1428 2264 1565 ‚un-vra.
2241 1318 2264 1413 ’ἕης
2244 1013 2264 1299 &Man-a.-
2254 986 2264 990 ι

2238 1879 2257 1892 ἑ.
2238 1827 2258 1868 ἵε
2238 1579 2264 1818 «flami—ets.»-
