2264 2746
626 119 651 147 c
671 118 699 146 A
720 119 759 148 P.
799 117 926 147 XXVI.
960 115 988 157 §-
1021 122 1066 150 64.
1087 133 1123 139 -
1143 117 1286 146 XXVII.
1312 115 1340 156 §.
1368 121 1413 148 66.
1907 125 1960 150 173

79 193 167 226 dicta
187 205 247 226 sua
269 194 455 236 corrigere,
492 200 543 226 set
564 193 736 225 Ciceronis
763 193 888 225 dictum
921 205 1043 235 augere
1067 199 1100 224 et
1123 191 1323 223 confirmare
1346 191 1494 223 uoluisse
1516 191 1712 223 statuendus
1736 199 1785 223 est
1807 193 1959 224 addendo

78 246 216 278 nomine
246 247 459 290 prouinciae,
496 247 555 279 ubi
582 247 697 279 fuerit.
742 247 804 278 Est
829 252 941 277 autem
969 246 1029 277 illa
1050 245 1234 289 particulae
1257 246 1363 277 etiam
1391 245 1442 278 uis
1464 244 1665 276 adfirmandi
1687 244 1766 276 satis
1788 243 1958 286 frequens.

80 299 135 331 Sic
159 300 277 332 Cicero
300 300 408 332 Acad.
431 300 494 339 IV,
518 311 569 332 02.
593 300 738 343 Sapiens
757 298 1041 343 probabilitatem
1063 310 1217 342 sequens,
1240 298 1444 342 ubicumque
1465 298 1549 332 llaec
1571 298 1721 331 occurrit
1744 303 1806 330 aut
1829 297 1960 341 deficit,

78 359 141 385 aut
163 354 298 386 etiam
322 358 385 385 aut
407 365 484 384 non
508 352 699 396 respondet.

839 441 867 474 C
895 438 927 474 A
951 441 992 475 P.
1045 440 1204 474 XXVII.

160 513 267 546 Hunc
289 515 472 558 Syracusis
496 519 710 557 quaestorem
721 511 853 556 fuisse)
898 513 977 544 Duo
1000 523 1133 554 semper
1158 511 1194 542 in
1215 509 1329 542 Sicilia
1352 516 1544 552 quaestores
1568 516 1680 551 erant,
1711 511 1885 554 Syracusis
1908 513 1959 543 al-

77 570 145 605 ter,
168 566 254 597 alter
276 567 445 610 Lilybaei.
492 567 610 599 Cicero
634 572 747 597 autem
771 571 929 607 quaestor
950 565 1108 607 Lilybaei
1131 563 1252 594 suerat.

160 620 212 652 Et
244 633 297 652 me
322 633 431 652 unum
461 632 502 652 ex
532 621 576 652 iis
597 619 695 664 feci,
734 619 794 662 qui
816 618 994 662 adaquas
1016 617 1204 660 uenissent)
1248 617 1370 658 Aquae
1400 622 1479 647 sunt
1506 615 1728 656 Puteolanae,
1765 628 1846 659 quas
1876 618 1959 650 olim

79 671 178 703 ualde
200 671 428 714 frequentatas
452 684 522 704 esse
547 679 688 703 constat.

164 726 194 766 ς.
218 726 269 757 66.
315 726 374 757 Set
395 738 435 758 ea
459 738 532 765 res,
558 726 709 764 itulices,
739 725 826 757 hcnct
846 724 915 756 scio
943 735 988 755 an
1013 723 1097 766 plus
1132 723 1220 755 11117ιὶ
1237 720 1436 766 profuerit,
1466 733 1570 764 quam
1592 721 1623 752 si
1644 723 1731 754 11117ιί
1754 729 1828 754 tum
1849 731 1961 756 essent

78 790 192 810 omnes
212 779 404 821 gratulati)
448 779 491 809 In
521 784 715 809 extremo
744 776 835 808 fine
866 776 994 807 liuius
1019 775 1173 817 capitis
1197 775 1427 816 aliquanto
1451 773 1687 805 obscurius
1711 774 1846 807 dixit:
1881 777 1963 808 Sed

77 843 123 863 ea
153 842 240 870 reS,
271 831 460 870 iudices,
498 832 607 863 liant
636 831 726 862 scio
754 841 805 861 an
830 828 988 872 pluris
1017 828 1123 860 milii
1141 827 1315 870 fuerit,
1353 838 1476 870 qnam
1498 826 1535 857 si
1566 827 1674 858 milti
1703 832 1789 858 tum
1819 836 1961 861 essent

78 896 219 916 omnes
239 885 488 926 gratulati.
532 883 622 915 Hoc
643 882 719 922 ait,
743 881 881 923 magis
904 881 1092 912 laetatus
1115 893 1204 912 sum
1227 881 1457 922 ignorasse
1480 878 1657 918 multos,
1682 890 1731 909 ex
1755 891 1836 921 qua
1858 893 1962 923 pro-

76 936 223 968 uincia
245 936 456 976 uenirem,
481 949 605 980 quam
626 935 660 968 si
682 933 881 966 uenienti
906 933 1010 964 mihi
1033 935 1381 975 gratularentur.
1427 931 1738 973 Perstringere
1761 933 1870 964 0111111
1892 947 1962 967 110-

77 989 162 1021 luit
184 988 398 1021 inuidiam
423 988 691 1032 praesidum,
725 986 796 1028 qui
819 986 1026 1028 spoliatis
1049 985 1303 1028 prouinciis
1327 990 1630 1023 reuertantur,
1661 995 1706 1015 ac
1726 993 1962 1029 propterea

79 1054 149 1074 eos
179 1041 303 1073 amici
330 1041 397 1073 sui
427 1052 515 1073 cum
544 1039 840 1083 gratulatione
873 1039 1132 1082 suscipiant,
1172 1037 1283 1081 quod
1318 1037 1481 1068 diuites
1510 1036 1754 1068 euenerint.
1800 1039 1962 1073 SCHOLU

75 1097 337 1129 AMBROSIANA.
384 1094 571 1137 Singularis
594 1099 644 1125 est
667 1091 889 1125 Ambrosiani
917 1093 1037 1124 lectio:
1071 1093 1158 1124 liant
1183 1092 1253 1123 seio
1279 1103 1325 1123 an
1343 1091 1462 1135 pluris
1484 1090 1572 1121 11117ιί
1584 1088 1723 1132 fzcerit,
1757 1103 1860 1133 quom
1886 1095 1963 1136 qui-

77 1148 154 1180 dem
177 1160 196 1179 a
215 1148 305 1189 uolg.
329 1147 473 1178 lectione
494 1147 578 1178 Bau.
603 1157 673 1177 non
700 1145 858 1176 discedat.
904 1145 1122 1177 Scholiastes:
1160 1144 1239 1177 Hoc
1261 1144 1330 1181 ait,
1359 1145 1473 1187 magis
1497 1145 1647 1175 laetatus
1674 1156 1751 1174 sum
1772 1163 1814 1168 —
1833 1154 1963 1189 gratu-

76 1202 246 1234 larentur.
290 1199 504 1231 Laetandum
527 1199 558 1230 ei
580 1198 733 1242 profecto
759 1209 830 1229 non
853 1204 935 1229 erat.
979 1198 1104 1230 Melius
1132 1196 1289 1235 omnino,
1308 1197 1392 1239 plus
1409 1195 1601 1240 profuerit.
1645 1196 1735 1226 Nam
1752 1198 1871 1240 pluris
1893 1213 1963 1233 esse

75 1254 117 1286 ad
140 1251 419 1284 aestumationem
441 1252 554 1294 potius
577 1252 744 1295 pertinet,
782 1257 816 1281 et
837 1257 919 1293 aput
943 1262 978 1282 se
1000 1251 1076 1293 plus
1107 1250 1252 1281 ualuisse
1281 1248 1456 1290 significat.
1502 1248 1545 1288 Q.
1579 1247 1698 1279 Cicero
1728 1248 1769 1279 de
1797 1251 1963 1292 petitione

75 1318 166 1339 cons.
197 1316 224 1336 c.
255 1305 285 1337 5.
315 1318 393 1337 cum
414 1305 546 1337 duobus
569 1305 763 1337 hominibus
786 1305 837 1335 ita
859 1304 1094 1336 nobilissumis
1110 1302 1269 1347 petebat,
1306 1307 1345 1333 ut
1369 1307 1481 1333 tamen
1509 1301 1545 1332 in
1569 1301 1614 1332 iis
1637 1301 1752 1332 omnia
1772 1303 1888 1345 pluris
1911 1317 1963 1336 es-

74 1365 168 1398 sent,
192 1370 295 1402 quam
317 1359 395 1401 ipsa
417 1358 591 1390 nobilitas,
616 1358 877 1389 GARATONIUS.
919 1357 1150 1389 Ueliementer
1172 1366 1191 1385 a
1211 1355 1277 1385 loci
1296 1354 1462 1385 sententia
1488 1352 1658 1384 aberrauit
1681 1352 1847 1396 interpres
1872 1357 1963 1388 Am-

74 1412 262 1445 brosianus.
307 1411 360 1443 Ac
385 1411 536 1453 primum
567 1410 722 1453 quidem,
757 1409 830 1441 siue
852 1410 971 1453 Pluris
1000 1410 1087 1441 11117ιὶ
1108 1407 1227 1451 fuerit
1256 1407 1328 1438 siue
1353 1408 1435 1450 plns
1470 1406 1557 1438 11117ιὶ
1580 1404 1761 1448 profuerit
1789 1407 1960 1448 scribitur,

76 1466 172 1498 nullo
203 1463 305 1495 modo
335 1463 572 1505 interpretatio
597 1463 686 1503 eius,
724 1463 838 1506 magis
861 1463 1012 1494 laetatus
1034 1474 1127 1499 sum,
1165 1460 1278 1491 uerbis
1302 1459 1474 1491 Ciceronis
1504 1459 1674 1490 conuenit.
1718 1460 1853 1491 Deinde
1878 1472 1961 1493 uero

75 1517 343 1555 manifestumst,
366 1517 430 1548 hoc
454 1516 653 1548 Ciceronem
677 1515 806 1547 dicere:
830 1516 889 1546 Set
911 1514 1002 1557 quod
1025 1514 1160 1556 ignaros
1185 1513 1328 1555 cognoui
1351 1512 1505 1543 homines
1529 1512 1700 1543 Romanos
1724 1524 1853 1553 eorum,
1877 1525 1962 1556 quae

79 1577 236 1616 quaestor
266 1581 418 1612 egeram,
454 1569 526 1601 sine
558 1569 660 1601 dubio
681 1569 723 1601 ad
747 1567 1017 1610 consequendam
1040 1566 1183 1608 gloriam
1208 1572 1240 1596 et
1262 1565 1403 1607 gratiam
1427 1565 1547 1607 populi
1570 1566 1613 1596 R.
1637 1565 1754 1597 utilius
1777 1566 1862 1597 mihi
1884 1565 1961 1607 fuit,

77 1636 177 1668 quam
201 1624 229 1656 si
251 1635 366 1654 omnes
389 1629 463 1654 tum
484 1622 570 1654 mihi
593 1622 751 1665 gratulati
774 1627 892 1653 essent.
938 1622 1029 1652 Nam
1053 1631 1095 1650 ex
1119 1630 1157 1649 ea
1178 1630 1216 1649 re
1239 1617 1412 1655 intellexi,
1437 1617 1603 1660 populum
1624 1618 1667 1648 R.
1691 1630 1760 1649 11011
1779 1618 1963 1651 adtendere

78 1679 120 1711 ad
144 1690 200 1717 ea,
231 1688 316 1720 quae
338 1682 435 1707 extra
457 1676 578 1707 urbem
601 1682 777 1718 gerantur,
808 1675 954 1716 ideoque
976 1672 1056 1712 feci,
1089 1678 1127 1703 ut
1148 1671 1184 1702 in
1207 1677 1382 1713 posterum
1406 1670 1530 1701 cotidie
1552 1677 1763 1713 praesentem
1786 1683 1840 1702 me
1863 1672 1962 1703 uide-

77 1738 130 1765 ret
154 1741 295 1773 meaque
316 1728 502 1772 praesentis
526 1728 654 1759 uirtute
676 1727 859 1759 frueretur.
903 1727 1008 1758 Recte
1030 1731 1143 1756 autem
1167 1724 1389 1762 Gai—atomus,
1430 1735 1531 1765 quem
1560 1730 1692 1755 secutus
1716 1724 1868 1755 Orellius
1900 1731 1960 1764 est,

79 1783 302 1820 Ambrosiani
325 1782 542 1825 scripturam,
568 1782 686 1825 pluris
709 1783 796 1814 11117ιὶ
816 1780 951 1824 faerit,
989 1784 1179 1809 ceterorum
1202 1778 1356 1808 codicum
1379 1776 1531 1813 lectioni,
1561 1778 1644 1820 plus
1667 1777 1754 1808 11117ιί
1769 1776 1961 1820 profuerit,

77 1836 280 1883 postposuit.
323 1837 413 1868 Nam
433 1835 548 1878 pluris
570 1848 657 1875 esse,
681 1841 720 1867 ut
742 1835 863 1878 magni
885 1845 973 1871 esse,
996 1831 1122 1873 ubique
1142 1831 1306 1874 significat
1328 1835 1386 1861 aut
1407 1830 1550 1861 maioris
1564 1829 1667 1873 fieri,
1693 1835 1750 1860 aut
1767 1830 1851 1872 plus
1874 1835 1962 1873 aput

77 1891 229 1935 aliquem
254 1889 383 1921 ualere.
428 1887 499 1919 Cfr.
525 1888 593 1919 Cic.
617 1888 659 1919 ad
682 1888 763 1920 Diu.
788 1887 874 1925 xil,
903 1898 950 1917 10.
981 1891 1013 1916 et
1040 1896 1087 1916 11.
1110 1885 1215 1925 XIII,
1240 1895 1290 1926 72.
1314 1895 1377 1926 pro
1403 1883 1446 1925 Q.
1470 1883 1593 1914 Roscio
1619 1883 1656 1914 C.
1680 1883 1760 1914 XII.
1785 1883 1814 1924 ς.
1836 1883 1887 1914 55.
1920 1882 1961 1913 (10

77 1955 177 1988 prou.
202 1953 292 1973 cons.
317 1942 355 1972 C.
380 1941 424 1972 V.
450 1941 479 1982 §-
509 1951 556 1971 12.
580 1947 613 1972 et
635 1941 767 1983 Proleg.
792 1941 834 1971 L.
856 1940 882 1970 I.
908 1940 945 1970 C.
969 1938 1029 1969 III.
1054 1939 1083 1978 §.
1108 1938 1157 1969 6..

166 1995 292 2028 Omnes
315 1993 507 2038 gratulati)
552 1993 607 2025 Sic
630 2005 673 2025 ex
696 1994 747 2033 A,
776 1994 822 2032 B,
853 1998 885 2023 et
907 1992 935 2022 E
959 1990 1116 2033 rescripsi
1138 2001 1202 2033 pro
1227 1990 1362 2032 uolgata
1384 1990 1550 2032 scriptura
1573 2002 1686 2022 omnes
1711 1989 1959 2033 congratulati.

80 2048 170 2082 Uide
192 2048 325 2091 Proleg.
350 2049 391 2079 L.
406 2050 430 2078 I.
455 2047 493 2078 C.
516 2047 575 2077 Ill.
601 2047 630 2088 ξ.
648 2058 694 2080 2..
739 2047 903 2078 Notumst
924 2050 1046 2083 autem,
1070 2043 1275 2085 saepissume
1298 2054 1316 2073 a
1331 2043 1478 2074 librariis
1500 2042 1613 2073 uerbis
1637 2042 1836 2084 quibusdam
1859 2053 1960 2084 prae-

79 2100 264 2145 positiones
287 2100 452 2143 praefixas
476 2110 556 2130 esse.
602 2099 639 2130 Id
666 2105 782 2131 nostro
811 2099 885 2129 loco
908 2097 1034 2128 factum
1058 2108 1145 2135 esse,
1183 2096 1309 2127 indicio
1339 2097 1440 2127 etiam
1472 2096 1550 2126 illut
1581 2102 1644 2134 est,
1684 2094 1775 2137 quod
1803 2094 1838 2125 111
1861 2093 1957 2125 codd.

79 2154 210 2196 aliquot
231 2164 301 2184 non
323 2153 419 2184 malis
443 2164 566 2183 nomen
590 2166 702 2185 omnes
725 2152 836 2191 deest3
861 2151 957 2183 cessit
980 2150 1081 2188 enim,
1106 2155 1143 2180 ut
1166 2160 1264 2191 saepe
1288 2147 1426 2188 factum,
1453 2148 1585 2180 additae
1607 2160 1626 2179 a
1648 2147 1787 2179 librario
1812 2145 1958 2188 quodam

79 2206 334 2250 praepositioni.
379 2207 492 2245 „Bau-
522 2217 585 2248 pro
617 2206 855 2249 congratulati
881 2203 979 2235 habet
1000 2203 1188 2246 gratulati.
1234 2203 1283 2232 Ita
1307 2214 1369 2244 pro
1394 2203 1487 2233 Sext.
1512 2202 1542 2234 8.
1572 2202 1659 2233 milii
1681 2200 1826 2243 (lenique
1849 2200 1958 2231 bomi-

81 2272 140 2292 nes
158 2259 347 2303 praecipue
365 2259 652 2303 gratulabantur.
696 2259 832 2300 Anceps
864 2264 974 2288 tamen
1000 2255 1055 2286 hic
1078 2255 1227 2293 lectiost,
1264 2255 1341 2296 quia
1367 2254 1408 2286 de
1429 2254 1546 2286 multis
1569 2254 1696 2296 agitur3
1739 2265 1805 2295 quo
1829 2252 1884 2291 fit,
1920 2259 1956 2284 ut

79 2314 151 2345 sola
175 2312 461 2355 praestantissumi
484 2312 606 2343 codicis
629 2311 826 2342 auctoritate
850 2311 988 2341 nitatur.
1034 2309 1083 2341 At
1106 2314 1195 2339 certe
1220 2319 1283 2350 pro
1306 2308 1412 2340 Marc.
1432 2310 1469 2340 C.
1485 2308 1546 2340 VI.
1572 2306 1758 2338 Graeuium
1781 2306 1816 2337 111
1841 2306 1957 2337 eadem

81 2366 244 2398 uarietate
263 2366 488 2408 gratulabere
509 2364 757 2408 praeferentem
780 2363 958 2401 inmerito,
984 2361 1041 2403 qui
1064 2367 1154 2392 errat
1174 2361 1261 2403 ipse,
1285 2360 1505 2403 reprehendit
1527 2360 1761 2391 Heumannus.
1804 2358 1841 2390 Id
1866 2359 1956 2389 enim

81 2430 150 2450 non
179 2418 265 2450 ratio
296 2419 366 2450 sola
397 2424 527 2458 tuetur,
568 2430 688 2450 uerum
719 2417 819 2449 etiam
852 2416 1015 2447 editiones
1042 2415 1120 2446 inde
1144 2426 1162 2445 a
1183 2414 1336 2445 Romana
1365 2413 1519 2456 principe
1541 2413 1720 2456 conplures
1744 2418 1775 2443 et
1799 2412 1956 2443 Lambini
