2264 2746
285 72 308 98 L
954 62 1484 93 PROLEGOMENA.

1167 135 1194 176 ς.
1225 142 1269 169 13.

358 207 502 236 Maxuma
529 213 604 232 uero
630 198 882 238 interpolationis
909 197 1046 237 suspicio
1074 198 1194 227 oriatur
1220 204 1388 236 necessest,
1423 199 1522 229 sicubi
1549 200 1646 229 uerba
1671 199 1762 229 aliter
1790 199 1823 228 in
1842 199 1868 228 B
1888 210 1977 238 quam
2005 199 2040 229 in
2058 199 2104 236 E,
2123 204 2156 229 et

284 266 389 286 rursus
409 254 499 283 aliter
519 252 551 279 in
572 251 640 279 sam.
661 247 770 277 tertiae
791 246 949 275 codicibus
971 245 1133 275 conlocata
1151 247 1352 285 reperiuntur
1372 249 1431 284 ita,
1450 253 1486 277 ut
1505 247 1539 277 hi
1559 247 1621 286 ipsi
1640 248 1722 276 inter
1742 258 1774 276 se
1794 247 1986 276 dissentiant.
2024 247 2153 277 Factum

285 304 344 332 hoc
365 307 411 330 est
430 311 491 329 uno
513 300 544 326 in
564 298 651 331 loco,
671 295 723 333 qui
745 294 777 323 C.
797 294 960 323 XXXIII.
979 291 1008 333 ᾗ.
1027 295 1072 324 81.
1094 299 1178 323 extat
1199 300 1230 323 et
1250 295 1283 323 in
1303 296 1487 324 Erfurtense
1507 295 1551 324 sic
1572 295 1706 334 scriptus
1725 295 1899 334 reperitur:

360 351 437 388 Quis
458 353 500 375 cst
520 351 658 373 nostram
677 342 848 372 liberaliter
869 343 1035 379 educatus,
1063 343 1116 370 cui
1135 353 1196 370 non
1217 343 1412 379 educatores,
1439 346 1490 372 cui
1510 353 1570 371 non
1590 344 1735 380 magistri
1753 344 1803 370 sui
1822 349 1915 380 atque
1934 342 2086 378 doctores,
2105 346 2158 372 elci

287 410 348 428 non
368 399 450 426 locus
470 396 555 430 ipse
575 392 647 419 ille
668 396 817 426 mutus,
837 391 892 419 uhi
911 391 1007 418 alitus
1028 395 1085 418 aut
1105 390 1210 418 doctus
1231 396 1291 426 est,
1311 401 1381 419 cum
1397 397 1495 429 grata
1514 390 1726 419 recordatione
1745 392 1780 418 in
1798 396 1897 418 mente
1915 390 2080 419 uer-setar?

363 445 412 471 Sic
433 441 525 478 igitur
545 438 629 473 Erf„
649 447 666 465 a
686 447 745 475 quo
766 439 840 467 Bau.
861 437 1020 473 dissentit,
1048 437 1143 465 uerba
1164 438 1216 465 ille
1236 443 1341 465 mutus
1359 437 1419 466 hoc
1440 438 1567 473 ordine,
1592 443 1697 465 mutus
1715 438 1768 466 ille
1787 448 1914 476 ponens.
1951 437 2050 476 Magis
2068 437 2160 467 fami-

288 496 347 523 liac
367 490 476 519 tertiae
497 486 620 515 codices
641 485 828 514 dissentiunt
840 507 847 521 ,
868 495 907 514 ex
927 485 1038 523 quibus
1059 485 1127 520 Ma,
1148 486 1222 522 Mb,
1241 485 1304 521 Lc,
1323 485 1384 520 Pa,
1405 489 1437 512 et
1455 485 1485 512 D
1508 486 1593 513 locas
1611 485 1663 513 ille
1682 491 1786 513 mutus
1805 487 1887 523 ipse,
1906 485 1977 522 ubi,
2004 486 2055 515 Lb
2074 486 2161 515 locus

288 544 342 570 ille
361 544 462 566 nultus
482 537 563 572 ipse,
583 535 653 570 air,
679 533 726 560 La
746 533 799 561 ille
820 533 904 561 locas
924 539 1045 566 niatu-5,
1073 532 1126 561 ubi
1145 535 1228 570 ipse,
1255 532 1371 571 reliqui
1391 542 1460 560 cum
1480 531 1583 570 Eybio
1604 533 1688 560 locus
1706 533 1758 561 ille
1777 539 1897 567 mutas,
1923 533 1978 562 ubi
1997 535 2062 572 ipse
2081 533 2161 562 scri-

290 591 374 617 bunt.
413 583 577 611 Editorum
596 580 634 608 ad
653 580 736 608 hune
757 581 859 609 locum
879 579 1112 615 adnotationes,
1148 590 1186 608 ex
1207 581 1318 618 quibus
1339 589 1480 608 maxume
1501 578 1654 607 Graeuius
1675 589 1691 607 a
1710 589 1786 608 uero
1806 581 1977 618 aberrauit,
2011 581 2046 610 in
2065 581 2162 611 imum

290 634 456 671 marginem
476 629 572 658 reieci
589 627 626 666 *).
667 627 696 655 Is
717 628 815 664 enim,
842 628 924 667 quod
951 638 990 656 ne
1010 628 1105 656 semel
1126 628 1250 666 quidem
1270 639 1286 656 a
1308 628 1416 656 Tullio
1447 627 1598 666 scriptum
1619 637 1684 655 esse
1703 628 1879 666 apparebit,
1904 639 2077 668 pronomen
2095 630 2165 667 ipse

290 684 338 711 bis
360 679 480 719 posuit,
500 676 701 715 scripsitque:
722 678 775 704 eui
795 686 856 704 non
877 677 961 704 locus
981 679 1045 714 ipse
1065 676 1119 704 ille
1139 681 1260 710 malas,
1288 675 1342 704 nbi
1361 677 1426 713 ipse
1447 681 1513 704 etc..
1551 675 1598 703 Ac
1618 674 1753 714 primum
1773 675 1895 713 quidem
1921 686 1985 705 non
2013 685 2078 705 esse
2097 677 2164 714 ipse

290 736 462 768 pronomen
482 729 552 763 post
572 723 625 752 nbi
644 734 660 751 a
682 723 834 751 Cicerone
854 723 1000 762 positum,
1021 733 1083 752 non
1104 723 1202 751 solum
1223 724 1343 762 optumi
1368 724 1453 760 libri,
1474 724 1499 752 B
1519 727 1551 751 et
1569 722 1607 758 E,
1628 722 1811 761 quibuscum
1830 723 1948 762 aliquot
1967 733 2079 762 eosque
2097 733 2165 752 non

289 777 384 805 malos
403 775 473 803 sam.
494 772 606 800 tertiae
629 771 750 799 codices
772 769 949 799 consentire
970 771 1122 807 uidimus,
1142 781 1250 799 uerum
1271 771 1363 800 etiam
1383 771 1558 800 Priscianus
1587 781 1617 810 p.
1638 771 1702 807 857.
1723 770 1769 798 ed.
1789 770 1915 799 Putsch.
1935 776 2081 807 testatur,
2109 769 2166 810 qui

289 824 373 852 hune
392 822 494 850 locum
514 820 655 848 adferens
683 818 737 846 ubi
762 818 847 845 altus
874 824 918 845 est
946 818 1064 847 scribit.
1102 818 1235 847 Accedit
1255 818 1321 857 ipsa
1347 818 1409 847 Ioci
1430 818 1598 855 sententia,
1625 818 1676 846 cui
1696 818 1876 847 aduersatur
1902 820 1967 857 ipse
1990 827 2166 858 pronomen

289 876 360 911 post
380 870 432 897 uhi
456 868 602 907 positum.
642 867 752 904 Neque
779 875 854 893 uero
884 865 1000 894 codicis
1020 866 1163 895 Bauarici
1188 867 1345 905 probanda
1372 867 1541 906 scriptura,
1570 876 1659 905 quam
1686 865 1804 894 nollem
1825 866 1962 895 Orellius
1987 865 2166 905 recepisset.

291 918 436 947 Uidimus
457 915 539 944 enim
560 924 661 952 supra,
681 913 782 941 sicubi
803 918 855 941 aut
874 914 899 941 B
920 918 972 942 aut
992 913 1019 942 Ε
1041 924 1110 942 cum
1130 914 1272 943 omnibus
1292 915 1363 943 fam.
1384 914 1493 943 tertiae
1514 913 1672 943 codicibus
1692 913 1859 952 conspiret,
1878 913 1944 943 sere
1963 923 2084 953 semper
2101 923 2167 942 non

291 977 375 1001 eam,
403 974 493 1003 quain
519 962 602 990 solus
622 962 647 990 B
668 965 719 989 aut
739 961 765 988 E
794 961 956 999 praebeat,
985 962 1171 1001 scripturam
1199 962 1311 991 debere
1331 962 1491 1000 genuinam
1513 961 1632 1000 putari,
1658 966 1705 989 set
1725 971 1813 1000 quam
1833 961 1982 990 alteruter
2001 971 2071 990 cum
2089 961 2168 991 reli-

293 1014 361 1053 quis
381 1012 471 1041 libris
491 1014 623 1039 tueatur.
663 1008 726 1037 Iam
746 1019 822 1038 uero
842 1009 869 1037 E
891 1020 960 1039 cum
980 1011 1122 1039 omnibus
1142 1010 1277 1039 familiae
1303 1010 1414 1039 tertiae
1434 1009 1593 1038 codicibus
1613 1009 1647 1038 in
1667 1019 1703 1038 eo
1724 1009 1896 1045 consentit,
1918 1009 2000 1048 quod
2019 1010 2072 1038 ille
2089 1019 2167 1049 pro-

293 1071 407 1091 nomen
427 1064 496 1088 ante
517 1064 620 1086 matus
640 1056 737 1095 ponit.
777 1056 884 1095 Itaque
905 1056 965 1085 hoc
985 1057 1122 1086 miniune
1142 1058 1233 1087 debet
1254 1068 1322 1086 cum
1342 1058 1384 1093 B,
1411 1067 1501 1096 quem
1522 1057 1614 1086 etiam
1633 1057 1709 1086 alibi
1728 1057 1806 1086 male
1826 1057 2052 1096 transposuisse
2072 1057 2169 1087 uerba

294 1109 441 1149 quaedam
461 1106 590 1140 scimus,
619 1109 726 1132 contra
745 1104 939 1143 reliquorum
960 1105 1097 1134 oninium
1117 1105 1204 1134 codd.
1226 1105 1439 1134 auctoritatem
1459 1109 1530 1144 post
1549 1111 1652 1133 mutus
1672 1105 1838 1134 conlocari.
1878 1105 1995 1134 Contra
2020 1105 2080 1134 hoc
2106 1106 2169 1134 mi-

294 1161 392 1186 rumst
412 1152 640 1183 nemincmdiun
660 1151 793 1187 uidisse,
820 1153 885 1189 ipse
904 1162 1092 1191 pronomen,
1120 1153 1152 1182 id
1172 1153 1255 1192 qnod
1274 1163 1349 1192 uaga
1368 1153 1434 1183 eius
1454 1153 1540 1181 sedes
1560 1158 1647 1183 extra
1667 1152 1910 1182 controuersiam
1929 1153 2036 1193 ponit,
2061 1153 2098 1182 ab
2117 1153 2168 1183 in-

296 1208 431 1243 terprete
451 1211 544 1240 super
564 1201 618 1230 ille
637 1210 702 1228 esse
722 1199 859 1238 positum
879 1204 910 1229 et
930 1200 967 1229 ab
988 1200 1126 1231 librariis
1145 1207 1315 1241 receptum.

1186 1301 1214 1342 §.
1235 1308 1279 1335 14.

373 1364 446 1392 Non
467 1362 580 1391 debent
595 1367 705 1398 autem,
725 1362 786 1390 nisi
805 1361 884 1390 aliae
904 1363 1050 1401 quaedam
1070 1365 1256 1404 suspicionis
1276 1374 1396 1394 caussae
1416 1363 1571 1398 accedant,
1591 1363 1614 1391 ii
1632 1363 1695 1392 Ioci
1714 1373 1771 1402 pro
1787 1363 1983 1402 interpolatis
1999 1363 2118 1400 haberi,
2138 1363 2170 1392 in

298 1414 409 1453 quibus
429 1411 514 1440 solus
534 1416 585 1439 aut
605 1411 630 1439 Β
650 1415 702 1439 aut
718 1409 744 1437 E
765 1420 781 1438 a
800 1410 920 1448 uolgari
941 1411 1051 1440 ordine
1071 1413 1104 1441 in
1125 1413 1323 1442 conlocandis
1344 1413 1448 1441 uerbis
1468 1411 1595 1441 recedit.
1634 1411 1681 1440 Ita
1700 1421 1763 1439 non
1782 1416 1859 1451 puto
1880 1412 1914 1441 C.
1935 1412 2062 1441 XXIV.
2083 1411 2110 1452 §.
2124 1413 2170 1442 58.

298 1472 395 1500 neque
407 1461 530 1499 faisse,
552 1460 606 1497 qui
625 1459 669 1486 icl
686 1457 773 1485 nobis
793 1464 938 1486 narraret
960 1461 1198 1498 expungendum
1219 1461 1255 1489 icl
1272 1470 1354 1497 esse,
1381 1460 1463 1499 quod
1482 1460 1507 1488 B
1528 1465 1599 1488 ante
1618 1459 1724 1498 ficis-se
1742 1459 1841 1498 ponit.
1881 1460 1961 1489 Nam
1986 1459 2053 1488 uim
2072 1469 2172 1498 quan-

299 1511 367 1539 dam
385 1507 553 1546 repetitum
572 1506 608 1534 ιῖιί
624 1505 670 1533 ibi
690 1504 798 1540 habet,
818 1510 849 1533 et
869 1510 915 1533 est
935 1516 1003 1534 cum
1024 1507 1176 1536 inrisione
1197 1508 1323 1537 dictum.
1363 1508 1510 1537 Ceterum
1535 1507 1614 1535 male
1634 1507 1659 1534 B
1687 1517 1808 1545 quoque
1828 1518 2058 1546 nonnumquam
2076 1510 2173 1539 uerba

298 1556 540 1596 transposuisse,
560 1558 647 1592 patet
666 1562 705 1581 ex
725 1554 759 1582 C.
780 1553 909 1581 XXXI.
929 1551 956 1592 §.
979 1554 1038 1590 75.,
1060 1555 1113 1583 ubi
1134 1556 1291 1594 uolgarem
1310 1556 1478 1585 uerboriun
1499 1555 1656 1591 ordinem,
1676 1565 1693 1583 a
1713 1565 1772 1593 quo
1793 1555 1876 1583 solus
1896 1556 1922 1584 B
1941 1556 2060 1595 recedit
2077 1558 2172 1587 datus

300 1612 344 1635 est
363 1605 415 1633 ille
435 1603 492 1631 tibi
512 1601 666 1636 scribens,
686 1601 854 1638 genuinum
874 1611 939 1629 esse
958 1601 1181 1632 Ambrosianus
1203 1614 1354 1633 consensu
1380 1615 1435 1632 suo
1463 1604 1632 1632 confirmat.
1672 1602 1745 1630 Non
1770 1603 1869 1632 maior
1895 1614 1960 1632 esse
1979 1604 2172 1635 Erfurtensis

302 1653 375 1682 libri
395 1650 561 1681 auctoritas
580 1654 693 1688 potest,
713 1649 747 1678 C.
758 1649 888 1678 XXXI.
908 1647 990 1688 §.75
1011 1650 1162 1680 obsoletae
1181 1654 1246 1681 iam
1265 1658 1339 1680 sunt
1352 1662 1460 1690 preces
1480 1657 1553 1679 tuae
1572 1661 1628 1690 pro
1649 1653 1713 1679 iam
1732 1657 1805 1679 sunt
1824 1651 1987 1680 scribentis
2006 1659 2080 1682 sunt
2097 1656 2172 1685 iam.

301 1702 410 1739 Neque
431 1697 596 1728 delendum
614 1696 660 1724 ibi
679 1702 753 1723 sant
773 1706 873 1734 neque
893 1698 1173 1735 transponendum,
1204 1700 1286 1739 quod
1305 1705 1372 1728 tum
1391 1704 1510 1727 tantum
1529 1698 1598 1728 fieri
1617 1703 1738 1737 posset,
1758 1699 1784 1726 si
1804 1699 1952 1728 obsoletae
1971 1701 2172 1741 participium

303 1753 392 1776 esset.
430 1746 523 1775 Nunc
543 1753 613 1772 cum
631 1742 777 1772 adiectiui
798 1744 899 1772 uicem
918 1751 1021 1782 gerat,
1057 1747 1158 1785 aptius
1178 1754 1253 1776 sant
1272 1748 1308 1776 ab
1330 1757 1366 1776 eo
1386 1746 1539 1786 particula
1558 1749 1623 1776 iam
1642 1746 1853 1774 seiunctumst.
1893 1746 2037 1777 Ceterum
2057 1750 2172 1781 Erfur-

304 1795 399 1824 tensis
420 1794 511 1822 etiam
530 1797 646 1822 temere
664 1801 895 1830 nonnumquam
923 1793 1007 1822 solus
1034 1795 1129 1823 uerba
1155 1794 1354 1834 transposuit.
1393 1794 1460 1831 Ita,
1491 1799 1526 1824 ut
1545 1804 1607 1823 uno
1628 1793 1771 1832 exemplo
1791 1793 1953 1832 defungar,
1988 1796 2021 1825 C.
2042 1797 2172 1830 XXXI,

380 1943 402 1973 ‘)
430 1940 478 1965 Cui
496 1949 550 1965 non
568 1939 642 1966 locus
658 1941 714 1975 ipse
733 1939 782 1966 ille
806 1946 913 1974 mutus,
940 1941 985 1967 ubi
1003 1941 1071 1976 ipse]
1107 1942 1201 1969 Adieci
1220 1943 1276 1977 ipse
1297 1952 1330 1970 ex
1347 1943 1512 1970 Erfurtense.
1547 1942 1754 1969 GRAEUIUS.
1789 1941 1838 1967 Cui
1854 1950 1908 1967 non
1926 1941 2001 1968 locus
2017 1943 2067 1970 ille
2083 1951 2175 1975 mutus

307 1988 379 2020 ipse,
398 1984 455 2016 ubi]
492 1984 536 2009 Sic
556 1987 657 2011 correxi
677 1995 709 2011 cx
729 1986 790 2010 edd.
815 1985 849 2014 R.
867 1986 921 2011 ΒΥ..
956 1989 1018 2020 Ipse
1040 1992 1096 2012 erat
1115 1988 1203 2013 alieno
1222 1989 1299 2020 loco,
1326 1989 1371 2014 ubi
1388 1994 1458 2014 stare
1476 1989 1503 2013 in
1521 1988 1571 2013 hac
1590 1989 1673 2013 forma
1692 1985 1818 2012 orationis
1835 1995 1890 2012 non
1907 1992 2021 2021 poterat.
2055 1991 2176 2018 ERNE.

307 2031 426 2056 STIUS.
461 2028 528 2053 Mihi
554 2039 605 2054 non
631 2030 758 2063 probatur
778 2031 904 2064 repetitio
928 2031 973 2056 illa
999 2030 1088 2065 [quam
1107 2032 1236 2058 Graeuius
1259 2033 1374 2067 admisit]
1402 2038 1457 2058 tam
1476 2042 1604 2066 proxuma
1622 2032 1695 2057 uocis
1717 2030 1787 2065 ipse,
1817 2039 1893 2064 quam
1915 2032 2034 2065 suspicor
2050 2042 2083 2061 ex
2101 2038 2175 2064 uaria

309 2076 366 2101 eius
390 2074 463 2099 uocis
490 2073 673 2099 conlocatione
699 2079 782 2100 ortam
805 2076 894 2100 fuisse.
929 2075 999 2101 Tum
1024 2077 1102 2102 etiam
1122 2077 1191 2110 quod
1210 2078 1296 2111 Naug.
1325 2077 1460 2111 ceterique
1479 2078 1512 2103 ad
1532 2077 1608 2104 Grut.
1625 2084 1708 2110 usque
1727 2074 1870 2106 dederunt,
1896 2075 1986 2108 altus,
2012 2078 2042 2104 id
2058 2080 2176 2108 firmatur

309 2119 465 2145 anctoritate
484 2117 612 2143 Prisciani
630 2127 656 2151 p.
674 2119 732 2151 857.
753 2119 795 2145 ed.
814 2119 938 2152 Putsch.‚
966 2129 998 2146 ex
1016 2120 1064 2145 hac
1083 2121 1203 2146 oratione
1224 2122 1341 2155 citantis,
1367 2121 1413 2147 uhi
1431 2121 1505 2147 altas
1523 2126 1573 2148 est.
1607 2121 1658 2145 Hic
1676 2120 1766 2153 itaque
1784 2119 1960 2153 suspicionem
1977 2121 2014 2147 ita
2034 2125 2176 2152 confirma-

309 2164 348 2189 uit
365 2171 467 2192 meam,
492 2166 521 2185 ut
538 2162 625 2187 locum
643 2163 744 2188 ratione
763 2165 966 2198 auctoribusque
985 2164 1098 2198 optumis
1124 2167 1275 2200 perpurgari
1300 2168 1338 2192 sic
1357 2167 1456 2192 debere
1475 2165 1671 2199 intellegerem:
1699 2163 1743 2189 cui
1769 2172 1823 2188 non
1847 2162 1922 2189 locus
1938 2165 1995 2199 ipse
2011 2165 2059 2192 ille
2075 2174 2175 2202 mutus,

310 2208 356 2234 ubi
379 2207 455 2232 altus
480 2211 529 2231 aut
553 2206 646 2232 doctus
672 2212 721 2232 est.
756 2207 893 2234 Ernestum
919 2209 999 2234 uideo
1024 2210 1083 2234 fere
1101 2219 1202 2235 mecum
1220 2212 1321 2237 facere.
1357 2209 1604 2238 GARATONIUS
1619 2208 1641 2233 Ι.
1676 2208 1772 2233 Bauar.
1790 2208 1835 2232 cui
1851 2217 1904 2233 non
1922 2208 1997 2235 locus
2014 2211 2070 2245 ipse
2086 2218 2177 2241 mutus¹

311 2253 373 2285 ille,
390 2251 444 2277 ubi.
480 2251 628 2276 Delendurn
646 2251 763 2276 secundo
781 2252 842 2277 loco
861 2254 930 2287 ipse,
955 2259 984 2280 ut
1002 2254 1065 2279 olim
1083 2255 1208 2287 diximus,
1232 2261 1286 2281 tum
1306 2256 1367 2290 quia
1384 2264 1417 2281 ex
1435 2254 1524 2288 priore
1542 2253 1605 2279 illuc
1623 2253 1692 2278 male
1709 2253 1864 2278 translatum
1884 2254 1947 2287 suit,
1972 2259 2027 2281 tum
2045 2258 2106 2291 quia
2123 2268 2174 2286 non

311 2302 384 2324 extat
408 2305 440 2321 eo
466 2295 527 2320 loco
552 2295 579 2320 in
605 2294 660 2320 Ers.
685 2301 712 2320 et
737 2296 844 2329 Bauar.,
878 2307 892 2324 a
919 2299 1012 2333 quibus
1043 2299 1069 2325 in
1094 2300 1269 2333 superiorem,
1300 2301 1368 2326 unde
1402 2299 1519 2324 deiectus
1549 2299 1649 2330 fuerat,
1680 2298 1836 2325 restituitur.
1878 2298 1933 2324 Alii
1962 2301 2041 2326 etiam
2069 2308 2175 2330 ueta-&3

313 2343 390 2374 libri,
415 2341 489 2366 Iocus
511 2338 560 2364 ille
582 2344 673 2365 mutus
695 2340 766 2374 ipse,
800 2341 859 2371 ubi5
890 2352 947 2369 cum
977 2344 1035 2371 aliis
1058 2343 1158 2379 Eybius
1184 2350 1211 2370 et
1233 2345 1317 2371 Aldus
1344 2345 1417 2371 locus
1444 2343 1491 2370 ille
1514 2347 1619 2376 mutus,
1643 2341 1689 2368 ubi
1714 2342 1779 2378 ipse.
1814 2343 1874 2368 Hoc
1897 2343 1978 2376 igitur
2001 2345 2102 2373 firmum
2127 2354 2176 2374 est·

314 2385 559 2413 GARATONIUS
576 2384 608 2410 H.
