2264 2746
240 79 291 104 150
898 71 1469 101 COMMENTARIUS.

238 165 260 183 a
278 151 394 183 Plotio
413 150 522 183 Pedio
550 154 610 180 ete.
638 146 703 177 dici
726 146 889 177 debuisse.
932 145 1089 185 Accedit,
1117 146 1226 188 quod,
1252 145 1280 178 si
1302 152 1444 188 utraque
1465 147 1573 178 tribus
1595 145 1770 179 Laterensi
1793 157 1964 179 concessae
1986 154 2111 188 essent,-

239 205 357 236 Cicero
381 215 450 235 non
472 202 535 234 tibi
557 213 626 232 esse
648 210 838 230 concessam
860 198 1018 238 dixisset,
1044 210 1164 229 uerum
1188 199 1251 231 tibi
1272 212 1341 231 esse
1363 212 1546 232 concessas.

322 258 505 290 Aniensem
529 267 548 284 a
573 251 689 283 Plotio
712 251 835 293 Pedio)
879 252 1052 290 Fortasse,
1089 252 1293 284 Garatonius
1322 253 1442 294 inquit,
1468 253 1503 284 in
1527 252 1617 284 tribu
1640 250 1783 283 Aniensi
1810 251 1853 283 A.
1878 250 2006 282 Plotius
2029 262 2108 283 cen-

238 311 383 343 sebatur.
428 309 560 339 Reuera
583 304 744 334 censitum
769 317 846 335 eum
869 304 904 334 in
928 304 989 334 ista
1011 304 1103 334 tribu
1127 303 1245 343 fuisse,
1278 305 1410 337 disertis
1433 305 1544 337 uerbis
1568 310 1709 336 testatur
1733 304 1871 343 Cicero,
1901 303 2014 334 statim
2035 310 2112 346 post

240 364 371 394 dicens:
396 363 454 394 lios
481 357 669 399 (Plancium
693 362 725 387 et
749 356 910 399 Plotium)
935 358 1107 389 iacturam
1138 370 1315 389 suarum
1345 358 1495 390 tribuum
1517 357 1656 401 fecisse.
1701 358 1790 388 Nam
1819 370 1883 388 sua
1914 355 2023 388 tribus
2053 360 2113 392 est,

240 416 274 447 in
301 426 363 456 qua
387 412 459 454 quis
483 416 647 440 censetur.
693 408 763 440 Csr.
788 422 814 440 c.
847 412 893 441 15.
920 410 948 451 ἕ.
971 410 1021 451 ΒΓ.
1046 410 1217 442 Acerbum
1241 412 1376 442 omniuo
1397 424 1508 454 genus
1531 411 1658 448 iudici,
1681 415 1730 441 set
1754 415 1884 447 tamen,
1910 409 1940 439 si
1962 407 2019 439 uel
2038 419 2114 444 sua,

244 469 301 500 uel
325 480 381 503 ea,
405 476 490 508 quae
513 475 671 494 maxume
694 469 779 494 esset
803 465 924 506 ‹·1u'que
948 463 1147 501 coniuncta,
1174 463 1284 495 tribas
1306 465 1481 502 ederetur,
1505 465 1565 495 uix
1586 462 1842 494 rems-scindam.

324 519 410 549 Esse
438 514 642 557 concessam)
688 515 779 555 Quid
811 516 855 546 sit
887 516 1015 547 tribum
1042 515 1098 546 uel
1132 517 1323 548 centuriam
1352 517 1460 549 alicui
1483 516 1679 554 concedere,
1720 513 1836 545 multis
1866 512 2009 556 exponit
2037 512 2115 545 Nic.

245 569 413 603 Gruchius
438 568 478 598 de
502 569 599 599 Com.
622 567 723 598 Rom.
747 568 824 600 Lib.
847 568 871 599 I.
897 580 923 598 c.
947 568 977 599 4.
1000 581 1034 611 p.
1059 570 1118 600 622
1142 581 1191 610 sq.
1219 569 1321 600 Thes.
1346 570 1490 601 Graeu..

324 622 383 655 *Ne
406 622 441 652 in
464 627 655 664 augustum
677 621 848 663 uenirent)
893 621 1002 663 Ipsius
1025 621 1217 653 Laterensis
1248 621 1328 652 haec
1358 622 1460 652 uerba
1482 621 1600 660 fuisse,
1636 620 1756 662 quibus
1785 619 2042 663 significauerit,
2073 629 2118 649 ne

240 675 406 717 suffragiis
436 673 629 705 necessariis
661 673 895 714 priuarentur,
930 685 973 704 ex
995 675 1212 715 sequentibus
1236 675 1462 717 intellegitur,
1498 674 1533 705 in
1557 674 1676 716 quibus
1701 674 1819 705 Cicero
1848 673 2031 705 ridiculum
2053 672 2118 703 hoc

240 727 403 771 loquendi
426 738 529 769 genus
553 725 678 757 reddit.

327 781 493 813 Nondum
515 779 654 821 cognita
672 778 797 821 populi
820 779 1012 821 uoluntate)
1058 779 1297 821 Superioribus
1323 779 1483 817 comitiis,
1508 791 1585 811 cum
1608 778 1737 810 Plotius
1760 783 1793 808 et
1815 776 1969 812 Plancius
1990 775 2031 807 de
2051 787 2117 818 po-

240 833 314 877 puli
337 844 414 875 erga
436 843 470 863 se
493 832 683 868 uoluntate,
713 842 812 871 quam
836 838 952 872 postea
975 831 1049 863 latis
1072 831 1238 873 suffragiis
1263 839 1506 875 coguoueraut,
1532 832 1614 863 certi
1637 831 1723 862 nihil
1747 830 1881 861 scirent.
1906 831 2118 861 MANUTIL'S.

324 887 381 917 Set
405 891 515 916 tumen
542 890 579 915 tuf
603 883 648 915 A.
674 884 847 922 Plotium,
881 887 998 916 uirum
1021 886 1310 924 ornatis-smmum,
1344 887 1379 917 in
1404 887 1493 918 idem
1516 887 1643 918 crimen
1673 883 1825 916 novando
1856 882 2008 921 indicas,
2042 894 2119 914 eum

242 944 274 971 te
295 939 505 981 arripuisse,
537 951 558 969 a
583 949 647 980 quo
670 949 736 968 non
758 938 805 968 sis
829 939 997 980 rogatus.)
1042 939 1134 969 Ante
1159 939 1382 970 Garatouium
1405 940 1460 970 hic
1481 940 1572 970 locus
1596 938 1629 969 iu
1650 935 1805 967 omnibus
1831 945 1936 976 paene
1960 933 2122 964 editioni-

243 991 304 1022 bus
335 991 382 1021 sic
409 991 552 1032 scriptus
586 989 740 1020 extabat:
786 990 843 1020 Set
874 997 986 1022 tamesi
1018 997 1054 1022 tu
1082 1003 1125 1022 au
1151 991 1325 1029 Plotium,
1359 992 1476 1023 uirum
1499 992 1786 1026 ornatisszunum,
1820 988 1856 1018 in
1879 988 1969 1019 idem
1992 987 2120 1018 crimen

243 1044 437 1076 uocantium
467 1043 627 1074 iudicas?
665 1055 708 1073 au
739 1043 844 1081 dicis,
881 1056 957 1075 eum
989 1049 1020 1075 te
1049 1044 1259 1086 arripuisse,
1298 1056 1320 1075 a
1343 1056 1408 1087 quo
1429 1056 1496 1076 non
1519 1045 1566 1076 sis
1590 1042 1759 1086 rogatus?
1804 1040 1889 1071 Eam
1918 1039 2134 1081 scripturam'

245 1107 446 1138 quamquam
479 1095 578 1126 nimis
602 1095 743 1125 uerbose
770 1103 857 1126 recte
882 1102 993 1126 tamen
1019 1095 1053 1126 in
1077 1107 1165 1133 eam,
1205 1108 1304 1137 quam
1329 1097 1456 1138 recepi,
1494 1097 1706 1128 hortantibus
1731 1092 1900 1124 codicibus
1924 1091 2122 1124 mutandam

245 1161 314 1180 esse
330 1149 546 1180 »Garatonius
570 1147 701 1185 docuit,
735 1148 814 1178 baec
837 1159 995 1179 monens:
1038 1148 1214 1186 „Nullum
1236 1148 1389 1190 profecto
1413 1150 1545 1191 signum
1569 1146 1795 1189 corruptionis
1819 1151 1968 1188 apparet.
2014 1145 2123 1178 Uide-

244 1214 315 1234 ram
347 1203 464 1244 utique
499 1201 628 1231 codices
657 1212 750 1231 meos
779 1206 811 1230 et
837 1207 913 1230 aute
938 1201 1148 1242 Naugerium
1176 1201 1283 1232 editos
1313 1203 1583 1244 praetermittere
1613 1214 1657 1232 aiz
1682 1200 1785 1238 dicis,
1820 1198 1910 1240 quod
1933 1198 2033 1229 etiam
2062 1209 2122 1230 sex

247 1256 386 1287 Oxonn.
421 1255 467 1295 [et
490 1265 595 1298 paene
621 1264 737 1284 omnes
762 1252 844 1290 lnei;
884 1252 962 1283 uide
986 1253 1085 1283 etiam
1118 1253 1248 1295 Proleg.
1272 1255 1313 1284 L.
1338 1256 1382 1286 ΙΙ.
1416 1256 1453 1286 C.
1478 1256 1503 1285 Ι.
1533 1254 1652 1295 §.1..]
1676 1251 1812 1283 faciunt.
1860 1252 1975 1292 Quom
2005 1251 2042 1282 hi
2070 1251 2125 1282 lo-

247 1320 322 1339 cum
353 1308 425 1339 sine
454 1307 540 1337 iusto
565 1317 663 1337 sensu
691 1306 941 1346 relinquerent,
979 1316 1039 1335 cur
1062 1317 1130 1336 non
1161 1302 1438 1338 contemnerem?
1484 1308 1542 1338 Set
1564 1306 1689 1344 multa,
1723 1315 1806 1346 quae
1829 1303 2008 1343 uidentur,
2041 1315 2126 1335 con-

248 1360 427 1392 temnenda
458 1371 526 1389 nou
559 1365 648 1390 sunt.
694 1360 783 1389 Nam
811 1358 913 1388 simul
940 1369 977 1388 ac
999 1359 1034 1389 iu
1055 1359 1216 1389 Bauarico
1248 1358 1320 1389 uidi
1344 1371 1413 1390 esse
1437 1360 1607 1398 ιιοοαηιίο,
1641 1359 1754 1390 statim
1777 1356 1947 1395 intellexi,
1981 1356 2125 1388 uerbum

248 1425 266 1445 a
287 1414 398 1457 primo
425 1412 629 1444 accussatiuo
653 1410 863 1442 antecedenti
885 1411 1174 1441 accommodatum
1198 1411 1388 1443 inconsulto
1411 1412 1531 1451 fuisse,
1565 1418 1603 1443 ut
1625 1423 1723 1454 saepe
1748 1410 1884 1449 accidit,
1917 1408 2056 1449 deinde,
2084 1419 2127 1439 ne

248 1478 362 1498 sensus
393 1464 597 1508 inperfectus
628 1470 728 1503 esset,
764 1464 872 1506 perite
903 1465 980 1495 satis
1004 1477 1048 1496 aiz
1072 1465 1159 1495 dicis
1182 1465 1360 1496 adiectum.
1407 1467 1499 1497 Haut
1524 1472 1634 1496 tamen
1667 1464 1760 1496 omni
1784 1469 1873 1493 caret
1895 1462 2025 1492 macula
2054 1461 2126 1504 ipse

247 1520 349 1558 Bau.,
392 1520 449 1561 qui
477 1530 612 1550 sensum
644 1518 715 1549 sine
746 1516 933 1547 adiectione
964 1517 1026 1547 ista
1057 1518 1124 1558 [an
1155 1518 1263 1558 dicis]
1296 1518 1427 1561 egregie
1456 1519 1654 1550 continuans
1688 1518 1812 1548 retinet
1839 1522 1951 1547 tamen
1982 1516 2127 1554 iudicas,

251 1584 352 1614 quom
379 1584 448 1603 esse
472 1578 626 1614 oporteat
649 1572 792 1603 indit-us.
837 1568 939 1610 Quod
962 1569 996 1599 iu
1018 1570 1234 1611 sequentibus
1259 1570 1381 1601 iterum
1406 1572 1574 1613 peccauit,
1604 1571 1661 1602 ubi
1689 1577 1778 1601 recte
1802 1569 1941 1610 legitur,
1980 1570 2125 1608 indicas,

249 1631 311 1657 aut
335 1637 388 1656 eos
413 1625 507 1655 testis
532 1630 563 1655 te
586 1625 773 1655 adducere:
814 1633 959 1663 namque
988 1621 1035 1652 ibi
1067 1623 1167 1653 habet
1190 1623 1247 1654 ille
1271 1635 1346 1654 cum
1370 1624 1443 1655 Erf.
1468 1630 1606 1667 optume
1623 1624 1831 1667 producere,
1865 1633 2020 1665 pessume
2043 1633 2124 1653 uero

251 1689 326 1708 cum
350 1677 479 1707 duobus
504 1676 642 1708 Oxonn.
667 1678 812 1708 iudicas.
857 1676 914 1706 Set
936 1674 1000 1705 hoc
1023 1675 1260 1708 lenissumum:
1296 1683 1414 1708 tantast
1441 1678 1530 1708 enim
1551 1676 1810 1708 conmutationis
1840 1675 1940 1706 huius
1969 1686 2012 1705 ex
2041 1674 2125 1705 faci-⁸

251 1731 344 1762 litate
368 1729 574 1771 frequentia,
608 1735 645 1760 ut
667 1741 734 1760 11011
759 1728 878 1764 modo,
914 1734 1030 1758 utrum
1054 1727 1145 1760 locus
1169 1731 1334 1772 postulet,
1369 1731 1457 1761 suini
1477 1730 1549 1760 iure
1572 1729 1694 1772 possit,
1729 1739 1849 1759 uerum
1873 1728 1971 1759 etiam
1996 1727 2122 1758 debeat.

254 1783 306 1814 Sic
329 1783 440 1824 itaque
464 1783 643 1825 legendum
666 1782 820 1813 uidetur:
849 1782 907 1813 Set
931 1787 1041 1812 tamen
1070 1786 1107 1814 tu
1131 1795 1175 1814 aa
1198 1784 1373 1822 Plotium,
1397 1784 1514 1814 uirum
1537 1795 1628 1821 orn„
1652 1783 1687 1814 ia
1710 1782 1799 1812 idem
1821 1781 1948 1813 crimen
1970 1781 2122 1813 uocanclo

254 1837 406 1874 indicas,
430 1848 505 1867 eum
529 1842 560 1868 te
583 1837 785 1879 arripuisse,
808 1848 827 1866 (l
853 1847 917 1878 quo
939 1847 1006 1865 uon
1031 1835 1078 1865 sis
1102 1837 1269 1877 rogatus?
1315 1836 1428 1877 Quom
1452 1835 1642 1867 Laterensis
1669 1835 1848 1866 coitionem
1873 1833 2045 1864 Plancium
2069 1833 2124 1863 in·-

254 1895 305 1920 ter
328 1900 364 1919 ae
386 1889 534 1919 Plotium
557 1887 677 1919 saetam
701 1888 915 1926 criminetur,
951 1887 1031 1929 quin
1055 1888 1170 1918 eadem
1196 1900 1308 1919 caussa
1337 1888 1513 1930 utriusque
1536 1888 1593 1927 sit,
1628 1887 1774 1919 dubitari
1796 1899 1864 1918 non
1885 1891 2006 1929 potest.
2050 1887 2125 1918 Uo-

256 1948 347 1972 catur
370 1941 472 1983 igitur
495 1941 528 1971 in
545 1940 635 1971 idem
659 1940 785 1972 crimen
811 1940 949 1971 omnino
968 1940 1114 1979 Plotius3
1139 1953 1202 1982 qua
1226 1953 1290 1972 una
1313 1952 1350 1971 re
1366 1941 1517 1972 Bauarici
1541 1941 1639 1972 lectio
1658 1951 1817 1971 maxume
1836 1945 1991 1982 praestat.
2039 1939 2126 1972 Uol--

256 2001 328 2036 gata
352 1995 440 2025 enim
473 1993 718 2025 dubitationem
748 1993 864 2032 habet,
899 2004 983 2035 quae
1006 1993 1097 2023 nulla
1121 2000 1187 2032 est3
1224 2000 1323 2035 atque
1347 1993 1471 2025 idcirco
1502 1995 1537 2026 in
1559 1995 1663 2025 altera
1691 1999 1805 2036 parte,
1844 2002 1926 2033 quae
1948 1991 2125 2023 coniuncta

257 2046 379 2077 debent
401 2057 469 2076 esse
491 2046 633 2077 diuellit.
678 2047 751 2084 An,
782 2046 910 2087 inquit,
942 2045 1068 2077 socium
1093 2046 1244 2077 criminis
1267 2046 1402 2078 Plancio
1426 2046 1578 2090 adiungis
1601 2047 1770 2078 Plotium?
1807 2055 1846 2074 an
1870 2054 1972 2083 uero,
2006 2044 2034 2075 si
2056 2056 2125 2077 non

257 2098 424 2140 adiungis,
449 2110 549 2140 quem
573 2099 633 2130 tibi
656 2099 871 2130 commodum
898 2097 978 2137 suit,
1004 2098 1202 2140 arripuisti?
1248 2100 1347 2131 Ualet
1371 2100 1434 2131 hoc
1456 2101 1490 2131 in
1515 2112 1626 2131 caussa
1648 2099 1739 2142 pari,
1765 2097 1799 2128 in
1823 2096 1948 2139 dispari
1971 2108 2041 2128 non
2063 2109 2125 2128 ua-

256 2152 314 2183 let.
359 2151 414 2181 Set
437 2158 547 2183 manet
569 2153 677 2184 adhuc
700 2166 761 2191 an,
784 2152 840 2182 ubi
865 2164 993 2190 nonne,
1024 2152 1079 2182 uel
1102 2164 1166 2182 uon
1191 2152 1359 2194 requiras,
1392 2159 1429 2183 ut
1451 2153 1493 2184 sit
1516 2152 1713 2183 adfirmatio.
1758 2151 1806 2181 Ita
1831 2161 1883 2180 me
1906 2149 1947 2179 ad
1970 2148 2042 2180 fere
2064 2162 2125 2181 ne-

259 2204 432 2236 cessariam
463 2205 730 2237 emendationem
759 2205 843 2236 ratio
875 2204 1028 2244 deducit,
1064 2216 1128 2245 qua
1157 2204 1308 2246 sequenti
1333 2205 1451 2236 similis
1482 2204 1536 2235 fiat
1559 2205 1612 2235 hic
1634 2204 1667 2234 in
1695 2203 1903 2234 adfirmando
1927 2201 2030 2233 locus.
2075 2204 2125 2234 Ea

258 2269 341 2288 uero
364 2263 432 2287 tam
456 2264 642 2298 piomptast
666 2270 763 2300 quam
792 2257 986 2300 probabilis.
1033 2258 1145 2299 Quom
1176 2257 1264 2288 enim
1289 2257 1368 2288 huic
1392 2257 1502 2288 Plotio
1526 2268 1730 2299 praenomen
1755 2255 1856 2285 suerit
1877 2255 1989 2294 Aulo,
2027 2254 2126 2287 sacil-

260 2311 350 2341 lume
380 2309 470 2339 illius
501 2316 579 2338 nota
600 2311 646 2341 A.
676 2312 708 2340 iu
733 2324 776 2342 (m
807 2311 957 2341 conuerti
982 2311 1110 2352 potuit3
1153 2309 1241 2351 quod
1263 2310 1326 2341 erit
1354 2316 1443 2341 certe
1464 2310 1571 2340 multo
1595 2309 1795 2344 modestius,
1836 2319 1935 2349 quam
1958 2320 2024 2339 non
2047 2315 2125 2340 ante

261 2363 393 2394 indicas
416 2361 549 2392 addere.
595 2362 648 2392 Sic¹
670 2363 772 2403 igitur
795 2363 1058 2404 interrogatione
1081 2363 1210 2394 sublata
1232 2363 1357 2404 placet:
1381 2364 1439 2394 Set
1462 2368 1574 2393 tamen
1597 2368 1634 2394 tu
1656 2364 1702 2395 A.
1727 2362 1885 2396 Plotium
1907 2367 1969 2392 etc.
2013 2362 2122 2406 Supra
