2264 2746
264 106 318 135 198
910 96 1485 134 COMMENTARIUS.

264 187 365 219 quam
387 173 559 207 Manutius
582 171 766 214 explicauit
788 171 852 211 ita,
880 184 980 215 quom
1002 172 1191 204 Plancium
1212 172 1359 215 aspicis,
1390 172 1447 204 cui
1466 172 1624 216 gratiam
1646 184 1738 204 nunc
1763 171 1894 215 resera,
1923 171 2006 206 ferri
2026 175 2127 218 plane

263 240 333 261 nou
354 239 468 271 posse,
494 237 562 257 non
586 236 669 266 opus
693 229 761 261 est,
785 229 824 254 ut
846 224 951 255 uerbo
972 225 1119 255 doceam.

348 281 462 321 Quam
490 290 552 321 ego
575 289 641 308 non
663 294 706 300 —
731 275 946 320 defugerem)
991 277 1083 308 Male
1108 276 1312 308 Garatonius
1341 277 1367 307 B
1392 282 1425 308 et
1446 277 1475 308 E
1504 277 1706 320 scripturam
1736 275 1935 320 defugerim
1961 278 2130 320 probauit,

264 345 348 377 quae
371 335 417 364 sic
440 338 569 363 tantum
592 330 705 360 locum
727 329 852 360 habere
874 335 1004 371 posset,
1032 329 1060 360 si
1084 329 1126 360 de
1149 341 1205 368 eo,
1237 329 1327 371 quod
1351 329 1499 369 fecisset,
1527 330 1647 362 Cicero
1671 335 1870 372 exponeret.
1911 330 1961 362 At
1982 331 2054 362 uolt
2074 331 2134 363 ille

264 387 328 419 hoc
352 386 474 422 dicere,
496 383 631 413 nullum
655 394 726 413 esse
747 383 956 425 periculum,
981 383 1087 425 quod,
1111 382 1139 414 si
1158 394 1221 424 pro
1245 383 1352 413 salute
1374 383 1567 414 Laterensis
1594 382 1804 414 subeundum
1827 389 1922 422 esset,
1950 382 2134 426 defugeret.

263 438 425 472 Nondum
449 435 538 466 enim
562 435 754 466 Laterensis
777 436 865 466 salus
889 436 924 466 in
948 435 1130 467 discrimen
1153 442 1223 466 erat
1245 435 1404 475 adducta,
1432 441 1465 466 ut
1490 435 1624 466 defendi
1646 447 1665 466 a
1689 436 1852 467 Cicerone
1874 436 2048 479 potuisset.

346 490 422 529 Ouo
449 488 587 530 quidem
619 488 725 520 etiam
754 490 869 532 magis
899 501 976 520 sum
1005 507 1047 512 -
1079 487 1264 529 exercitus)
1309 488 1427 519 Hanc
1462 488 1722 519 sententiam
1760 501 1888 520 secun
1902 490 1999 520 dum
2032 489 2135 521 illos

263 541 556 587 philosophos
578 539 749 580 intulit,
785 541 856 583 qui
879 541 1254 572 existimauerunt
1275 551 1441 582 semper
1467 540 1615 572 beatos
1638 553 1729 573 esse
1752 542 1983 585 sapientes,
2013 553 2136 573 num-

263 606 382 638 quam
415 594 597 625 miseros
636 594 969 632 existimand033
1011 606 1054 625 ac
1083 594 1224 636 siquid
1259 592 1435 624 aduersi
1474 593 1766 635 prudentibus
1797 595 2010 635 eueniret,
2054 607 2136 627 non

262 659 446 691 poenam
476 645 605 688 magis
636 653 674 677 et
706 648 1013 684 calamitatem,
1054 658 1176 688 quam
1210 646 1576 678 exercitationem
1610 658 1701 678 esse
1730 647 1944 680 fortunae.
1974 649 2136 680 SCHOLIA

258 702 519 733 Ammzosmxs.
563 700 675 731 Locus
698 706 748 731 est
770 701 879 742 grauis
903 706 937 731 et
959 711 977 731 a
997 700 1118 731 Stoicis
1145 711 1244 742 saepe
1276 705 1445 730 tractatus.
1491 700 1570 731 Huc
1592 712 1769 741 maxume,
1810 712 1852 732 ne
1882 702 1989 732 mulia
2017 700 2137 744 putide

259 764 457 794 congeram,
488 752 592 782 uerba
614 751 673 783 illa
696 751 821 784 faciunt
846 765 889 784 ex
913 753 1089 784 paradoxo
1113 753 1156 783 ΙΙ.
1194 759 1233 784 ut
1259 753 1401 795 inprobo
1431 758 1463 784 et
1486 754 1593 785 stulto
1624 761 1658 787 et
1679 755 1786 786 inerti
1815 755 1944 786 nemini
1965 754 2046 787 bene
2066 766 2137 786 esse

255 811 386 849 potest,
419 805 470 836 sic
493 805 599 837 bonus
623 806 680 837 uir
703 811 735 837 et
748 804 862 848 fortis
885 812 918 838 et
940 807 1077 850 sapiens
1100 805 1204 837 miser
1228 818 1298 837 esse
1321 818 1387 837 non
1408 811 1534 849 potest.
1581 807 1842 839 GARATONH'S.

345 859 443 891 Leue
465 858 556 889 enim
580 870 665 890 onus
688 857 831 901 benefici
851 859 986 901 gratia)
1032 860 1144 900 Leg0‚
1167 859 1242 890 leue
1265 860 1356 890 enim
1379 865 1430 891 est
1450 872 1552 897 onus,
1582 866 1621 890 ut
1642 860 1678 891 in
1700 861 1782 891 Bau.
1810 862 1855 902 [et
1876 861 1912 892 in
1935 858 2022 901 ΕΓΒ]
2048 864 2081 890 et
2101 858 2136 890 in

259 911 485 943 meocodice.
514 911 775 942 GARATONH‘S.
820 911 911 943 Male
936 912 1122 943 Gai-atomio
1145 912 1276 942 adsensi
1300 918 1377 943 sunt
1402 912 1552 943 Orellius
1577 919 1607 944 et
1629 913 1770 952 Bakius,
1806 925 1949 955 quorum
1970 912 2140 955 posterior

261 964 373 996 adfert
396 963 438 994 de
462 962 530 995 Off.
555 965 605 1003 ΙΙ,
631 976 667 1006 7,
691 965 721 995 5.
757 965 870 997 malus
895 970 945 995 est
967 965 1058 996 enim
1084 972 1196 997 custos
1222 967 1471 997 diluta-nitatis
1497 972 1618 998 metus.
1664 966 1742 1007 Quo
1767 966 1840 1008 ipso
1863 966 1898 997 in
1922 966 1995 997 loco
2018 964 2137 996 rectis-

259 1028 355 1049 sume
384 1016 522 1048 Beierus
552 1017 796 1059 plurumorum
825 1016 922 1049 codd.
953 1017 1148 1049 auctoritate
1182 1019 1323 1049 uei-bum
1356 1025 1406 1050 est
1438 1018 1545 1049 eiecit.
1596 1018 1724 1050 Confer
1757 1019 1857 1050 etiam
1890 1030 1973 1061 quae
2003 1017 2136 1060 Proleg.

261 1071 304 1102 L.
327 1070 371 1101 ΙΙ.
397 1070 435 1101 C.
459 1070 486 1100 I.
511 1070 541 1111 ς.
567 1071 616 1102 16.
640 1082 674 1113 p.
699 1072 793 1103 LVI.
817 1070 1023 1102 monuimus.
1071 1072 1227 1102 Ceterum
1250 1077 1340 1102 recte
1363 1071 1486 1102 Bakius
1510 1071 1614 1102 uerba
1636 1084 1721 1103 onus
1744 1071 1888 1115 benefic-i
1910 1083 1996 1110 non,
2027 1077 2066 1102 ut
2086 1069 2138 1101 se-

261 1122 308 1153 cit
335 1122 529 1162 Schutzius‚
566 1122 711 1166 benefici
736 1125 860 1167 gratia
892 1124 1123 1165 coniungenda
1157 1124 1296 1155 censuit.
1347 1124 1402 1155 Sic
1431 1125 1468 1155 C.
1494 1124 1615 1156 XXX.
1648 1125 1678 1166 ς.
1712 1136 1763 1166 72.
1794 1138 1880 1157 onus
1910 1122 2053 1166 benefici
2083 1134 2138 1155 re·-

251 1175 467 1219 formidant.

346 1228 405 1259 Set
436 1228 518 1271 quia
550 1240 651 1271 saepe
680 1229 857 1260 concurrit
879 1233 1024 1271 propter
1055 1228 1254 1271 aliquorum
1281 1228 1322 1260 de
1348 1241 1400 1260 nze
1422 1230 1626 1261 meritorum
1657 1230 1747 1262 inter
1773 1231 1865 1273 ipsos
1895 1230 2137 1268 contentiones,

261 1287 301 1314 ut
327 1281 443 1313 eodem
475 1286 626 1324 tempore
649 1282 684 1313 in
711 1282 820 1312 omnis
848 1292 970 1312 uerear
993 1293 1034 1312 ne
1058 1281 1119 1312 uix
1142 1281 1276 1323 possim
1302 1287 1431 1324 gratus
1454 1282 1582 1322 uideri)
1627 1282 1709 1315 Bau.
1741 1282 1787 1322 [et
1812 1281 1902 1320 Erf.]
1931 1282 2016 1312 addit
2045 1282 2137 1320 bene,

261 1333 349 1376 quod
374 1332 476 1363 etiam
498 1333 571 1364 sine
593 1334 761 1365 librorum
784 1334 998 1372 auctoritate,
1024 1333 1052 1364 si
1074 1333 1277 1364 adtentiores
1300 1334 1493 1371 fuissemus,
1519 1340 1589 1365 erat
1610 1333 1813 1365 faciendum.
1859 1335 1914 1366 Sic
1936 1341 2046 1365 autem
2069 1334 2137 1373 ille,

254 1392 400 1430 propter
424 1387 623 1429 aliquorum
644 1387 723 1419 bene
745 1388 787 1419 de
809 1400 861 1419 me
882 1388 1097 1419 meritorum.
1143 1387 1198 1417 Set
1222 1386 1312 1429 quod
1335 1387 1436 1417 habet
1460 1387 1549 1428 [cum
1566 1386 1652 1428 Erf.]
1677 1394 1900 1426 concurrunt,
1926 1386 1961 1417 id
1983 1397 2038 1417 me
2061 1387 2138 1418 uol-

259 1446 354 1482 gatae
376 1438 642 1470 indormientem
666 1439 811 1483 pupugit
833 1440 940 1470 acrius
964 1446 996 1470 et
1020 1439 1192 1470 excitauit.
1238 1440 1439 1471 Menckenio
1462 1440 1498 1470 in
1523 1440 1667 1472 Obseru.
1689 1441 1730 1472 L.
1753 1442 1795 1472 L.
1819 1452 1853 1483 p.
1880 1440 1949 1472 154.
1973 1439 2051 1471 satis
2073 1439 2139 1471 fuit

261 1504 335 1523 eam
367 1492 440 1522 uim
470 1492 550 1523 huic
580 1493 686 1524 uerbo
716 1493 880 1531 tribuere,
920 1504 1019 1533 quam
1050 1492 1175 1523 habent
1206 1494 1378 1536 contingit
1409 1499 1441 1524 et
1467 1493 1592 1525 euenit.
1634 1493 1682 1525 At
1710 1504 1747 1523 ea
1776 1493 1887 1535 potius
1916 1504 1985 1524 esse
2011 1493 2137 1534 debuit,

261 1557 363 1588 quam
385 1545 487 1576 habet
509 1548 674 1590 congruit
696 1552 777 1588 aput
800 1545 908 1576 Tacit.
933 1546 958 1575 Ι.
982 1545 1073 1576 Hist.
1099 1557 1127 1586 7.
1172 1545 1278 1578 Forte
1301 1552 1522 1589 congruerat,
1547 1551 1587 1577 ut
1610 1545 1708 1577 Clodi
1733 1547 1847 1578 Macri
1869 1552 1902 1578 et
1926 1547 2052 1578 Fontei
2073 1547 2139 1579 Ca-

258 1599 392 1643 pitonis
416 1598 534 1630 caedes
557 1600 816 1631 nuntiarentur.
860 1600 982 1639 Neque
1005 1598 1096 1629 enim
1120 1610 1172 1630 res
1196 1609 1281 1637 una,
1312 1611 1396 1641 quae
1418 1599 1552 1639 accidit,
1582 1611 1784 1631 concurrere
1807 1599 1942 1637 dicitur,
1973 1599 2039 1630 nisi
2061 1610 2137 1631 cum

262 1651 328 1682 alia
350 1651 386 1681 in
409 1650 500 1681 idem
524 1657 657 1693 tempus
680 1652 806 1683 incidat
828 1658 886 1683 aut
907 1651 972 1682 alia
994 1651 1126 1682 ratione
1149 1652 1337 1683 conueniat.
1384 1653 1475 1693 Quid
1499 1658 1548 1683 est
1570 1651 1692 1694 igitur,
1715 1652 1906 1690 concurrit,
1930 1657 1969 1683 ut
1992 1654 2139 1685 uerear?

265 1703 359 1746 Quid
383 1716 506 1736 uerear
529 1704 680 1744 additur,
713 1716 789 1735 cum
813 1705 887 1735 satis
914 1704 1032 1744 suerit,
1066 1706 1260 1744 concurrit,
1284 1712 1323 1737 ut
1346 1707 1407 1738 uix
1424 1707 1581 1749 possim?
1624 1707 1757 1738 Locum
1780 1704 1838 1735 ille
1860 1704 2032 1746 coniungit
2052 1705 2137 1736 alte-

262 1769 341 1789 rum
364 1768 407 1788 ex
434 1758 477 1788 II.
510 1757 551 1789 de
573 1758 655 1790 Diu.
680 1757 731 1789 68.
761 1758 819 1789 An
844 1764 881 1788 tu
905 1770 1017 1789 censes
1046 1758 1156 1789 ullam
1184 1771 1290 1791 anum
1313 1765 1385 1791 tam
1407 1760 1555 1791 deliram
1574 1758 1745 1802 futuram
1764 1756 1901 1800 sitisse,
1935 1764 1975 1790 ut
1995 1759 2135 1790 somniis

264 1811 436 1848 crederet,
459 1811 530 1841 nisi
552 1811 621 1842 ista
644 1824 726 1842 casu
749 1823 1025 1854 nonnumquam,
1047 1810 1166 1853 forte,
1190 1818 1313 1844 temere
1336 1815 1604 1845 concurrerent?
1647 1813 1733 1844 Illuc
1754 1821 1838 1841 uero
1863 1811 2000 1851 quadrat
2020 1811 2137 1842 eueni-

267 1869 362 1902 rent,
389 1874 466 1893 cum
488 1861 694 1903 significetur
717 1869 871 1900 euentus,
899 1865 957 1906 qui
980 1864 1007 1895 si
1031 1875 1106 1894 cum
1126 1865 1258 1895 somnio
1283 1865 1475 1903 conueniat,
1502 1877 1554 1896 res
1577 1867 1678 1908 plane
1700 1869 1906 1896 concurrunt
1929 1862 2023 1893 duae.
2067 1862 2138 1893 Lo—

268 1916 357 1946 cutio
386 1921 436 1947 est
466 1915 685 1957 exquisitior,
724 1922 762 1947 ut
793 1916 827 1947 in
852 1917 1039 1948 Homerico
1069 1929 1171 1948 uersu
1193 1918 1277 1949 XX.
1311 1918 1431 1960 Odyss.
1456 1918 1528 1950 245.
1561 1917 1622 1963 οὐχ
1648 1918 1734 1960 ἡμῖν
1764 1912 1987 1949 συνθεύσεται
2014 1912 2073 1956 ἥδε
2100 1927 2138 1957 γε

268 1964 391 2010 βουλή,
431 1979 498 2010 quo
529 1968 661 1999 exitum
695 1970 835 2001 consilio
864 1982 931 2001 uon
956 1981 1199 2012 responsurum
1223 1971 1299 2001 dicit
1321 1970 1588 2013 Amphinomus.
1633 1972 1730 2003 Hanc
1752 1970 1798 2001 ita
1819 1968 1968 1999 imitatur
1990 1967 2139 2008 Proper-

268 2020 334 2052 tius
355 2022 421 2060 ΙΙΙ,
447 2033 463 2062 7
487 2021 543 2062 (al.
566 2022 630 2064 9.)‚
658 2034 723 2065 17.‚
754 2030 790 2054 ut
812 2024 962 2066 palmae,
989 2023 1046 2064 qui
1069 2035 1185 2054 cursus
1208 2023 1293 2055 felix
1316 2030 1365 2054 est
1388 2024 1514 2063 exitus,
1546 2037 1622 2056 cum
1648 2023 1807 2067 quadriga
1831 2019 1994 2051 currentis
2019 2019 2139 2062 imagi-

268 2084 348 2105 nem
369 2080 463 2104 acute
484 2081 665 2116 proponat.
709 2077 795 2115 Est,
841 2076 964 2120 quibus
987 2077 1095 2108 Eleae
1118 2078 1292 2108 concurrit
1312 2078 1431 2120 palma
1454 2079 1658 2122 quadrigae.
1703 2077 1804 2108 Estne
1826 2073 1880 2104 hic
1902 2072 2004 2113 igitur
2025 2072 2138 2114 poeti-

270 2136 348 2156 cum
376 2126 523 2167 aliquid,
563 2134 621 2159 aut
649 2129 739 2160 ullus
766 2129 808 2160 ad
840 2135 1001 2160 euentum
1031 2136 1221 2172 respectus,
1255 2135 1313 2160 aut
1339 2130 1408 2160 ulla
1436 2142 1552 2161 rerum
1582 2130 1727 2171 denique
1756 2125 1982 2168 conspiratio?
2027 2126 2136 2156 Immo

271 2188 353 2209 uero
377 2187 554 2211 concursus
576 2187 626 2213 est
648 2182 902 2213 contentionum
925 2182 1013 2213 inter
1036 2182 1190 2213 homines
1220 2182 1304 2213 bene
1328 2181 1369 2212 de
1391 2182 1439 2214 M.
1465 2183 1583 2213 Tullio
1615 2181 1772 2218 meritos,
1809 2190 1875 2221 quo
1899 2177 1955 2216 fit,
1990 2183 2028 2209 ut
2051 2177 2139 2208 duo-

270 2229 333 2261 bus
362 2228 450 2259 inter
477 2242 512 2260 se
541 2235 819 2266 contendentibus
854 2240 955 2277 atque
985 2235 1184 2267 aduersariis
1215 2235 1332 2266 eodem
1364 2241 1518 2278 tempore
1545 2232 1722 2276 gratificari
1751 2243 1821 2263 non
1854 2230 1968 2274 possit.
2013 2229 2136 2261 Deleto

270 2282 383 2324 itaque
398 2288 560 2324 propter,
584 2287 672 2326 quod
697 2288 824 2319 ueriori
846 2287 983 2319 lectioni
1006 2288 1164 2319 concedat
1188 2294 1341 2331 oportet,
1367 2300 1510 2330 quacum
1532 2287 1563 2317 ei
1586 2285 1768 2316 conuenire
1790 2297 1859 2316 non
1882 2284 1969 2321 licet,
1992 2282 2038 2313 ita
2058 2293 2137 2313 sua-

269 2335 371 2366 dente
400 2339 541 2376 optumo
571 2338 684 2369 codice
713 2341 826 2372 locum
857 2341 1117 2373 constituamus:
1155 2347 1206 2373 set
1236 2342 1319 2385 quia
1348 2352 1447 2383 saepe
1469 2343 1678 2371 concurrunt
1699 2339 1898 2382 aliquorum
1919 2337 2000 2369 bene
2021 2337 2062 2368 de
2083 2347 2135 2368 me

269 2388 472 2421 meritorum
494 2387 585 2419 inter
608 2389 698 2432 ipsos
721 2394 967 2433 contentiones,
990 2401 1030 2426 ut
1051 2395 1166 2426 eodem
1190 2399 1339 2436 tempore
1361 2399 1440 2424 etc..
1486 2391 1557 2423 Csr.
1581 2392 1661 2424 VII.
1686 2392 1726 2422 ad
1748 2391 1829 2423 Diu.
1853 2390 1904 2422 55.
1928 2400 2134 2434 quamquam
