2264 2746
277 87 323 111 Ἦ
975 78 1424 106 PRAEFATIO.

280 169 498 212 Graeuium,
525 165 816 208 Lallemandum,
845 169 879 197 et
906 163 1164 206 Garatonium,
1192 176 1322 209 magna
1347 177 1429 198 eum
1456 165 1641 210 diligentia
1668 165 1919 210 conligendam
1943 168 2070 213 putaui
2098 175 2135 203 et

279 242 570 284 examinandam,
611 245 650 273 ut
675 238 899 283 singulorum
933 236 1098 269 codicum
1133 249 1224 281 quae
1255 239 1448 271 auctoritas
1477 245 1570 272 esset
1595 239 1741 284 penitus
1772 252 2036 284 cognoscerem.
2087 242 2131 276 In

282 329 350 362 qua
375 329 415 349 rc
443 328 484 348 co
511 315 590 360 plus
621 311 876 346 exantlandum
902 310 1034 342 laboris
1062 315 1138 342 crat
1164 316 1199 344 et
1224 312 1336 355 taedi,
1380 325 1450 357 quo
1477 313 1589 357 magis
1616 314 1738 346 uariae
1760 314 1840 346 illae
1866 314 2039 348 lectiones
2065 316 2134 348 ad·-

282 389 526 424 notationibus
555 399 644 432 quae
670 386 840 418 dicuntur
867 384 1058 427 exegeticis
1085 384 1162 416 sine
1189 384 1263 417 ullo
1278 386 1405 418 ordine
1432 386 1604 419 inmixtae
1631 393 1741 420 erant.
1794 388 2040 421 Uehementer
2066 402 2134 422 au-

280 470 353 498 tem
380 463 458 495 illos
486 460 651 506 equidem
677 457 999 503 reprehendendos
1027 457 1183 490 editores
1210 458 1342 500 iudico,
1371 458 1431 502 qui
1457 470 1532 491 non
1558 462 1709 494 seorsim
1735 463 1919 495 uariarum
1938 462 2135 496 lectionum

280 537 493 580 farraginem
528 538 688 578 ponunt,
729 537 783 565 set
818 537 853 564 et
889 543 947 564 eas
982 537 1017 564 et
1050 531 1302 564 adnotationes
1336 530 1492 575 reliquas
1526 543 1641 567 unum
1674 535 1712 567 in
1744 535 1863 568 locum
1896 536 2134 570 confundunt.

281 610 362 653 Quo
391 608 447 650 fit,
476 612 516 639 ut
542 607 603 651 qui
630 606 688 639 uel
714 617 787 638 uno
814 605 852 637 in
878 604 958 637 loco
987 616 1077 649 quae
1104 604 1269 637 codicum
1297 604 1477 648 scriptura
1502 605 1548 637 sit
1575 618 1791 650 cognoscere
1817 610 1919 653 uelit,
1946 609 2131 654 longissu-

280 694 370 716 mam
398 692 503 725 saepe
530 679 798 713 adnotationem
826 680 902 711 sine
929 679 1001 711 ullo
1028 679 1151 711 fructu
1176 689 1379 722 magnoque
1407 690 1488 711 cuin
1506 679 1680 722 temporis
1707 681 1895 726 dispendio
1921 683 2041 728 legere
2067 696 2133 717 co-

276 761 390 800 gatur.
441 754 546 786 Hanc
571 753 680 797 igitur
706 752 903 785 lectionum
929 752 1142 785 uarietatem
1167 757 1359 796 postquam
1386 763 1432 784 ex
1455 752 1724 785 commentariis
1751 754 1820 787 illis
1847 756 2132 800 diligentissume

277 828 522 872 conlegeram,
562 833 602 860 ut
628 827 734 859 nullis
761 826 929 859 admixtis
956 824 1248 858 adnotationibus
1275 826 1312 858 in
1338 837 1417 858 inea
1444 825 1604 858 editione
1629 826 1823 860 lectoribus
1858 828 2037 863 facillume
2065 843 2130 863 co-

274 901 400 946 gnosci
426 905 583 945 possent,
611 900 647 932 id
673 900 739 944 egi,
768 905 807 933 ut
833 899 894 943 qui
921 904 1109 943 praeterea
1135 898 1173 930 in
1199 898 1370 943 Europae
1396 899 1624 932 bibliothecis
1650 906 1831 934 restarent
1854 901 2006 946 codices,
2034 916 2129 948 quo-

274 986 356 1008 rum
384 986 452 1018 ope
478 973 661 1006 emendari
687 984 792 1017 posse
819 972 907 1005 haec
935 972 1049 1005 oratio
1077 972 1275 1015 uideretur,
1304 971 1429 1004 sedulo
1457 972 1495 1004 in
1512 985 1617 1005 usum
1638 986 1760 1007 meum
1787 974 2006 1008 adhiberem.
2058 975 2128 1011 At-

275 1059 344 1092 que
372 1058 480 1092 quan
508 1046 706 1079 Gracuium
736 1046 897 1089 codices,
924 1057 1079 1090 quorum
1107 1045 1139 1078 ei
1166 1046 1269 1090 copia
1294 1045 1423 1088 fuerat,
1451 1046 1778 1091 neglegentissume
1804 1048 2005 1092 inspexisse
2030 1051 2130 1084 mul-

273 1121 319 1154 tis
354 1120 495 1153 indiciis
530 1132 759 1164 cognossem,
803 1125 886 1153 ante
917 1119 1038 1152 omnia
1062 1119 1317 1152 Erfurtensem
1352 1119 1505 1163 librum,
1548 1121 1647 1154 cuius
1680 1122 1879 1155 secundum
1913 1122 2129 1159 Bauaricum

273 1205 483 1227 maxumum
509 1199 602 1227 esset
626 1194 803 1238 pretium,
846 1193 965 1226 denuo
999 1194 1261 1227 conserendum
1294 1194 1430 1239 putaui.
1491 1195 1549 1228 Ex
1585 1195 1660 1228 eius
1702 1195 1906 1229 conlatione
1957 1204 2131 1242 quantum

274 1267 365 1300 lucri
390 1267 549 1309 fecerim,
576 1267 667 1300 libro
695 1267 739 1300 de
766 1279 808 1300 eo
835 1268 968 1312 scripto
995 1268 1066 1300 iam
1092 1267 1363 1302 intellectuinst.
1412 1267 1489 1301 Nec
1515 1269 1636 1302 minus
1663 1269 1857 1314 neglegens
1881 1269 2062 1305 Graeuius
2088 1273 2128 1306 in

274 1341 574 1374 conmemoranda
600 1340 795 1374 lectionum
821 1341 996 1374 uarietate
1020 1342 1106 1383 suit,
1135 1354 1222 1386 quas
1250 1342 1364 1376 codex
1390 1343 1608 1376 Dresdensis
1634 1343 1801 1388 praebet,
1838 1356 1945 1388 quem
1972 1346 2127 1380 eundem

271 1414 349 1458 ipse
373 1414 502 1448 iterum
531 1427 610 1447 cuni
639 1415 796 1448 editione
821 1415 968 1448 Ernesti
995 1415 1150 1459 contuli,
1190 1428 1404 1461 quamquam
1430 1417 1563 1450 mirum
1589 1423 1763 1462 quantum
1789 1429 1809 1450 a
1834 1420 2053 1462 praestantia
2076 1420 2125 1453 li—

270 1486 328 1519 bri
352 1487 579 1522 Ersurtensis
611 1488 810 1521 recedebat.
861 1489 977 1522 Porro
1013 1502 1123 1535 quom
1156 1501 1231 1523 non
1263 1490 1394 1523 inutile
1420 1490 1606 1533 ducerem,
1646 1491 1807 1524 codicem
1836 1492 1943 1525 etiam
1969 1493 2126 1527 Bauari-

273 1571 363 1605 cum,
391 1561 553 1595 omnium
578 1563 948 1606 praestantissumum,
976 1563 1037 1608 qui
1062 1563 1149 1596 olim
1174 1563 1212 1597 in
1234 1564 1408 1597 coenobio
1426 1564 1693 1610 Tegernseensi
1718 1565 1986 1608 adseruabatur,
2014 1572 2121 1611 post-

273 1645 313 1666 ea
341 1647 429 1668 uero
463 1635 683 1670 Monachum
716 1636 909 1670 translatus
942 1637 1145 1681 dicebatur,
1177 1638 1312 1672 iterum
1339 1639 1523 1682 conferre,
1549 1639 1717 1684 precibus
1743 1639 1815 1672 adii
1840 1638 2121 1683 Krabingerum,

272 1706 504 1742 bibliothecae
519 1709 749 1744 Monacensis
776 1713 962 1746 custodem
989 1712 1298 1756 eruditissumum,
1325 1718 1366 1746 ut
1388 1713 1464 1746 eius
1492 1712 1624 1746 codicis
1651 1712 1871 1757 inspiciundi
1897 1711 1986 1743 mihi
2010 1717 2119 1756 pote-

274 1784 400 1812 statem
426 1781 566 1818 faceret.
617 1785 691 1828 Qui
716 1786 774 1818 uir
800 1798 907 1831 quom
933 1787 1178 1832 rescripsisset
1201 1787 1311 1830 mihi,
1354 1798 1552 1832 numquam
1586 1786 1746 1819 codicem
1771 1784 1872 1817 illum
1898 1783 2120 1820 Monachum

275 1864 353 1886 esse
379 1851 551 1896 delatum,
584 1863 639 1891 set
664 1871 683 1891 a
710 1858 973 1905 Francogallis,
1012 1861 1098 1894 dum
1123 1861 1314 1894 Bauariam
1339 1860 1621 1905 popularentur,
1660 1864 1721 1892 aut
1747 1857 1902 1891 ablatum
1928 1863 1990 1892 aut
2015 1859 2117 1894 dele-

272 1932 349 1960 tum
385 1937 478 1968 6588,
521 1927 649 1972 insigni
684 1945 765 1966 cuni
794 1933 1008 1968 liberalitate
1034 1934 1122 1967 alios
1151 1934 1342 1980 quosdam,
1386 1934 1424 1966 in
1452 1934 1580 1979 quibus
1608 1932 1721 1965 oratio
1748 1932 1940 1965 Planciana
1967 1938 2117 1977 extaret,

273 1999 413 2033 codices
439 2010 513 2031 1¹0ss
538 2001 649 2034 malos
675 2005 706 2035 in
734 2007 950 2041 bibliotheca
975 2007 1189 2041 Monacensi
1214 2008 1353 2041 seruari
1379 2008 1534 2050 addidit,
1575 2018 1665 2050 quos
1692 2006 1723 2039 si
1749 2018 1917 2051 cuperem
1943 2006 1982 2039 in
2008 2019 2115 2041 usum

270 2084 391 2106 meum
417 2083 454 2104 se
481 2084 562 2106 cum
589 2074 745 2109 editione
771 2080 884 2126 aliqua
910 2081 1052 2126 uolgata
1079 2081 1306 2115 conlaturum
1332 2083 1510 2127 promisit.
1562 2080 1662 2123 Quin
1687 2092 1729 2113 eo
1757 2092 1948 2125 progressa
1972 2080 2045 2113 uiri
2068 2080 2117 2114 il-

268 2145 338 2179 lius
358 2146 560 2181 humanitas
588 2153 662 2192 est,
703 2155 743 2183 ut
768 2158 955 2198 antequam
990 2156 1278 2200 respondissem,
1319 2156 1437 2188 uarias
1463 2155 1655 2197 lectiones,
1696 2166 1741 2188 ex
1769 2153 1904 2198 aliquot
1931 2153 2113 2189 codicibus

267 2230 436 2253 maxuma
461 2233 542 2253 cum
569 2221 752 2267 diligentia
779 2232 954 2271 enotatas,
980 2229 1250 2263 humanissume
1275 2241 1418 2263 mecum
1441 2229 1722 2262 conmunicaret.
1773 2227 1916 2261 Deinde
1942 2239 2051 2272 quom
2077 2228 2116 2262 in

266 2293 483 2327 bibliotheca
507 2293 768 2341 Laurentiana,
809 2311 899 2344 quae
924 2301 1146 2338 Florentiam
1174 2309 1296 2347 ornat,
1331 2314 1375 2336 ex
1400 2302 1556 2335 Bandini
1583 2302 1739 2348 catalogo
1765 2302 1831 2336 tris
1859 2306 1982 2335 extare
2009 2302 2113 2335 codi-
