2264 2746
773 142 877 170 CAP.
917 140 1061 169 xxvn.
1088 139 1116 179 ς.
1145 146 1188 173 oc.
1211 146 1256 173 07.
1905 152 1957 177 175

157 214 365 258 IVumqtmm
403 227 444 246 ex
482 215 564 247 urbe
601 215 631 246 is
666 214 775 259 aficit)
828 216 897 247 Cur
929 218 959 248 is
990 228 1176 259 pronomen
1210 215 1330 247 codicis
1360 216 1511 248 Bauarici
1543 218 1737 249 auctoritate
1768 220 1957 259 adiecerim,

71 267 202 309 Proleg.
229 268 271 298 L.
292 268 335 298 Π.
361 268 398 298 C.
421 268 446 298 I.
472 268 502 309 §.
525 268 555 299 5.
583 278 617 310 p.
641 267 812 299 XXXIII.
840 269 993 310 exposui.

154 321 274 358 Sorte,
313 321 406 363 lege,
442 320 656 362 necessitate)
701 320 783 352 Sors
816 321 971 353 Ciceroni
1002 329 1047 353 est
1081 321 1320 352 administratio
1348 322 1567 364 prouincialis
1596 324 1667 355 siue
1695 325 1856 367 praetoris
1887 326 1957 356 3111(ι

70 372 272 415 quaestoris,
319 384 381 414 pro
403 373 494 404 Mur.
534 384 580 415 19.
612 374 648 404 in
671 373 748 416 ipsa
764 380 937 417 praetura
959 375 1092 407 nihilne
1115 375 1303 406 existumas
1330 375 1421 407 inter
1445 382 1541 408 tuam
1567 384 1599 409 et
1623 379 1724 410 istius
1751 385 1877 410 sortem
1904 380 1957 411 in-

68 425 257 469 tersuisse?
304 426 388 458 Uide
411 432 442 456 61
464 425 636 466 sequentia
661 431 692 456 et.
715 438 799 467 quae
822 427 866 457 ibi
891 434 1056 458 notamus.
1103 428 1202 459 Sorte
1226 426 1326 468 igitur
1351 428 1445 467 afuit,
1469 441 1545 460 011111
1564 430 1627 461 suit.
1650 438 1803 472 quaestor
1826 431 1860 462 iu
1876 443 1958 474 pro-

67 479 195 518 uincia,
230 479 307 521 lege
335 489 411 508 cum
432 477 529 508 mites
556 477 620 509 fuit
647 479 807 521 scriptus,
844 480 1046 512 necessitate
1069 491 1145 510 cum
1169 479 1238 509 eius
1264 491 1316 510 res
1346 480 1520 512 familiaris
1546 483 1580 513 in
1604 484 1837 525 uectigalibus,
1874 497 1958 527 quae

66 538 160 574 pater
183 531 387 561 conduxerat
415 530 449 561 in
472 531 676 573 prouinciis,
711 543 788 562 eum
813 532 945 573 cogebat
974 532 1151 574 aliquando
1179 533 1278 563 domo
1304 533 1480 575 proficisci.
1517 537 1724 568 GRAEULUS.
1771 538 1824 568 Ex
1855 538 1958 569 tribus

68 584 158 616 hisce
180 583 294 614 adlatis
318 583 484 614 absentiae
508 584 639 621 caussis,
665 596 730 626 qua
752 584 880 615 ratione
903 585 1038 621 accidit,
1064 591 1098 615 ut
1121 586 1323 617 necessitate
1343 586 1522 627 aliquando
1545 589 1585 619 ab
1614 590 1695 620 urbe
1723 590 1874 621 Plancius
1898 591 1958 622 ab-

65 638 174 668 esset?
221 636 331 678 Supra
359 636 396 666 C.
426 636 488 667 XI.
514 643 543 667 et
569 637 606 668 C.
630 638 751 670 XXV.
785 637 937 669 Plancius
963 638 1083 669 dicitur
1112 639 1147 668 in
1171 638 1324 669 Africam
1355 640 1524 681 profectus
1554 653 1630 672 011111
1653 643 1698 674 A.
1722 643 1896 684 Torquato
1927 649 1956 673 et

68 695 185 732 postea
207 689 305 720 miles
328 688 363 718 in
387 689 501 727 Creta,
540 689 691 720 tribunus
716 697 828 722 autem
857 691 1003 721 militum
1032 690 1067 721 iu
1090 691 1286 722 Macedonia
1317 698 1345 722 et
1372 699 1526 733 quaestor
1549 693 1661 726 fuisse.
1705 695 1830 726 Habuit
1859 696 1958 738 igitur

67 741 126 773 tris
149 741 317 773 absentiae
340 753 484 773 caussas:
520 747 661 781 sortem,
695 755 797 785 quom
820 742 1052 775 Macedoniam
1075 744 1207 775 sortitus
1231 745 1451 786 quaestoriam
1474 746 1686 788 prouinciam
1709 748 1748 779 ab
1773 749 1855 779 urbe
1878 761 1958 791 pro-

68 793 172 825 fectus
196 800 261 831 est3
290 796 414 838 legem,
442 806 545 836 quom
568 794 721 826 tribunus
743 796 893 827 militum
916 802 1043 826 creatus
1065 807 1083 825 a
1106 797 1235 838 populo
1260 797 1295 827 111
1313 797 1425 828 eadem
1445 799 1619 840 prouincia
1643 801 1691 830 rei
1716 800 1851 831 militari
1876 812 1959 843 ope-

68 858 141 878 ram
164 847 270 885 dedit3
294 848 541 886 necessitatem,
565 858 669 889 quom
693 847 755 880 fuit
777 849 813 880 111
832 849 951 881 Africa
973 849 1070 879 miles
1093 849 1138 881 A.
1163 850 1336 892 Torquati,
1369 850 1404 881 in
1424 851 1523 882 Creta
1547 852 1590 892 Q.
1614 852 1764 888 Metelli,
1786 865 1822 883 ea
1845 865 1959 884 neces-

68 900 162 931 sitate
195 900 349 931 adductus
367 923 376 937 ,
423 911 488 942 qua
530 912 645 932 omnes
685 901 888 943 cogebantur
924 907 999 943 post
1036 908 1204 944 sumptam
1238 902 1375 934 uirilem
1409 909 1520 946 togam
1556 904 1669 936 decem
1708 906 1869 948 stipendia
1908 906 1959 937 fa-

67 963 153 984 cere.
199 954 429 984 FERRATIUS.

152 1005 237 1038 AN‘on
260 1006 376 1037 ualuit
399 1004 499 1037 rebus
521 1005 646 1045 isdem,
684 1005 808 1049 quibus
821 1004 981 1048 fortasse
1003 1008 1177 1045 nonnulli)
1222 1007 1462 1049 Eloquentiam
1492 1007 1671 1049 significari
1702 1018 1731 1043 et
1762 1012 1843 1043 iuris
1876 1024 1959 1055 pru-

68 1056 231 1098 dentiam,
270 1069 288 1088 e
312 1058 341 1098 §.
367 1058 417 1089 62.
449 1057 573 1099 conligi
601 1063 719 1099 potest.
762 1057 878 1090 Uerbo
902 1065 1014 1090 autem
1037 1061 1197 1092 nonnulli
1220 1072 1295 1092 cum
1320 1059 1483 1102 significet
1505 1066 1590 1092 tecte
1612 1063 1847 1105 Laterensem,
1883 1078 1957 1097 cum

68 1111 245 1142 acerbitate
267 1117 355 1153 patet
379 1110 575 1141 aduerbium
588 1109 747 1153 fortasse
768 1110 915 1142 additum
939 1122 1019 1142 esse.

156 1163 392 1196 Obseruandis
415 1162 549 1204 amicis)
594 1163 775 1194 Recentius
801 1163 915 1195 excusi
939 1163 1174 1205 obse-nanctis,
1198 1173 1244 1198 set
1270 1173 1384 1198 contra
1407 1166 1588 1207 antiquitus
1612 1169 1714 1201 editos
1738 1177 1767 1201 et
1790 1171 1870 1202 Mss.
1895 1184 1959 1203 no-

66 1222 161 1247 stros.
196 1217 416 1248 GRUTERUS.
461 1215 577 1248 Nostri
608 1227 743 1258 quoque
773 1216 854 1248 libri
881 1223 912 1248 et
935 1217 1033 1248 editio
1068 1220 1195 1261 prima,
1232 1232 1294 1251 nec
1316 1231 1386 1250 non
1409 1219 1608 1251 uetustiores
1631 1229 1706 1253 ante
1729 1224 1957 1256 Uictorianam

67 1269 250 1301 seruandis
276 1275 420 1300 tuentur.
466 1269 637 1300 Sententia
658 1275 771 1300 tamen
794 1269 927 1300 uidetur
952 1270 1121 1312 postulare
1145 1273 1386 1311 obserzmndis,
1419 1273 1507 1314 quod
1530 1280 1605 1315 post
1628 1275 1820 1308 Uictorium
1844 1290 1959 1308 onmes

67 1327 267 1363 receperunt
290 1321 461 1352 editiones.
506 1323 597 1353 Nam
621 1322 776 1363 quamuis
806 1322 842 1352 in
867 1322 1030 1354 Cicerone
1060 1331 1090 1355 et
1113 1325 1250 1356 sortasse
1273 1325 1347 1356 aliis
1369 1325 1485 1356 amicis
1508 1326 1681 1358 seruandis
1706 1330 1850 1360 multum
1874 1331 1957 1361 studi

68 1374 251 1405 conlocarit:
278 1375 451 1413 Plancius,
492 1381 604 1405 tamen
629 1375 690 1405 ista
715 1387 767 1406 res
789 1387 859 1406 non
881 1375 1027 1406 multum
1057 1376 1197 1409 faciebat
1221 1378 1260 1408 ad
1283 1378 1315 1408 id
1339 1379 1594 1416 ostendendum,
1635 1379 1724 1419 quod
1748 1381 1802 1412 hic
1825 1383 1959 1414 uolebat

66 1425 232 1457 iudicibus
255 1438 324 1457 esse
346 1434 517 1467 testatum,
540 1427 705 1459 nimirum
727 1428 903 1459 Plancium
924 1435 1086 1471 perpetua
1109 1431 1294 1472 praesentia
1321 1438 1351 1462 et
1374 1432 1560 1463 amicorum
1580 1431 1789 1465 obseruantia
1812 1447 1848 1466 ac
1872 1435 1959 1466 libe-

67 1479 196 1510 ralitate
225 1480 452 1522 praeualuisse
480 1480 516 1511 in
547 1480 701 1511 comitiis.
747 1481 896 1512 Seruare
919 1487 1029 1512 autem
1053 1493 1115 1524 pro
1139 1483 1321 1515 obseruare
1343 1491 1545 1527 usurparunt
1570 1485 1702 1526 quidem
1729 1486 1763 1516 iu
1787 1488 1882 1518 certis
1905 1488 1959 1519 lo-

69 1531 193 1573 quendi
215 1532 411 1574 generibus,
438 1539 477 1563 ut
499 1546 640 1566 seruare
663 1534 705 1566 cle
727 1534 840 1572 caelo,
863 1545 1004 1566 seruare
1026 1535 1135 1574 domi,
1159 1548 1300 1568 seruare
1323 1538 1488 1580 uigilias,
1511 1544 1559 1569 set
1582 1551 1723 1571 seruare
1745 1541 1872 1572 cmzieos
1895 1553 1957 1583 pro

69 1584 248 1616 obseruare
269 1597 370 1616 nemo
394 1593 546 1619 ueterum
569 1586 666 1617 dixit.
706 1587 913 1618 GRAEUIUS.
961 1586 1196 1620 Ohserzcanslis
1226 1589 1341 1629 scripsi
1371 1602 1433 1632 pro
1465 1593 1659 1624 seruandis.
1704 1594 1794 1624 Nam
1817 1607 1958 1627 seruare

68 1638 197 1669 amicos
219 1638 253 1669 h.
280 1639 303 1670 l.
327 1639 476 1670 alienum
498 1646 555 1670 est.
600 1639 636 1670 Si
659 1638 814 1670 Plancius
837 1650 965 1670 caussas
989 1640 1105 1682 egisset
1131 1641 1165 1672 in
1189 1642 1281 1681 soro,
1314 1650 1423 1684 posset
1447 1655 1486 1674 eo
1509 1644 1648 1684 referri3
1689 1652 1737 1677 set
1760 1646 1792 1676 id
1815 1657 1883 1676 nou
1905 1646 1958 1677 fe-

69 1691 160 1731 cisse,
185 1703 203 1722 6
225 1692 455 1734 superioribus
480 1693 524 1734 [§.
540 1693 606 1734 62.]
630 1697 731 1734 patet.
756 1691 981 1723 ERNESTIUS.
1028 1694 1136 1725 Etiam
1160 1694 1250 1725 codd.
1274 1695 1341 1726 mei
1365 1706 1440 1726 cum
1464 1703 1542 1728 uett.
1567 1698 1639 1728 edd.
1664 1698 1787 1729 habent
1811 1711 1957 1730 seruan-

69 1744 135 1776 dis.
179 1744 310 1775 Tamen
335 1745 447 1785 Oliu.,
470 1745 633 1783 Lallem„
658 1750 689 1775 et
711 1744 792 1775 ΕΓΗ.
818 1750 955 1786 optume
980 1746 1123 1778 retinent
1145 1748 1397 1789 Naugerianum
1420 1749 1495 1781 illut
1519 1751 1752 1784 obseruaudis.
1797 1752 1852 1783 Sic
1877 1758 1957 1794 aput

68 1796 209 1828 Liuiom
233 1808 368 1839 quoque
390 1798 433 1836 II,
457 1799 487 1829 5.
513 1810 555 1829 ex
578 1798 716 1839 antiqua
738 1796 880 1828 lectione
904 1809 1050 1840 ueraque
1074 1799 1293 1832 obseruatum
1327 1801 1453 1833 sactum
1478 1803 1559 1833 olim
1583 1809 1629 1834 est
1651 1810 1840 1837 seruatum.
1884 1805 1957 1835 De-

69 1849 174 1891 nique
199 1849 290 1881 illius
317 1850 454 1889 codicis,
491 1851 547 1893 qui
570 1862 668 1893 saepe
692 1861 778 1882 unus
805 1856 851 1880 est
875 1850 1108 1895 incorruptus,
1148 1853 1245 1884 lectio
1274 1854 1504 1887 arlserzcanclis
1530 1862 1692 1897 quantum
1717 1868 1837 1898 quaeso
1861 1857 1957 1889 distat

69 1914 89 1933 a
106 1903 344 1944 Naugeriana'?
367 1903 530 1945 siquidem
553 1905 741 1936 adseruare
763 1903 979 1936 confunditur
1002 1917 1078 1936 cum
1101 1905 1293 1946 obseruare,
1316 1913 1354 1938 ut
1375 1907 1517 1939 ostendit
1533 1909 1636 1941 Drak.
1652 1909 1690 1939 ad
1706 1909 1784 1940 Liu.
1799 1909 1954 1948 XXVII,

75 1967 135 1998 19„
160 1955 249 1997 quod
272 1956 369 1988 etiam
395 1958 579 1999 generatim
602 1962 726 1988 constat
748 1955 787 1986 de
811 1957 1114 1998 praepositionibus
1136 1959 1184 1990 acl
1198 1965 1228 1989 61
1247 1960 1295 2000 οἵ),
1320 1961 1499 2003 uerbisque
1522 1961 1598 1992 inde
1621 1962 1811 2003 conpositis.
1857 1963 1955 1994 Eun-

72 2008 147 2040 dem
179 2009 272 2048 uide,
309 2016 342 2041 et
371 2022 454 2052 quos
485 2012 543 2042 ille
566 2011 641 2041 citat
671 2008 712 2040 ad
735 2009 814 2040 Liu.
836 2010 1034 2049 XXXVII,
1065 2022 1134 2052 27..
1180 2014 1227 2043 Ita
1251 2013 1288 2044 C.
1312 2013 1412 2045 XVI.
1437 2013 1538 2044 huius
1562 2025 1610 2044 or.
1635 2014 1745 2046 tribus
1767 2033 1809 2040 -—
1833 2016 1955 2059 officiis

68 2061 114 2094 ,ab
137 2063 198 2094 hoc
221 2062 420 2096 obser-natas
445 2064 530 2105 [uide
554 2064 601 2094 ibi
626 2075 714 2094 uarr.
740 2062 843 2102 lectt.]
868 2069 901 2094 et
921 2063 1056 2105 passim.
1083 2064 1342 2097 GARATONIL'S.
1387 2066 1441 2098 De
1463 2066 1591 2109 duplici
1614 2066 1769 2098 codicum
1790 2068 1954 2111 scriptura

70 2114 147 2146 uide
171 2126 255 2156 quae
277 2116 409 2158 Proleg.
433 2118 474 2148 L.
500 2118 541 2148 ΙΙ.
567 2117 605 2148 C.
628 2117 654 2148 I.
679 2117 708 2158 §.
731 2116 759 2147 6.
786 2126 819 2158 p.
843 2116 1014 2147 XXXIII.
1039 2116 1218 2159 disputaui.

158 2168 244 2199 Furit
267 2168 302 2200 in
326 2170 457 2209 oczclis3
476 2170 607 2213 petiuit
630 2182 669 2202 ea
690 2181 773 2201 usus
797 2169 930 2200 ratione
953 2169 1066 2207 uitae,
1090 2182 1158 2212 qua
1180 2171 1334 2203 minuma
1359 2172 1497 2204 inuidia
1519 2172 1602 2204 noui
1625 2172 1776 2204 homines
1790 2173 1954 2215 plurumi

68 2222 206 2259 ¹eosdem
228 2221 370 2254 honores
393 2223 576 2264 consecuti)
622 2222 786 2254 Garatoni
816 2222 856 2252 ad
884 2222 974 2253 hunc
1001 2222 1114 2253 locum
1143 2223 1347 2254 adnotationi
1378 2224 1491 2255 locum
1522 2224 1595 2255 dedi
1623 2225 1658 2256 in
1681 2224 1812 2266 Proleg.
1842 2226 1883 2256 L.
1908 2225 1951 2255 II.

74 2275 113 2306 C.
137 2274 163 2305 Ι.
188 2274 218 2315 §-
243 2273 273 2305 8.
298 2286 332 2316 p.
355 2275 518 2308 XXXIV
547 2288 612 2318 sq.‚
650 2275 707 2306 ubi
738 2274 802 2305 hoc
833 2275 966 2316 quidem
996 2287 1075 2306 uere
1097 2287 1116 2306 a
1138 2287 1193 2306 me
1215 2277 1384 2308 monitum
1405 2288 1442 2308 ac
1466 2277 1728 2309 demonstratum
1751 2284 1850 2320 puto,
1885 2277 1951 2308 fal-

73 2327 249 2359 sissumam
272 2338 342 2357 esse
363 2327 448 2358 hanc
470 2328 636 2360 librorum
659 2328 872 2370 scripturam,
891 2330 1044 2371 petiuit3
1073 2342 1113 2361 ea
1135 2334 1184 2360 est
1207 2341 1290 2361 usus
1313 2331 1447 2362 ratione
1470 2336 1545 2371 etc„
1571 2337 1766 2374 propterea,
1792 2331 1880 2373 quod
1907 2329 1949 2361 ad

74 2392 131 2420 ea,
169 2380 288 2422 quibus
312 2380 485 2412 Plancium
507 2382 623 2413 Cicero
647 2381 763 2412 secisse
792 2381 905 2419 docet,
941 2388 977 2412 ut.
998 2382 1138 2423 gratiam
1161 2382 1279 2425 populi
1303 2382 1365 2413 sibi
1389 2383 1580 2414 conciliaret
1603 2390 1633 2414 et
1656 2384 1828 2415 Laterensi
1852 2395 1950 2426 prae-

73 2439 273 2477 poneretur,
308 2432 403 2464 nullo
426 2439 520 2475 pacto
545 2433 610 2464 hoc
632 2434 752 2466 referri
774 2435 900 2478 potuit,
932 2434 1020 2476 quod
1046 2436 1228 2478 petiuerit,
1267 2447 1342 2466 cum
1363 2436 1564 2479 petitionem
1586 2436 1719 2479 quidem
1745 2447 1948 2467 conmunem
