2264 2746
242 138 269 162 X
945 126 1395 153 PRAEFATIO.

248 225 374 255 auctor
399 216 771 257 Ambrosianorumst,
799 218 839 246 ut
864 212 977 245 inseri
1005 212 1038 244 ei
1063 216 1230 257 possent,
1264 211 1434 245 factumst
1458 210 1594 256 insigni
1619 210 1819 254 Niebuhri,
1854 211 1926 244 uiri
1952 223 2111 244 uenera-

249 294 350 336 bilis,
390 291 622 330 liberalitate,
664 289 724 333 qui
756 286 845 319 mihi
881 298 989 331 quem
1022 286 1064 318 ab
1098 290 1245 318 auctore
1279 284 1376 318 dono
1412 291 1600 330 acceperat
1634 285 1767 318 librum
1801 289 1967 318 mutuum
2004 285 2113 327 dedit,

253 379 362 414 quom
389 377 433 399 ex
461 364 603 398 officina
629 362 792 394 Romana
820 359 918 392 nulla
944 359 1028 392 dum
1057 357 1287 403 exemplaria,
1316 370 1425 403 quom
1441 359 1723 392 commentarius
1749 358 1892 403 prelum
1912 359 1981 391 iam
2004 370 2114 391 exer—

255 454 337 476 cere
363 439 573 483 incepisset,
602 435 645 468 ad
672 434 885 479 bibliopolas
912 433 1114 477 Lipsiensis
1141 432 1249 464 missa
1276 438 1406 465 essent.
1458 432 1585 476 Itaque
1616 433 1735 465 uarias
1772 433 1879 465 etiam
1907 432 2116 476 scripturas,

257 528 342 561 quas
368 513 619 559 palimpsestus
646 507 842 540 Uaticanus
868 508 905 540 in
932 507 1054 540 uerbis
1082 506 1260 538 Tullianis
1286 504 1412 547 habet,
1453 516 1528 538 non
1556 506 1594 538 in
1622 511 1794 550 apparatu
1822 505 1965 547 critico,
2000 510 2055 537 set
2080 505 2117 536 in

258 585 514 621 commentario
549 583 695 615 demum
730 582 902 614 adnotare
937 586 1081 613 coactus
1116 592 1207 613 sum.
1261 578 1528 623 Argumentum
1561 579 1670 612 etiam
1696 579 1888 621 orationis,
1932 579 1969 611 in
1997 578 2120 611 codice

258 662 429 694 Uaticano
457 662 651 697 seruatum,
680 667 754 687 non
781 656 901 699 potuit
927 655 965 687 in
993 654 1304 695 commentarium,
1354 653 1417 697 qui
1443 652 1539 697 typis
1566 652 1713 697 inprimi
1740 653 1810 685 iam
1839 657 1988 696 coeptus
2015 657 2120 694 esset,

258 733 377 777 recipi.
430 731 496 763 Est
522 729 602 762 illut
628 729 683 761 his
711 729 833 760 uerbis
861 729 1053 773 scriptum:

355 803 411 838 M.
450 803 632 835 Tullius
666 801 926 834 orationem
959 801 1245 834 luculentam
1277 798 1324 832 L.
1351 798 1561 831 Domitio
1596 803 1641 830 et
1673 795 1834 843 Appio
1856 797 1887 841 ¹)
1929 799 2124 833 Claudio

260 892 345 913 cos.
373 878 507 910 etiam
532 888 615 920 pro
642 876 727 908 hoc
755 876 828 907 Cn.
855 876 1048 908 Plancio
1077 874 1221 916 dixit,
1262 873 1335 918 qui
1363 884 1467 905 reus
1494 873 1545 905 de
1572 872 1822 905 sodaliciis
1848 873 2030 918 petitus
2059 879 2127 908 est

259 954 358 998 lege
392 950 574 992 licinia,
624 962 753 994 quam
780 949 829 981 M.
857 949 1078 982 Licinius
1107 949 1299 980 Crassus
1332 946 1517 991 Pompei
1551 946 1698 990 magni
1733 945 1911 991 collega
1938 947 1983 979 in
2010 958 2126 979 con-

262 1026 415 1060 sulatu
441 1037 520 1057 suo
547 1024 767 1069 pertulit,
801 1028 849 1056 ut
875 1023 1178 1055 seuerissime
1213 1026 1519 1065 quaereretur
1547 1020 1592 1052 in
1620 1031 1695 1052 eos
1723 1019 2013 1061 candidatos,
2051 1019 2128 1064 qui

262 1101 351 1134 sibi
379 1098 733 1141 conciliassent,
778 1109 827 1130 ea
851 1097 1147 1141 potissimum
1175 1095 1225 1128 de
1252 1106 1382 1127 causa
1423 1100 1469 1127 ut
1503 1105 1582 1138 per
1616 1093 1724 1126 illos
1759 1094 2002 1138 pecuniam
2028 1094 2123 1126 tri-

262 1173 447 1207 bulibus
475 1172 799 1216 dispertirent,
841 1182 890 1203 ac
917 1170 1004 1202 sibi
1030 1174 1182 1202 mutuo
1211 1168 1367 1201 eadem
1402 1167 1758 1212 suffragationis
1787 1172 1960 1211 emptae
1985 1178 2125 1212 prae-

264 1248 378 1281 sidia
405 1246 810 1278 communicarent.
862 1243 983 1277 Huic
1009 1242 1205 1276 factioni
1233 1241 1519 1274 coercendae
1544 1240 1792 1285 legislator
1820 1240 2017 1273 Crassus
2046 1252 2127 1274 ex-

266 1320 495 1355 istimauit
521 1319 658 1352 etiam
685 1330 825 1363 genus
852 1318 1014 1351 iudicii
1040 1317 1181 1349 multo
1210 1315 1530 1360 periculosius
1558 1315 1922 1359 comparandum,
1949 1320 1997 1347 ut
2023 1319 2130 1359 aput

266 1394 446 1429 iudices
475 1392 687 1425 editicios
715 1397 1067 1433 accusarentur,
1094 1390 1135 1422 id
1164 1397 1230 1422 est
1253 1394 1303 1422 ut
1327 1400 1408 1433 pro
1437 1388 1677 1421 uoluntate
1704 1388 1992 1421 accusatoris
2021 1388 2131 1421 ede-

266 1473 434 1501 rentur
460 1466 633 1508 trib11S,
662 1477 715 1498 ex
743 1466 905 1510 quibus
932 1477 1064 1497 unam
1091 1462 1404 1497 tantummodo
1432 1462 1612 1494 reicere
1638 1469 1796 1507 posset
1821 1474 1948 1506 reus,
1977 1463 2027 1494 de
2053 1473 2131 1495 re-

267 1542 412 1585 liquis
440 1544 588 1572 autem
616 1540 792 1572 iudices
820 1539 1102 1572 haberentur
1128 1538 1291 1582 utique
1318 1535 1617 1568 infestissimi
1651 1548 1827 1569 causam
1856 1535 2131 1577 dicentibus,

270 1619 432 1659 utpote
467 1624 577 1656 quos
612 1619 853 1646 accusator
893 1613 943 1645 ad
975 1612 1263 1645 uoluntatem
1300 1621 1422 1642 suam
1464 1609 1788 1654 praelegisset,
1842 1608 2018 1643 edendo
2061 1620 2132 1641 eas

270 1687 566 1732 potissimum
599 1687 749 1719 tribus
778 1698 882 1731 quas
908 1698 989 1719 reo
1016 1686 1164 1719 minus
1198 1695 1361 1729 aequas
1389 1682 1492 1715 sore
1525 1683 1848 1717 arbitraretur.
1903 1681 1989 1715 Sed
2017 1682 2133 1715 enim

275 1761 346 1793 Cn.
372 1759 557 1791 Plancio
595 1771 761 1792 summa
797 1766 839 1794 et
871 1760 1094 1804 religiosa
1129 1771 1224 1792 eum
1250 1757 1300 1791 M.
1329 1757 1489 1790 Tullio
1526 1757 1825 1790 familiaritas
1859 1761 1960 1789 erat
1986 1755 2132 1788 bene-

278 1833 403 1866 ficiis
439 1843 525 1864 non
558 1833 869 1867 mediocribus
905 1817 1151 1878 copulata..
1180 1832 1286 1865 Nam
1320 1844 1416 1865 cum
1442 1831 1482 1864 P.
1511 1831 1669 1863 Clodii
1700 1829 1879 1863 tribuni
1905 1829 2032 1874 plebi
2058 1831 2132 1863 in—

276 1906 401 1940 imici
435 1905 501 1936 sui
534 1905 637 1949 lege
673 1919 784 1952 aqua
818 1913 860 1941 et
892 1908 986 1952 igni
1018 1906 1310 1940 interdictus
1338 1906 1452 1939 urbe
1484 1905 1707 1938 cessisset
1741 1908 1785 1935 et
1818 1902 2132 1937 Macedoniam

278 1979 494 2025 petisset,
544 1978 685 2012 nullis
728 1992 859 2025 opem
896 1980 1179 2022 ferentibus,
1232 1980 1305 2024 qui
1340 1979 1594 2012 clodianam
1633 1976 1890 2022 potentiam
1926 1977 2134 2020 grauiter

281 2050 657 2094 extimescebant,
695 2054 876 2097 prolixa
908 2054 1196 2098 benignitate
1231 2059 1273 2087 et
1305 2053 1401 2086 side
1434 2063 1522 2085 non
1556 2051 1732 2084 minore
1766 2051 2029 2094 quaestoris
2057 2050 2132 2084 Cn.

279 2125 458 2159 Plancii
499 2130 788 2159 sustentatus
833 2133 909 2162 est.
976 2128 1060 2161 Illo
1102 2128 1275 2173 quippe
1318 2138 1432 2162 anno
1475 2125 1552 2159 sub
1594 2124 1638 2157 L.
1679 2123 1878 2168 Apuleio
1919 2129 2136 2168 praetore

359 2304 389 2339 1)
428 2301 505 2329 Tres
534 2301 625 2339 primi
652 2301 776 2331 coloriis
805 2303 945 2332 ductibus
965 2305 1073 2343 scripti
1094 2314 1200 2332 uersus
1220 2304 1388 2343 perierunt.
1429 2301 1682 2341 Supplcmcntmn
1702 2307 1802 2330 autem
1823 2311 1923 2330 meum
1943 2301 2041 2339 spatio
2062 2312 2138 2330 con-

377 2364 485 2392 gruum
504 2354 675 2383 faciendum
695 2356 809 2384 curaui.
849 2356 886 2385 A.
907 2358 1025 2385 Mnus.
