2264 2746
253 89 309 117 238
958 85 1530 117 COMMENTARIUS.

255 168 356 194 turus
377 168 473 201 esset,
498 162 661 206 ignaru&
683 171 702 190 a
716 159 849 192 Uelleio
874 159 931 198 ibi,
955 173 997 193 ne
1021 161 1234 193 destinatum
1256 161 1323 193 iter
1339 167 1518 204 peterent3
1540 168 1621 194 tum·
1635 163 1760 194 addere
1780 163 1847 195 loci
1871 164 1971 196 etiam
1993 172 2119 206 notam,

254 215 313 257 qui
335 221 521 258 peteretur,
554 212 718 244 Ouidium
742 212 802 242 III.
826 223 869 243 ex
893 213 1001 245 Ponto
1025 225 1061 252 2,
1093 213 1144 245 80.
1169 213 1289 253 Quoue
1305 226 1435 257 parum
1450 214 1580 258 fausta
1596 229 1714 260 puppe
1733 217 1872 259 petistis
1895 217 1985 248 iter?
2027 218 2119 250 Hinc

254 279 323 299 non
348 268 446 298 modo
479 267 545 297 iter
561 271 679 308 petere
707 271 837 296 rectum
866 278 936 297 esse
966 265 1195 308 cognoscitur,
1233 272 1283 297 set
1311 267 1412 298 etiam
1442 268 1509 300 iter
1529 269 1773 301 Brundusium
1789 275 1919 312 petere.
1962 269 2119 312 Denique

254 332 368 351 nonne
397 319 528 350 uidetur
555 317 633 348 satis
662 317 781 355 fuisse,
816 320 883 350 iter
904 321 1042 352 Brund.
1078 325 1172 351 terra
1194 320 1339 362 petiui?
1383 319 1460 351 Dici
1483 320 1582 351 etiam
1606 321 1734 363 potuit,
1768 322 1835 353 iter
1861 322 1998 354 Brund.
2028 327 2121 356 terra

255 374 422 407 contendi,
445 371 499 401 uel
521 370 633 412 potius
657 371 808 404 intendi.-
841 372 921 404 uide
944 385 1029 414 quae
1052 372 1167 403 notaui
1190 372 1231 402 ad
1254 383 1281 402 c.
1309 383 1356 404 10.
1380 384 1443 415 pro
1456 374 1565 405 Mur..
1610 375 1699 406 Nam
1726 380 1797 405 erat
1817 374 1923 405 immo
1942 374 2019 406 satis
2043 388 2122 407 con-

255 427 367 463 tendi,
395 423 523 454 sublato
547 424 682 465 penitus
706 425 773 457 iter
793 432 919 469 petere.
962 425 1017 458 Ad
1040 425 1125 456 hanc
1147 425 1314 456 rationem
1341 426 1507 458 Gruterus
1534 427 1570 458 111
1593 427 1700 459 Tacit.
1725 428 1768 459 ΙΙ.
1792 427 1882 458 Hist.
1907 438 1957 460 22.
1987 427 2123 459 Cremo·

253 491 333 510 nam
349 482 467 519 petere
492 477 657 516 intendit,
681 477 881 509 alterutrum
903 478 977 509 tolli
999 490 1098 521 posse
1120 478 1292 517 censebat,
1322 490 1422 520 quem
1445 479 1557 511 locum
1581 480 1716 512 Tullius
1739 481 1811 523 ipse
1832 486 1964 520 tuetur,
1991 481 2049 523 qni
2071 480 2122 512 bis

252 539 486 572 proxnmeque
510 528 618 568 dixit,
649 537 764 574 petere
787 533 954 564 contendi.
999 531 1101 564 Uides
1126 531 1256 574 itaque,
1290 538 1415 574 quanta
1443 532 1484 564 sit
1506 532 1542 564 111
1565 533 1629 564 1100
1651 533 1725 565 loco
1748 533 1930 564 uerborum
1956 533 2122 576 profusio,

253 594 295 613 ex
320 593 383 623 qua
407 587 520 612 tamen
545 582 631 614 nihil
656 584 858 616 demendum
882 592 949 625 est,
982 579 1057 616 011111
1083 585 1195 616 omnia
1219 585 1286 616 sint
1310 592 1459 628 optuma.
1505 587 1594 618 Nam
1617 597 1693 617 cum
1715 585 1833 617 Liuios
1855 586 2039 626 XXXVI,
2070 597 2121 618 21.

252 634 392 672 dixerit,
428 648 448 665 a
471 641 574 678 porta
596 637 644 668 acl
664 638 714 669 M.
734 638 879 670 Iunium
903 645 1097 682 praetorem
1121 639 1187 669 iter
1203 638 1364 677 intendit,
1389 645 1422 669 et
1444 639 1516 681 ipse
1540 639 1656 670 Cicero
1679 651 1742 681 pro
1765 639 1884 670 Amer.
1908 639 1959 670 54.
1984 645 2121 671 tantum

251 688 388 719 itineris
420 690 640 729 contendere,
681 690 819 721 adiectio
852 692 948 722 uerbi
971 698 1090 735 petere
1119 691 1206 722 nihil
1236 691 1337 722 habet
1363 691 1510 723 absurdi.
1557 691 1762 733 [Similtume
1792 692 1962 733 Uergilius
1984 692 2072 724 Aen.
2094 692 2121 732 I,

254 741 311 780 157
327 752 375 781 sq.
400 740 529 772 locutus
554 748 613 781 est,
638 743 743 775 litora
766 756 869 775 cursu
893 745 1102 781 eotztenclunt
1121 745 1264 787 petere]
1310 745 1381 775 Iam
1403 744 1519 786 liquet,
1544 745 1705 786 quidnam
1728 744 1941 776 sentiendum
1960 744 2001 775 de
2016 746 2123 776 Lam-

249 792 330 823 bino
355 792 414 830 sit,
440 793 497 834 qui
520 794 606 825 hanc
628 795 886 827 redundantiam
909 796 999 828 serre
1022 797 1140 829 nolens
1167 798 1281 835 edidit,
1307 799 1434 830 iterum
1457 812 1479 830 a
1509 798 1656 836 Uibone,
1682 798 1824 840 pulchre
1847 797 2003 839 quidem,
2032 797 2120 840 quod

250 845 378 876 adtinet
399 845 440 876 ad
463 847 648 879 litterarum
672 849 792 891 apices,
818 856 867 881 set
890 850 1049 881 aduersus
1072 851 1231 882 historiae
1252 850 1362 881 fidem·
1407 852 1497 883 Nam
1521 863 1563 883 ex
1587 852 1675 882 Plut.
1699 851 1734 882 111
1754 851 1822 882 Cic.
1847 862 1873 881 0.
1898 851 1948 882 51.
1965 850 2017 882 ¹52.
2041 861 2122 881 con-

249 897 384 940 ligitur,
409 910 485 930 cum
508 901 678 933 Uibonem
703 903 837 934 Tullius
862 903 1090 945 peruenisset,
1118 904 1243 934 litteras
1267 904 1432 946 accepisse
1453 915 1472 934 a
1496 905 1533 936 C.
1558 904 1722 945 Uergilio,
1746 904 1866 945 quibus
1889 915 1908 934 a
1931 903 2044 934 Sicilia
2065 914 2122 934 re-

249 952 457 994 pellebatur,
493 954 672 996 statimque
703 956 914 987 contendisse
936 956 1179 987 Brundusium.
1224 958 1305 989 Non
1328 957 1442 998 itaque
1466 957 1599 989 Uibone
1628 957 1761 999 longius
1786 963 1882 988 antea
1904 961 2120 999 processerat,

250 1005 426 1047 multoque
448 1005 560 1038 minus
583 1015 680 1039 antea
702 1009 931 1040 Brundusium
960 1016 1117 1047 uenerat,
1158 1016 1194 1041 ut
1225 1021 1293 1040 uox
1319 1011 1446 1041 iterum
1473 1009 1640 1041 suaderet.
1687 1010 1863 1041 Consentit
1886 1021 1963 1041 cum
1986 1009 2121 1041 Plutar-

251 1058 313 1089 cho
341 1058 422 1089 haec
445 1059 516 1101 ipsa
539 1060 633 1091 Tulli
658 1062 824 1093 narratio:
860 1062 906 1092 ait
930 1061 1036 1100 enim,
1072 1063 1231 1093 Siciliam
1254 1062 1370 1105 petiui
1395 1063 1526 1102 animo,
1564 1063 1597 1093 h.
1621 1075 1649 1094 e.
1673 1063 1764 1094 ibam
1788 1063 1824 1094 in
1847 1063 2011 1102 Siciliam,
2045 1062 2120 1102 iter,

252 1111 340 1152 quod
364 1123 402 1143 eo
427 1112 584 1152 ducebat,
612 1115 779 1156 ingressus
804 1126 897 1152 sum,
935 1126 1054 1144 uerum
1079 1126 1097 1145 a
1121 1115 1158 1145 C.
1183 1115 1336 1156 Uergilio
1359 1115 1551 1156 prohibitus
1575 1127 1594 1146 a
1620 1116 1770 1155 Uibone,
1801 1115 1891 1147 unde
1913 1116 1949 1147 111
1972 1114 2121 1147 Siciliam

251 1164 391 1195 traicere
415 1165 606 1207 cogitaram,
635 1173 724 1197 terra
746 1167 985 1205 Brundusium,
1011 1179 1077 1209 quo
1096 1173 1193 1198 antea
1212 1179 1281 1198 non
1303 1167 1523 1206 intenderam,
1547 1175 1661 1211 petere
1684 1168 1790 1212 coepi.
1835 1169 1870 1202 A
1893 1168 2028 1201 Uibone
2050 1178 2120 1198 non

250 1217 371 1259 longus
396 1224 467 1248 erat
491 1218 526 1248 in
551 1219 701 1249 Siciliam
723 1219 900 1258 traiectus:
934 1226 984 1250 set
1006 1219 1082 1250 inde
1104 1231 1166 1262 per
1188 1219 1361 1250 Bruttium
1384 1220 1420 1249 111
1442 1221 1627 1251 Lucaniam
1651 1221 1907 1263 regrediendum
1932 1220 1997 1252 suit
2019 1226 2119 1263 atque

250 1270 288 1300 ad
313 1281 390 1300 eum
417 1269 546 1302 flexum
570 1272 736 1311 eundum,
771 1272 828 1314 (1111
850 1273 1086 1314 Metapontum
1110 1279 1141 1303 et
1163 1272 1242 1303 inde
1267 1271 1501 1303 Brundusium
1530 1272 1668 1304 ferebat.
1713 1274 1809 1305 Mare
1831 1274 2121 1305 Mediterraneum

253 1323 370 1354 Cicero
394 1324 505 1355 statim
528 1325 667 1367 petiuit3
706 1337 788 1356 mox
813 1326 1044 1357 Hadriaticum
1070 1332 1185 1368 petere
1208 1332 1339 1356 coactus
1364 1331 1428 1364 est,
1467 1337 1533 1367 quo
1556 1325 1786 1357 Brundusium
1810 1326 1968 1357 adluitur.
1992 1327 2120 1358 GARA-

252 1386 400 1407 TONIL'S.
447 1377 532 1408 Cum
557 1377 638 1408 olim
663 1379 933 1417 existumassem,
968 1379 1055 1421 quod
1079 1379 1193 1410 Sicilia
1215 1379 1473 1422 prohiberetur,
1505 1389 1577 1408 eam
1601 1377 1704 1409 fuisse
1727 1390 1894 1417 caussam,
1924 1391 1983 1410 cur
2007 1379 2121 1410 statim

250 1429 386 1462 Uibone
409 1429 614 1470 discesserit,
651 1437 723 1462 tum
745 1432 924 1463 Plutarcho
954 1439 1026 1463 tum
1050 1433 1101 1463 1115
1126 1433 1206 1475 ipsis
1230 1432 1398 1464 narrantis
1429 1431 1541 1463 uerbis
1564 1430 1797 1471 suadentibus,
1837 1431 1981 1475 cognoui
2004 1437 2121 1474 postea

251 1494 294 1514 ex
319 1483 485 1525 epistulis,
519 1495 598 1525 quas
624 1484 683 1515 illo
708 1491 859 1527 tempore
881 1486 920 1516 ad
945 1486 1100 1519 Atticum
1123 1485 1271 1528 scripsit,
1304 1492 1335 1516 et
1356 1484 1429 1516 salli
1453 1485 1667 1516 Plutarchum
1693 1491 1725 1516 et
1749 1485 1946 1517 Ciceronem
1968 1484 2119 1516 consulto

251 1547 336 1577 quae
368 1535 455 1566 nihil
484 1536 550 1567 huc
579 1535 725 1569 facerent
754 1539 963 1581 praeterisse.
1008 1540 1062 1570 Sic
1092 1539 1182 1569 enim
1211 1538 1309 1569 iniis
1331 1537 1499 1580 epistulis:
1536 1538 1603 1577 HI,
1637 1549 1666 1569 2.
1695 1539 1840 1571 Itineris
1863 1539 1974 1570 nostri
1996 1550 2120 1570 caussa

241 1589 342 1632 suit,
366 1591 458 1633 quod
478 1601 546 1620 non
569 1590 732 1622 habebam
756 1592 885 1631 locum,
913 1593 971 1624 ubi
988 1605 1056 1636 pro
1078 1604 1150 1625 meo
1174 1592 1249 1624 iure
1275 1592 1410 1624 diutius
1433 1604 1503 1624 esse
1522 1604 1676 1635 possem,
1706 1605 1809 1636 quam
1831 1593 1867 1624 in
1881 1591 2040 1635 fundum
2061 1590 2119 1622 Si-

251 1655 320 1675 cae.
366 1643 497 1685 Scripta
521 1648 569 1673 est
600 1643 741 1685 epistula
767 1645 802 1676 111
825 1646 962 1685 itinere,
1002 1658 1077 1677 011111
1102 1646 1272 1678 Uibonem
1301 1645 1451 1676 nondum
1479 1651 1691 1687 peruenerat.
1736 1645 1811 1687 Ipse
1837 1644 1937 1686 igitur
1966 1643 2002 1674 in
2025 1643 2119 1674 Sicae

250 1695 393 1727 fundum
416 1702 535 1739 sponte
558 1708 593 1727 se
618 1697 777 1736 contulit,
813 1710 882 1730 non
906 1712 944 1730 eo
968 1699 1119 1731 detrusus
1144 1705 1194 1730 est
1216 1710 1234 1729 a
1258 1698 1350 1737 Sica,
1384 1704 1423 1729 ut
1446 1710 1463 1728 e
1486 1698 1682 1737 Plutarcho,
1715 1697 1793 1729 licet
1815 1697 1863 1728 ibi
1884 1696 2024 1728 fortasse
2045 1707 2119 1728 cor-

251 1756 371 1792 rupto,
395 1749 589 1791 conligitur,
615 1761 691 1781 cum
715 1758 804 1782 certe
828 1752 928 1784 domo
952 1752 1162 1795 prohibitum
1185 1764 1203 1783 a
1226 1752 1300 1783 Sica
1322 1752 1459 1783 dixerit.
1502 1752 1623 1793 Neque
1646 1763 1727 1782 uero
1754 1750 1866 1782 minus
1890 1749 2044 1781 Tullium
2066 1755 2117 1781 te-

252 1810 304 1835 cto
334 1804 528 1847 recepisset,
570 1802 660 1844 quod
683 1803 740 1835 lex
765 1805 885 1836 Clodia
913 1805 1062 1843 uetabat,
1101 1805 1136 1836 in
1161 1805 1304 1849 oppido,
1343 1817 1443 1847 quam
1466 1804 1543 1836 fecit
1575 1804 1610 1835 in
1631 1815 1721 1846 agro.
1766 1802 1923 1844 Sequitur
1946 1803 2041 1845 epist.
2064 1802 2114 1834 5.;

252 1858 311 1888 Set
334 1862 365 1887 te
388 1868 467 1894 ora,
493 1861 532 1887 ut
554 1856 602 1887 acl
622 1869 674 1888 me
704 1858 867 1891 Uibonem
889 1859 1009 1890 statim
1032 1859 1171 1897 uenias,
1195 1871 1260 1901 quo
1284 1870 1346 1902 ego
1368 1859 1488 1890 multis
1511 1859 1551 1889 cle
1573 1857 1703 1889 caussis
1726 1856 1881 1888 conuerti
1904 1857 1970 1888 iter
1992 1867 2114 1889 meum.

252 1910 309 1941 Ad
333 1909 425 1940 Sicae
447 1908 588 1940 fundum
611 1909 747 1949 scilicet,
773 1912 829 1953 qui
854 1923 960 1955 prope
983 1912 1153 1944 Uibonem
1177 1917 1256 1942 erat.
1302 1912 1463 1943 Similiter
1485 1922 1560 1941 cum
1583 1908 1811 1941 Brundusium
1834 1907 1965 1950 ingredi
1985 1908 2116 1940 noluis-

254 1968 319 2001 set,
352 1969 387 1993 nt
410 1969 524 1993 narrat
547 1974 573 1993 0.
600 1963 669 2002 41.,
702 1970 734 1994 et
757 1964 791 1994 111
815 1965 1007 1995 suburbano
1034 1964 1083 1996 M.
1106 1963 1214 1994 Laeni
1236 1964 1346 1995 Flacci
1371 1965 1562 2002 mansisset,
1595 1969 1632 1994 ut
1655 1963 1689 1994 in
1712 1961 1850 2005 praedio
1874 1961 1966 1992 Sicae
1987 1961 2026 1991 ad
2050 1961 2115 1994 Ui-

254 2013 392 2051 bonem,
425 2021 535 2046 tamen
558 2016 644 2046 dixit
667 2016 763 2058 epist.
786 2029 814 2058 7.
838 2018 1080 2049 Brundusium
1102 2017 1198 2055 ueni,
1230 2023 1263 2047 et
1285 2028 1359 2048 cum
1385 2017 1642 2049 Thessalonicae
1667 2021 1749 2057 aput
1771 2013 1942 2046 Plancium
1967 2013 2034 2045 iam
2061 2026 2114 2047 es-

254 2073 319 2104 set,
361 2068 455 2110 epist.
486 2069 516 2100 3.
544 2070 729 2101 Brundusi
748 2070 971 2113 proficiscens
1000 2072 1206 2114 scripseram
1234 2071 1281 2102 ad
1303 2076 1335 2101 te
1358 2075 1435 2100 etc..
1481 2071 1565 2101 Sunt
1588 2070 1690 2111 igitur
1713 2068 1828 2100 eodem
1852 2065 1954 2097 1110110
1976 2066 2113 2099 intelle-

255 2120 372 2161 genda,
399 2133 481 2162 quae
504 2123 636 2165 scripsit
660 2123 756 2165 epist.
779 2124 809 2154 4.
834 2137 855 2156 a
886 2124 1014 2156 Uibone
1036 2123 1148 2155 subito
1170 2124 1407 2162 discessimus;
1431 2124 1551 2165 quibus
1574 2123 1684 2154 uerbis
1708 2121 1777 2152 uim
1800 2119 1996 2151 Tunstallus
2018 2120 2113 2153 intu-

254 2173 308 2211 lit,
332 2173 409 2203 dum
433 2176 602 2217 explicare
624 2177 671 2208 ita
693 2176 827 2215 maluit,
856 2188 874 2207 a
897 2177 1036 2208 consilio
1062 2177 1229 2208 Uibonem
1253 2177 1484 2219 proficiscendi
1507 2176 1729 2212 dis-cessimus,
1758 2173 1792 2203 in
1814 2173 1910 2216 epist.
1933 2172 1975 2203 ad
1994 2174 2113 2205 Midd-

254 2226 418 2257 letonium
440 2238 473 2268 p.
497 2239 567 2269 90.,
599 2241 664 2271 quo
688 2228 803 2260 falsius
827 2235 876 2260 est
899 2229 997 2260 nihil.
1041 2230 1099 2261 Set
1121 2229 1186 2260 iam
1211 2235 1363 2272 quartam
1390 2230 1483 2260 illam
1507 2228 1681 2272 epistulam
1706 2227 1895 2265 uideamus,
1928 2238 1992 2268 qua
2013 2239 2111 2261 ueras

253 2278 344 2310 illius
367 2278 468 2309 subiti
493 2291 511 2308 a
534 2281 666 2312 Uibone
691 2282 851 2313 discessus
881 2293 1008 2314 caussas
1038 2282 1180 2313 edocuit.
1226 2283 1389 2314 Miseriae
1413 2283 1533 2326 potius
1560 2286 1695 2312 nostrae
1727 2293 1828 2323 quam
1858 2281 2111 2315 inconstantiae

255 2331 387 2363 tribua-3
411 2331 533 2370 ΝΘῘῘΗῑ,
556 2336 646 2375 quod
666 2348 687 2366 a
720 2335 859 2372 Uibone,
883 2348 948 2378 quo
970 2341 1003 2367 te
1024 2335 1288 2375 arcessebamus,
1310 2336 1421 2368 subito
1444 2333 1669 2367 discessimus.
1711 2334 1878 2365 Acllatast
1900 2335 1990 2366 enim
2012 2335 2108 2367 nobis

254 2385 391 2427 rogatio
413 2384 454 2416 cle
477 2385 633 2427 pernicie
664 2398 759 2425 mea,
796 2388 832 2418 in
856 2400 923 2431 qua
946 2389 1037 2430 quod
1058 2395 1247 2421 correctum
1276 2401 1346 2420 esse
1374 2386 1613 2425 audiebamus,
1644 2392 1719 2418 erat
1741 2386 1925 2424 eiusmodi,
1958 2392 1997 2418 ut
2018 2388 2106 2420 mihi
