2264 2746
255 71 310 97 23³
896 60 1469 90 COMMENTARIUS.

253 145 491 178 monumenta,
526 139 678 177 litterae,
711 147 794 177 quae
816 134 921 166 uerba
943 141 974 166 et
994 135 1075 166 alibi
1097 135 1145 166 sic
1166 134 1371 177 iunguntur,
1401 134 1587 177 eodemque
1608 146 1718 167 sensU.
1747 136 1971 169 ERNEs'rlus.
2014 138 2113 171 Nihil

255 192 451 224 mutandum
476 198 533 223 est.
578 191 791 230 Quamquam
814 188 904 219 enim
928 189 1128 220 litterarum
1151 193 1183 218 et
1205 188 1387 220 annalium
1408 194 1626 220 monumenta
1651 188 1805 220 usitatior
1826 189 1951 220 locutio
1973 196 2041 230 est,
2062 197 2114 222 ta-

254 257 333 278 men
357 246 489 276 litterae
514 243 630 283 utique
652 241 793 283 posteris
816 241 968 283 produnt
990 246 1226 279 monumenta,
1263 240 1298 271 h.
1321 251 1350 270 e.
1372 241 1573 272 memoriam
1602 247 1635 272 et
1655 241 1847 273 testimonia
1867 252 1982 272 rerum
2006 248 2115 283 gesta-

255 311 344 330 rum.
390 299 524 329 Tacitus
548 296 590 326 II.
614 295 743 326 Histor.
772 305 860 325 101.:
886 293 1078 336 Scriptores
1102 300 1311 337 temporum,
1335 294 1395 337 qui
1410 295 1565 338 potiente
1588 307 1704 327 rerum
1725 295 1855 327 Flauia
1877 295 1974 326 domo
1996 305 2117 326 monu-

256 358 371 384 menta
399 351 502 382 liuius
533 349 613 380 belli
643 353 903 391 conposuerunt.
948 346 1034 377 Fere
1061 347 1217 378 similiter
1247 347 1307 378 III.
1338 347 1379 378 de
1409 347 1477 379 Off.
1504 359 1531 379 1.
1561 347 1720 378 dicuntur
1749 352 1967 380 monumenta
1999 346 2118 389 ingeni

259 405 422 436 mandata
446 402 586 433 litteris.
631 402 674 432 II.
700 401 822 442 Agrar.
850 401 916 431 16.:
944 401 996 433 M.
1018 400 1128 433 Bruti
1150 401 1287 432 sceleris
1310 401 1480 445 uestigia,
1503 413 1606 445 quam
1627 406 1844 433 monumenta
1869 400 2040 432 maiorum
2061 411 2120 430 sa·-

255 457 405 501 pientiae
427 455 524 497 sequi
545 455 713 486 maluisti.
757 454 782 484 Ι.
808 452 849 483 de
871 454 944 484 Inu.
970 454 1040 485 26.:
1077 454 1175 494 Quae
1202 454 1272 485 iam
1300 454 1362 485 diu
1381 460 1483 496 gesta
1506 472 1548 478 —-
1572 460 1684 486 tamen
1705 453 1849 497 faciant
1869 452 2002 496 fidem,
2038 463 2120 483 uere

259 509 391 541 tradita
413 519 500 547 esse,
530 508 622 551 quod
644 519 761 539 eorum
782 513 1003 539 monumenta
1026 513 1119 539 certa
1143 507 1179 538 in
1201 507 1329 538 litteris
1352 512 1477 539 extent.
1520 507 1591 538 Iam
1612 518 1722 550 neque
1745 506 1848 537 celeb.
1871 505 2005 537 Ernesti
2034 516 2120 547 opus

258 572 326 592 esse
362 560 635 603 interpunctione
670 560 833 597 arbitror,
873 567 1092 593 monumenta
1121 560 1235 599 nobis,
1274 560 1412 591 litterae
1435 560 1687 603 prodiderunt,
1723 566 1760 591 ut
1793 559 1859 590 duo
1890 557 1971 589 fiant
2006 556 2122 588 nomi-

256 613 378 651 nmini,
404 620 436 644 et
459 619 677 644 monumenta
699 612 898 653 litteraeque
922 613 1181 655 coniungantur,
1207 619 1243 644 ut
1266 612 1300 643 in
1323 613 1429 644 Bruto
1453 624 1481 654 7.
1505 619 1603 655 atque
1629 612 1720 644 alibi.
1745 613 2004 644 GARATONIUS.
2048 609 2122 642 Ue-

255 667 430 697 hementer
458 665 560 698 falsus
585 664 786 698 Garatonius
816 672 881 704 est,
918 666 1012 698 cuius
1037 666 1221 697 sententiae
1250 666 1355 697 miror
1379 666 1549 698 Oreliium
1580 665 1818 709 adstipulatum
1850 675 1930 696 esse.
1974 663 2027 696 Ac
2048 661 2123 705 pri-

255 730 348 750 mum
373 718 509 760 quidem
540 730 650 760 neque
675 718 727 749 illi
750 718 833 758 loci,
874 731 956 761 quos
979 719 1116 757 adtulit,
1154 730 1262 761 neque
1285 719 1374 750 ullus
1400 720 1538 750 omnino
1561 719 1645 750 alius
1674 718 1843 750 locutione
1865 717 1947 756 ista,
1984 717 2123 748 litterae

250 773 406 816 produnt
428 778 662 811 monumenta,
686 772 858 804 Romanos
883 783 953 804 esse
975 783 1052 803 usos
1075 771 1220 814 probare
1242 777 1371 813 potest,
1397 782 1474 802 cum
1498 784 1535 802 ea
1557 772 1600 803 sit
1622 771 1718 804 uerbi
1741 775 1996 803 monumentum
2017 767 2123 810 signi-

255 824 383 863 ficatio,
419 831 456 855 ut
477 831 696 856 monumenta
721 825 858 867 quidem
881 825 1027 868 prodere
1053 823 1182 865 aliquid
1206 823 1271 854 dici
1293 824 1439 866 possint,
1474 836 1540 867 quo
1564 824 1725 868 loquendi
1748 834 1870 865 genere
1900 833 1978 853 usus
2002 821 2121 852 Cicero

256 884 305 910 est
332 877 372 908 de
394 877 513 909 Diuin.
542 878 574 917 I,
602 889 638 919 7,
668 889 734 918 12.,
760 879 911 910 minume
934 890 1015 910 uero
1038 877 1159 909 litteris
1182 883 1402 909 monumenta
1429 878 1529 920 prodi
1557 878 1623 909 dici
1644 877 1784 921 possint.
1829 877 1960 908 Uerum
1981 880 2019 905 ut
2040 885 2124 905 con-

257 931 372 963 cedam
395 931 566 974 paulisper
589 930 623 962 id
646 931 709 961 dici
732 932 900 974 potuisse,
926 937 1014 962 certe
1037 931 1102 962 hoc
1125 931 1199 962 loco
1222 930 1285 961 dici
1308 943 1375 962 non
1398 932 1528 974 potuit,
1551 931 1587 962 in
1611 943 1687 973 quo,
1710 930 1739 962 si
1766 928 1987 961 Garatonium
2010 927 2123 969 sequi-

256 996 352 1020 mur,
390 984 493 1014 uerba
524 985 606 1016 liaeo
628 985 669 1015 cle
692 985 968 1027 sapientisszmzis
999 986 1088 1017 uiris
1114 986 1149 1016 in
1177 985 1241 1016 hac
1265 996 1301 1016 re
1317 985 1461 1028 publica
1491 990 1709 1017 monumenta
1731 981 1916 1014 necessario
1939 982 2002 1013 hoc
2024 990 2124 1012 sensu

256 1037 362 1080 accipi
387 1036 525 1068 debent:
557 1038 617 1069 llos
642 1038 683 1069 (Ie
706 1050 779 1080 sap.
802 1039 890 1069 uiris
915 1039 950 1070 in
974 1039 1038 1070 11αο
1061 1050 1097 1070 re
1115 1051 1152 1081 p.
1177 1038 1321 1080 scriptos
1351 1038 1466 1069 libros.
1510 1038 1560 1069 At
1587 1048 1697 1078 neque
1729 1035 1808 1067 libri
1835 1035 1906 1066 siue
1935 1032 2123 1071 uolumina,

257 1102 341 1133 quae
367 1090 407 1120 de
430 1089 559 1131 magnis
585 1090 668 1120 uiris
692 1091 815 1132 scripta
836 1090 992 1129 fuerunt,
1014 1102 1176 1132 umquam
1199 1102 1217 1121 a
1240 1090 1402 1121 Romanis
1426 1096 1644 1122 monumenta
1667 1090 1708 1121 cle
1729 1089 1819 1120 uiris
1841 1087 1926 1119 dicta
1947 1092 2037 1126 sunt,
2059 1096 2123 1117 ne-

257 1155 322 1186 que
336 1143 370 1174 111
386 1143 476 1173 1111110
492 1143 603 1173 10011111
619 1142 810 1173 istiusmodi
825 1143 989 1174 sententia
1003 1143 1150 1185 quadrat,
1165 1143 1200 1173 111
1215 1154 1281 1184 (1110
1298 1142 1555 1181 manifestumst,
1579 1143 1642 1173 hoc
1656 1141 1720 1172 dici
1735 1153 1753 1171 a
1763 1141 1810 1172 M.
1822 1141 1938 1172 Tullio
1949 1139 2101 1171 debuisse
2111 1152 2120 1170 :

258 1198 340 1229 haec
371 1197 407 1227 in
438 1195 665 1226 monumentis
694 1196 825 1238 scripta
855 1203 936 1228 sunt
964 1197 1004 1228 cle
1027 1196 1302 1239 sapientissimus
1331 1197 1431 1227 uiris.
1475 1197 1596 1236 Neque
1618 1206 1700 1225 uero
1724 1194 1759 1224 111
1784 1193 1920 1225 Ernesti
1942 1193 2123 1235 interpun-

257 1250 367 1281 ctione
392 1247 602 1289 acquiescere
631 1246 807 1287 debemus,
849 1261 914 1291 qua
940 1248 1253 1280 insolentissumum
1276 1247 1421 1278 orationi
1450 1246 1636 1288 asyndeton
1660 1245 1834 1276 inferatur.
1879 1245 2050 1278 Audacior
2073 1252 2124 1277 et-

256 1303 322 1334 iam
347 1312 447 1343 quam
471 1311 554 1342 quae
577 1300 714 1342 probari
739 1301 846 1343 possit
868 1313 985 1333 eorum
1010 1301 1249 1339 coniecturast,
1277 1300 1335 1341 qui
1356 1311 1419 1342 pro
1443 1300 1580 1331 litterae
1603 1298 1815 1329 scribendum
1839 1299 2038 1330 litterarum
2059 1310 2126 1341 pu-

259 1360 422 1387 tauerunt.
468 1353 637 1395 Equidem
660 1365 857 1396 persuasum
880 1355 966 1386 mihi
988 1355 1106 1393 habeo,
1133 1354 1173 1385 ab
1188 1354 1372 1396 interprete
1391 1362 1492 1393 super
1513 1357 1732 1383 monumenta
1755 1351 1990 1393 explicationis
2014 1362 2127 1382 caussa

258 1410 396 1440 litterae
419 1417 489 1437 esse
510 1405 676 1448 positum,
700 1406 800 1448 idque
823 1407 862 1438 ab
886 1408 1032 1439 librariis
1055 1404 1240 1449 receptum.
1284 1405 1397 1436 Potuit
1418 1404 1483 1435 hoc
1506 1416 1544 1435 eo
1567 1403 1698 1434 facilius
1722 1403 1804 1442 fieri,
1827 1415 1894 1446 quo
1917 1403 2047 1446 saepius
2069 1404 2129 1435 Ci-

260 1473 336 1492 cero
361 1464 580 1492 monumenta
610 1464 644 1489 et
666 1459 802 1491 litteras
826 1461 1031 1503 coniungere
1053 1459 1150 1492 solet.
1197 1458 1267 1490 Cfr.
1295 1459 1338 1490 II.
1361 1458 1398 1489 in
1420 1459 1522 1490 Uerr.
1546 1457 1613 1496 HI,
1643 1457 1700 1499 89,
1732 1467 1804 1499 209.
1838 1457 2065 1489 monumentis
2086 1469 2129 1489 ac

259 1514 396 1546 litteris.
441 1512 483 1543 II.
510 1512 546 1542 111
569 1512 670 1544 Uerr.
694 1512 761 1551 IV,
788 1512 847 1552 48,
877 1515 946 1546 106.
971 1514 1100 1545 litteris
1122 1518 1226 1556 atque
1249 1512 1489 1544 monumentis.
1519 1521 1582 1552 pro
1606 1509 1720 1552 Ligar.
1743 1521 1777 1548 2,
1802 1510 1832 1541 6.
1856 1510 1984 1542 litteris
2004 1523 2126 1542 monu-

259 1566 460 1608 mentisque.
482 1575 546 1605 pro
570 1564 683 1595 Deiot.
711 1565 765 1605 15,
790 1566 841 1607 57.
866 1567 994 1598 litteris
1017 1566 1322 1609 monumentisque.

341 1618 425 1651 ,Non
449 1629 579 1660 semper
601 1617 736 1649 easdem
758 1620 944 1652 sententias
967 1619 1008 1651 ab
1035 1620 1163 1652 eisdem
1185 1638 1227 1644 —
1253 1630 1324 1651 esse
1352 1616 1523 1661 defensas)
1565 1616 1653 1648 Esse
1669 1615 1827 1660 defensas
1844 1616 1957 1648 aBau.
1979 1617 2024 1658 [et
2035 1615 2126 1659 Erf.]

260 1679 319 1704 est.
364 1669 574 1702 Praeclaram
596 1669 715 1701 codicis
739 1674 872 1714 optumi
895 1673 1073 1704 lectionem
1095 1683 1206 1704 sermo
1230 1671 1302 1714 ipse
1324 1670 1540 1709 conmendat,
1573 1669 1630 1710 qui
1653 1668 1691 1699 de
1715 1681 1774 1709 eo,
1812 1669 1900 1713 quod
1923 1668 2048 1701 sactum
2072 1669 2127 1709 sit,

259 1724 464 1756 instituitur:
498 1733 608 1764 neque
641 1723 733 1755 enim
761 1725 835 1756 aliis
865 1726 1060 1768 praecipere
1090 1724 1202 1755 uideri
1231 1725 1325 1764 uolt,
1369 1724 1421 1756 sui
1445 1722 1639 1754 defensione
1669 1729 1857 1755 contentus.
1901 1722 2062 1754 Priuatim
2083 1720 2127 1753 ad

261 1779 447 1810 Lentulum
470 1775 617 1807 scribens
640 1775 789 1809 Platonis
813 1779 1012 1810 auctoritate
1034 1778 1159 1816 utitur,
1184 1789 1269 1820 quae
1290 1777 1326 1808 in
1349 1776 1424 1808 foro
1446 1774 1647 1819 proferenda
1669 1787 1738 1807 non
1761 1781 1842 1807 erat.
1866 1776 2124 1807 GARATONIUS.

263 1831 471 1873 Scripturam
494 1828 674 1872 defensas,
707 1841 770 1873 pro
795 1842 859 1873 qua
883 1832 984 1862 ceteri
1015 1831 1095 1862 libri
1126 1830 1358 1874 defendendas
1380 1829 1522 1869 habent,
1555 1829 1737 1860 necessario
1760 1827 1863 1860 fuisse
1884 1827 2124 1871 recipiendam,

263 1883 382 1922 uerba,
408 1893 492 1924 quae
514 1883 736 1925 praecedunt,
764 1885 848 1916 llaec
869 1885 910 1916 cle
933 1885 1211 1928 sapientissumis
1233 1890 1266 1917 et
1291 1884 1332 1917 cl.
1355 1884 1444 1916 uiris
1467 1901 1510 1907 —
1530 1888 1747 1915 monumenta
1769 1882 1864 1914 nobis
1880 1881 2124 1926 prodiderunt,

264 1936 450 1966 luculenter
473 1935 665 1968 ostendunt.

1046 2024 1206 2060 CAP.
1266 2026 1348 2060 XL.

351 2095 380 2135 ἓ.
404 2096 454 2136 95.
498 2095 608 2129 Nunc
629 2097 729 2129 uenio
751 2097 798 2129 acl
819 2097 902 2130 illut
923 2103 1131 2137 extremum,
1173 2098 1265 2141 quod
1286 2097 1421 2142 dixisti)
1464 2097 1520 2131 Ad
1542 2097 1620 2129 illut
1642 2096 1783 2134 scilicet,
1821 2093 1911 2136 quod
1934 2099 2126 2126 extremum

269 2147 393 2178 dixisti.
437 2149 485 2180 At
507 2149 618 2180 nescio
643 2149 834 2192 quomodo,
867 2151 948 2182 Bau.
975 2152 1022 2193 [et
1043 2150 1131 2192 Erf.]
1156 2151 1273 2190 habet,
1309 2152 1346 2184 in
1370 2163 1435 2196 quo
1457 2151 1590 2184 dixisti.
1634 2151 1738 2182 Recte
1759 2146 1895 2189 quidem
1918 2146 1982 2177 dici
2002 2147 2125 2190 potuit,

270 2200 317 2232 nd
339 2200 437 2237 illut,
478 2203 567 2243 quod
595 2203 632 2234 in
661 2210 810 2236 extremo
842 2205 974 2237 dixisti.
1017 2204 1138 2237 Altera
1159 2204 1219 2235 illa
1241 2204 1326 2236 ratio
1350 2204 1508 2246 loquendi
1529 2203 1744 2248 perplexior,
1783 2200 1819 2232 in
1847 2211 1911 2242 qua
1934 2205 2128 2232 extremmn

270 2251 501 2283 accussationis
516 2261 614 2295 caput
629 2255 813 2299 intellegas.
858 2258 1103 2290 Uerumtamen
1124 2258 1182 2289 alii
1204 2257 1368 2289 uiderint:
1393 2269 1453 2300 ego
1475 2258 1511 2289 in
1525 2257 1657 2298 uolgata
1678 2253 1821 2285 lectione
1843 2252 2025 2295 acquiesco,
2049 2253 2128 2284 GA-

270 2312 470 2360 RATONIUs.
513 2305 547 2336 A
569 2306 732 2340 latinitate
755 2310 939 2342 abhorrere
960 2317 1055 2353 puto,
1080 2311 1168 2353 quod
1190 2311 1225 2343 in
1241 2312 1267 2344 B
1292 2316 1325 2342 et
1345 2311 1374 2342 E
1397 2310 1558 2353 scriptum
1581 2313 1683 2339 extat.
1727 2308 1816 2339 Nam
1835 2307 1871 2338 in
1893 2318 1957 2350 quo
1980 2305 2026 2336 sic
2050 2311 2127 2336 tan-

271 2363 345 2389 tum
367 2367 449 2400 pom
471 2362 599 2399 potuit,
632 2360 660 2390 si
682 2362 823 2394 uerbum
847 2364 913 2395 loci
935 2364 1211 2408 significationem
1234 2364 1358 2396 habens
1380 2361 1624 2406 praecessisset,
1653 2361 1750 2402 quale
1770 2366 1834 2394 est.
1866 2359 1954 2401 quod
1980 2360 2125 2391 Garato-
