2264 2746
265 117 318 142 132
919 103 1490 135 COMMENTARIUS.

267 185 366 216 cdere
390 182 541 227 profecto
564 183 623 215 has
648 181 755 212 tribus
779 178 936 212 debuisti.
980 181 1070 212 Nam
1094 179 1123 211 si
1145 179 1375 213 Uoltinienses
1399 185 1457 210 aut
1479 179 1657 212 Terentini
1680 192 1699 211 a
1720 185 1753 211 te
1776 178 1902 210 iudices
1926 185 2035 211 essent
2056 179 2150 211 dele-

269 237 331 277 cti,
367 237 537 278 quomodo
562 234 697 267 tandem
721 239 803 276 aput
829 244 902 273 eos,
936 233 1091 264 homines
1116 232 1358 264 seuerissumos
1382 238 1415 263 et
1437 233 1664 275 grauissumos
1688 232 1786 274 (conl.
1811 233 1840 272 ἓ.
1866 232 1949 273 58.),
1986 232 2150 272 Plancius,

270 289 298 321 si
321 289 428 320 tribus
452 289 528 320 istas
551 287 774 329 corrupisset,
820 284 1002 316 defendere
1033 296 1068 316 se
1090 291 1204 328 posset
1235 283 1343 327 (conl.
1369 285 1399 325 §.
1422 285 1474 316 45.
1501 292 1589 317 extr.
1615 291 1647 316 et
1673 286 1702 326 ἕ.
1725 286 1824 324 46.)?
1871 283 1973 325 Quod
1997 294 2073 315 cum
2098 284 2152 315 di—

270 343 375 375 xisset
398 342 532 377 Cicero,
556 340 686 379 subito,
710 345 749 370 ut
775 338 960 369 declararet
983 338 1123 379 cogitari
1148 338 1181 369 id
1205 338 1306 381 plane
1328 348 1397 368 non
1420 349 1527 380 posse,
1550 351 1570 370 a
1592 338 1727 369 Plancio
1752 338 1826 369 illas
1850 338 1957 369 tribus
1980 342 2154 378 corruptas

272 406 358 432 esse,
382 392 549 424 conuertit
571 403 606 423 se
628 391 669 422 ad
693 393 914 424 Laterensem
938 390 1103 432 dicitque:
1135 392 1238 423 immo
1262 402 1344 422 uero
1367 396 1404 421 tu
1428 392 1512 434 quid
1535 393 1687 424 diceres?
1720 390 1754 422 id
1782 397 1846 430 est,
1872 390 1978 421 immo
2001 400 2085 419 uero
2107 394 2155 428 tu,

271 449 298 480 si
322 448 396 478 illos
421 444 596 486 delegisses
620 444 766 485 iudices,
801 443 971 487 quomodo
995 443 1105 475 ullum
1132 444 1270 475 Plancio
1300 442 1428 474 crimen
1452 444 1584 475 obicere
1606 456 1737 487 posses,
1775 443 1866 486 quod
1893 443 1944 474 illi
1965 442 2040 473 iure
2064 440 2158 472 obie-

275 507 365 532 ctum
390 496 636 528 concederent?

357 550 432 583 Aut
454 555 541 592 aput
565 549 704 582 tribalis
728 562 807 581 suos
831 549 975 591 iudices)
1022 548 1312 591 Praepositionem
1336 553 1440 591 aput,
1469 559 1569 590 quarn
1593 548 1740 581 familiae
1762 549 1881 580 tertiae
1903 547 2033 579 codices
2057 546 2160 578 omit-

275 610 366 641 tunt,
400 602 509 645 repeti
538 603 688 645 postulat
716 603 875 633 Tulliana
904 600 1067 643 loquendi
1100 601 1325 640 consuetudo,
1361 601 1402 631 de
1433 612 1498 643 qua
1529 601 1607 632 uide
1638 614 1721 643 quae
1752 603 1823 633 dixi
1854 600 1963 633 Praef.
1993 600 2035 631 ad
2058 601 2158 633 Uarr.

276 658 382 688 Lectt.
408 667 451 686 ex
474 655 547 687 cod.
571 655 644 687 Erf.
669 661 758 686 enot.
782 667 816 697 p.
840 655 945 686 XVII
969 666 1063 696 sqq..
1110 654 1271 685 Ceterum
1293 653 1353 685 cfr.
1378 654 1478 685 etiam
1503 654 1634 697 Proleg.
1658 656 1700 687 L.
1723 655 1766 686 II.
1793 655 1831 686 C.
1856 655 1882 685 Ι.
1911 655 1941 695 §.
1965 653 2016 685 8..

360 709 470 749 Quem
499 709 649 741 iudicem
675 721 716 741 ex
739 708 810 740 illis
834 713 896 739 aut
921 709 1066 739 tacitum
1088 712 1207 738 testem
1228 706 1388 745 haberes,
1417 713 1479 739 alit
1504 719 1585 740 uero
1609 708 1713 739 etiam
1736 707 1917 748 excitares)
1961 706 2052 738 Male
2080 701 2161 736 haec

275 763 467 801 hIanuUus,
492 774 593 803 quem
617 761 722 793 secuti
745 766 823 792 sunt
847 760 1025 792 NVeiskius
1053 766 1085 791 et
1110 759 1293 798 Wolssius‚
1318 759 1365 790 ita
1387 760 1629 802 interpretatus
1652 766 1716 792 est:
1741 758 1921 799 „Iudicem
1943 771 1986 790 ex
2008 758 2075 789 illis
2101 769 2163 789 ne-

277 815 424 853 minem,
451 814 622 845 neminem
648 814 786 845 tacitum
811 819 927 844 testem
948 813 1107 843 haberes:
1140 811 1374 843 testimonium
1399 812 1490 843 enim
1514 810 1555 843 d'e
1578 809 1692 843 Planci
1715 813 1908 843 innocentia
1931 823 2047 843 omnes
2071 811 2162 842 dice-

278 874 364 900 rent.
374 870 395 886 “
441 868 562 909 Neque
591 868 769 909 quisquam
792 867 1005 908 reliquorum
1029 865 1199 896 editorum
1230 863 1348 896 falsam
1372 865 1456 896 hanc
1482 865 1800 907 interpretationem
1823 877 1893 896 esse
1914 864 2064 904 monuit,
2098 862 2164 895 nisi

279 920 371 963 quod
401 931 549 957 comma,
585 920 675 961 quod
706 926 772 951 tres
803 920 854 950 1111
878 918 1023 949 editores
1054 924 1130 960 post
1154 918 1227 949 illis
1250 924 1454 959 posuerunt,
1488 918 1612 960 reliqui
1642 930 1710 949 non
1735 918 1869 949 habent.
1914 917 2091 950 Nimirum
2114 916 2166 947 illi

279 974 387 1005 tribus
410 974 496 1005 hanc
518 972 699 1014 periodum
721 972 884 1003 membris
914 977 1067 1003 constare
1089 970 1176 1001 male
1200 970 1329 1012 opinati
1351 977 1445 1010 sunt,
1487 983 1570 1014 quae
1595 971 1724 1002 duobus
1749 977 1880 1002 tautum
1901 976 2040 1002 constat.
2086 971 2166 1002 Non

279 1026 372 1057 enim
402 1026 573 1067 integrum
609 1025 800 1057 membrum
834 1031 891 1056 aut
922 1030 971 1056 est
998 1030 1057 1055 aut
1086 1035 1156 1055 esse
1179 1029 1307 1065 potest,
1342 1036 1441 1067 quem
1470 1025 1619 1056 iudicem
1647 1038 1687 1056 ex
1711 1025 1783 1056 illis
1806 1024 1963 1063 haberes,
1995 1029 2045 1055 set
2068 1035 2166 1066 quem

281 1079 430 1111 iudicem
453 1091 493 1110 ex
517 1079 589 1109 illis
614 1079 758 1110 tacitum
781 1084 899 1109 testem
921 1077 1080 1115 haberes,
1104 1076 1194 1118 quod
1219 1076 1347 1108 dictum
1370 1077 1490 1108 eodem
1513 1077 1626 1115 modo,
1653 1089 1719 1118 quo
1740 1077 1842 1119 paulo
1868 1083 1955 1119 post,
1983 1089 2082 1120 quem
2104 1077 2168 1108 lta-

281 1131 334 1164 bet
357 1133 512 1164 uicinum
536 1131 708 1162 tribulem.
753 1131 876 1161 Sensus
908 1130 1010 1171 igitur
1040 1130 1095 1161 1110
1125 1135 1190 1161 est:
1225 1141 1325 1160 nemo
1349 1129 1454 1161 iudex
1483 1142 1525 1160 ex
1549 1129 1615 1160 11115
1639 1135 1697 1160 aut
1718 1129 1858 1161 tacendo
1882 1130 2057 1161 Plancium
2081 1128 2169 1160 deli—

282 1191 388 1222 ctum,
412 1183 506 1215 cuius
527 1189 730 1222 accussatur,
754 1183 949 1213 conmisisse
971 1188 1164 1221 testaretur,
1186 1188 1244 1214 aut
1266 1182 1375 1214 iussus
1397 1194 1415 1214 a
1438 1189 1471 1214 te
1493 1182 1726 1214 testimonium
1750 1181 1861 1214 dicere
1881 1194 1951 1214 non
1973 1182 2171 1214 defenderet

283 1236 397 1267 Planci
420 1235 660 1266 innocentiam.

368 1289 509 1320 Etenim
532 1289 563 1319 si
586 1300 664 1319 reus
688 1288 800 1320 tribus
823 1288 956 1325 ederet,
988 1287 1181 1320 Uoltiniam
1202 1307 1244 1312 —
1267 1288 1443 1331 edidisset)
1474 1288 1601 1327 Erunt,
1630 1288 1687 1330 qui
1712 1288 1882 1330 quomodo
1906 1288 1988 1320 haec
2009 1300 2086 1320 cum
2109 1300 2172 1320 an-

283 1341 512 1374 tecedentibus
544 1341 761 1379 cohaereant,
796 1351 865 1371 non
893 1340 971 1371 satis
996 1341 1204 1383 intellegant.
1250 1343 1367 1383 Itaque
1392 1341 1650 1379 monendumst,
1685 1342 1885 1371 sententiam
1914 1352 2052 1379 eorum,
2087 1352 2172 1383 quae

284 1398 347 1428 hac
371 1396 400 1437 ς.
425 1394 476 1425 15.
503 1393 591 1424 (11013
613 1400 707 1432 sunt,
735 1394 821 1424 113110
844 1405 932 1424 esset
959 1394 1144 1425 Uoltiniam
1168 1394 1296 1425 tribum
1319 1394 1400 1425 dicis
1424 1405 1443 1425 a
1465 1393 1602 1425 Plancio
1625 1399 1839 1435 corruptam,
1866 1393 2087 1424 Terentinam
2110 1394 2172 1425 ha-

284 1449 396 1480 buisse
423 1459 499 1478 eum
520 1446 686 1476 uenalem.
732 1446 848 1488 Itaque
872 1446 972 1477 edere
995 1447 1053 1478 1135
1078 1448 1185 1478 tribus
1210 1446 1373 1485 debuisti,
1405 1446 1507 1488 idque
1524 1447 1570 1477 ’eo
1594 1446 1715 1488 magis,
1748 1458 1814 1488 quo
1838 1447 1962 1478 certius
1985 1453 2051 1487 est,
2071 1447 2174 1478 Plan-

284 1502 393 1539 cium,
425 1500 453 1531 si
476 1499 682 1541 corrupisset
704 1499 811 1530 tribus
835 1499 928 1539 illas,
962 1501 1116 1531 minume
1138 1500 1178 1530 ab
1202 1499 1369 1531 iudicibus
1390 1511 1506 1530 earum
1530 1499 1700 1537 tribuum,
1735 1499 1932 1531 hominibus
1955 1500 2172 1542 grauissumis

287 1561 320 1586 et
343 1551 592 1589 seuerissumis,
616 1551 807 1583 absolutum
830 1551 914 1583 fore.
960 1554 1092 1585 Uerum
1115 1558 1172 1584 tua
1195 1563 1308 1584 caussa
1330 1552 1409 1584 istas
1433 1552 1540 1583 tribus
1564 1563 1633 1583 11011
1655 1551 1801 1591 edidisti,
1829 1553 1920 1595 qnod
1942 1553 2174 1596 praeuidebas,

288 1606 380 1645 fore,
416 1611 454 1636 ut
486 1603 613 1635 iudices
645 1616 687 1634 ex
710 1605 749 1635 iis
774 1605 895 1636 delecti
922 1617 1038 1637 01111165
1061 1606 1289 1637 innocentiam
1320 1606 1371 1637 rei
1394 1611 1609 1637 testarentur.
1655 1606 1744 1636 Nam
1768 1605 1922 1637 Plancius
1947 1606 2085 1648 quidem
2106 1606 2174 1638 mi-

289 1670 391 1690 nume
413 1657 553 1699 fugisset
577 1657 798 1690 Uoltiniensis
822 1666 880 1690 aut
902 1659 1037 1690 tribulis
1060 1670 1137 1690 suos
1161 1659 1305 1698 iudices,
1328 1670 1388 1690 sua
1409 1658 1516 1690 fretus
1540 1657 1751 1698 innocentia,
1785 1658 1929 1691 duarum
1951 1660 2088 1692 illarum
2110 1659 2176 1692 tri-

287 1713 393 1744 buum
415 1710 610 1742 hominibus
633 1723 794 1743 maxume
817 1718 907 1744 11013.

374 1765 414 1796 Si
433 1776 511 1796 reus
535 1764 645 1795 tribus
668 1765 798 1803 ederet,
828 1765 1021 1797 Uoltiniam
1035 1762 1194 1807 fortasse
1216 1765 1386 1797 Plancius
1404 1770 1552 1808 propter
1576 1765 1862 1797 necessitudinem
1884 1778 1924 1797 ac
1946 1766 2175 1805 uicinitatem,

290 1832 389 1852 suam
412 1830 493 1850 uero
517 1822 605 1848 certe
628 1817 804 1861 edidisset)
851 1819 938 1850 Cum
961 1824 1040 1849 ante
1059 1817 1283 1849 Garatonium
1306 1817 1342 1848 111
1359 1818 1516 1849 omnibus
1540 1817 1744 1848 editionibus
1768 1818 1822 1848 hic
1848 1818 1939 1849 locus
1962 1818 2008 1848 ita
2030 1818 2174 1861 scriptus

291 1877 432 1909 extaret,
455 1871 487 1901 si
510 1882 588 1901 reus
613 1870 723 1901 tribus
747 1869 803 1913 (al.
830 1870 971 1913 tribum)
995 1871 1120 1908 ederet,
1154 1870 1346 1902 Uoltiniam
1359 1869 1518 1913 fortasse
1538 1870 1707 1902 Plancius
1725 1876 1871 1913 propter
1893 1871 2109 1903 uicinitatem
2133 1885 2175 1904 ac

291 1923 575 1956 necessitudinem
598 1935 698 1955 sliam
720 1937 784 1956 non
810 1925 992 1962 edidisset,
1024 1930 1114 1954 recte
1134 1924 1192 1954 ille
1216 1924 1373 1955 uitiosam
1400 1923 1517 1962 istam,
1546 1930 1579 1954 et
1601 1924 1700 1954 unice
1724 1934 1857 1961 ueram,
1893 1934 1991 1964 quam
2014 1935 2073 1955 nos
2097 1935 2176 1955 cum

294 1976 424 2007 Orellio
448 1976 653 2018 recepimus,
690 1976 893 2018 scripturam
923 1988 993 2007 esse
1017 1976 1142 2008 docuit.
1189 1977 1291 2019 Quod
1316 1988 1520 2018 quamquam
1542 1977 1659 2008 multis
1683 1982 1715 2007 et
1737 1977 1912 2008 inutilibus
1937 1976 2038 2007 etiam
2060 1977 2174 2008 uerbis

294 2027 423 2067 docuit,
445 2035 557 2060 tamen
581 2029 805 2071 quorumdam
837 2029 1003 2060 lectorum
1025 2030 1132 2072 gratia
1157 2030 1323 2073 integram
1350 2030 1420 2061 eius
1443 2029 1695 2061 adnotationem
1718 2030 1773 2060 hic
1795 2029 2022 2060 recudendam
2044 2030 2174 2072 putaui.

294 2081 430 2121 „Quam
452 2081 516 2112 sibi
539 2082 579 2113 ab
602 2088 809 2113 accussatore
833 2082 959 2112 tribum
984 2082 1038 2113 edi
1061 2083 1176 2123 uellet,
1201 2082 1462 2114 ederePlancius
1486 2082 1679 2122 dubitasset,
1702 2088 1760 2113 aut
1779 2082 1879 2113 etiam
1902 2093 1972 2113 non
1995 2082 2176 2115 edidisset?

295 2144 395 2174 quam
419 2133 460 2164 ob
484 2137 655 2167 caussam?
695 2135 736 2166 ob
761 2147 852 2173 eam,
887 2146 972 2176 quae
995 2147 1154 2167 maxume
1176 2136 1218 2167 ad
1242 2135 1411 2167 edendum
1434 2135 1600 2178 inpellere
1623 2135 1802 2166 debuisset.
1845 2135 1979 2166 Deinde
2002 2147 2071 2166 non
2093 2147 2176 2167 con-

297 2185 405 2224 uenit,
438 2185 647 2226 facultatem,
683 2199 767 2229 qnae
789 2189 991 2218 accussatori
1015 2188 1172 2227 dabatur,
1209 2190 1413 2220 inminutam
1443 2189 1479 2220 111
1501 2201 1559 2220 reo
1584 2188 1718 2230 fingere.
1764 2187 1876 2218 Facile
1905 2188 2109 2230 perspicitur
2131 2199 2175 2219 ex

295 2239 354 2277 iis,
379 2250 463 2280 quae
487 2240 586 2280 paulo
610 2247 686 2271 ante
710 2240 856 2271 uidimus
881 2251 908 2270 c.
936 2242 1001 2279 16„
1026 2241 1211 2282 Plancium,
1235 2243 1262 2274 si
1286 2243 1337 2274 ius
1361 2241 1487 2280 suisset,
1514 2241 1620 2272 tribus
1643 2240 1685 2270 ad
1708 2239 1926 2271 iudicandum
1952 2241 2071 2272 saltem
2095 2241 2174 2272 duas

295 2290 396 2323 edere
419 2290 572 2322 debuisse
598 2293 691 2332 [baec
715 2305 782 2324 uon
806 2304 886 2323 uera
910 2305 997 2333 esse,
1032 2306 1074 2325 ex
1101 2294 1234 2337 Proleg.
1256 2306 1289 2338 p.
1313 2296 1472 2326 LXXVI
1495 2306 1543 2335 sq.
1572 2293 1705 2324 abunde
1728 2294 1858 2335 patenj.
1905 2294 1973 2326 Ubi
1995 2305 2085 2325 nunc
2110 2294 2175 2336 igi-

296 2350 353 2375 tur
383 2343 460 2382 illa,
500 2344 534 2373 in
559 2356 624 2385 qna
654 2357 729 2376 011111
752 2346 947 2378 Atinatibus
978 2347 1045 2378 suis
1070 2347 1223 2378 Plancius
1253 2347 1510 2384 numerabatur,
1545 2346 1685 2377 adsidua
1715 2347 1750 2378 iu
1781 2346 1846 2377 hoc
1877 2358 2033 2378 sermone
2065 2358 2174 2378 comes

298 2395 470 2428 Uoltiniae
494 2396 704 2429 Terentina'.>
748 2399 841 2430 Haec
865 2410 942 2440 ego,
967 2410 1051 2440 quae
1074 2399 1179 2431 cuiuis
1204 2410 1380 2430 occurrere
1403 2405 1576 2439 necessest,
1601 2411 1669 2430 non
1691 2406 1845 2442 poteram
1868 2411 1936 2431 non
1959 2400 2173 2443 intellegere3
2216 2410 2220 2413 ·
