2264 2746
249 155 308 178 31]
949 142 1396 167 PRAEFATIO.

249 239 415 275 tudinem
440 232 569 267 malam
592 229 773 276 sequendo
800 226 997 260 multorum
1023 225 1113 258 mihi
1140 224 1284 258 laudem
1308 236 1438 270 parere
1464 224 1584 257 malui.
1613 224 1781 257 Dubitari
1809 225 1905 257 enim
1933 225 1995 258 uix
2021 231 2108 270 pot-

256 319 326 355 est,
366 310 453 354 quin
489 307 549 352 qui
575 305 759 349 uolgarem
785 300 1018 344 scriptionem
1045 299 1203 344 probant
1227 300 1324 331 uiam
1350 300 1472 332 tritam
1499 298 1666 343 persequi
1692 310 1847 343 cumque
1874 298 1951 331 aliis
1979 310 2112 340 errare,

256 397 361 434 quani
383 393 514 416 nouam
543 388 716 424 quaerere
742 374 968 418 multumque
994 374 1031 406 in
1052 385 1092 406 ea
1115 373 1321 418 quaerenda
1347 384 1479 417 operae
1504 372 1710 415 laborisque
1737 383 1952 405 consumere
1978 372 2114 405 malint.

256 462 334 506 Ego
362 462 478 491 autem
508 463 615 498 quom
649 449 685 481 id
712 460 878 493 agerem,
917 453 957 480 ut
989 447 1082 480 hanc
1112 447 1212 480 Tulli
1249 446 1450 479 orationem
1477 445 1706 478 Plancianam
1741 451 1819 478 tum
1855 446 2020 478 codicum
2049 457 2117 490 ope

256 542 334 569 tum
359 533 502 572 meopte
538 523 682 568 ingenio
718 527 891 566 quantum
919 520 998 554 fieri
1024 526 1147 566 posset
1167 520 1323 566 pristino
1351 518 1465 551 nitori
1491 519 1734 562 restituerem,
1762 520 2002 552 uehementer
2028 518 2119 551 mihi

258 598 576 651 reprehendendus
602 597 761 638 uiderer,
790 596 820 628 si
840 595 877 627 id
903 596 1134 628 retinuissem
1164 592 1443 638 orthographiae
1470 603 1596 635 genuS,
1625 592 1720 636 quod
1747 605 1954 626 maxumam
1979 598 2119 637 partem

258 689 332 716 tum
359 687 424 721 per
450 672 615 705 indoctos
646 669 777 703 sacculi
803 669 917 714 quinti
945 674 981 702 et
1007 669 1235 714 sequentium
1269 666 1520 711 grammaticos
1554 670 1633 697 tum
1660 676 1678 697 a
1705 666 1844 699 stolidis
1871 667 2027 700 librariis
2054 678 2119 700 or-

257 762 333 789 tum
359 747 620 782 intellexeram.
675 743 783 786 Quod
813 755 921 787 quom
948 742 1048 775 nulla
1075 742 1223 775 omnino
1250 741 1429 774 niteretur
1455 739 1689 781 auctoritate,
1719 745 1773 772 set
1797 752 1867 773 usu
1891 746 2032 775 tantum
2058 753 2121 774 re—

258 830 403 870 ceptum
430 824 522 854 esset
548 818 701 859 uitioso,
730 816 939 849 faciundum
965 816 1108 861 putaui,
1136 821 1177 848 ut
1205 827 1283 848 eam
1311 814 1559 858 scriptionem,
1589 824 1679 856 quae
1705 819 1877 857 usurpata
1902 826 1922 847 a
1948 814 2123 847 Romanis

258 895 445 933 Ciceronis
472 897 587 925 aetate
617 896 727 933 esset,
769 889 893 923 sedulo
920 890 1161 922 restituerem.
1213 887 1244 921 A
1272 900 1341 933 qua
1368 899 1407 919 re
1433 898 1481 918 ne
1508 898 1550 918 eo
1580 886 1723 930 quidem
1751 887 1928 920 deterreri
1954 899 2013 920 me
2038 900 2123 932 pas—

258 984 318 1006 sus
345 981 442 1011 sum,
477 965 572 1011 quod
599 975 873 1008 nonnumquam
900 964 1096 996 obscurum
1124 967 1216 1004 erat,
1254 972 1345 1006 quae
1370 959 1431 992 illo
1458 964 1625 1003 tempore
1652 960 1689 992 in
1716 971 1785 992 usu
1810 960 1938 993 suisset
1964 961 2123 1005 scriptio,

258 1047 430 1089 ideoque,
465 1039 559 1086 quod
586 1037 887 1072 consuetudinem
913 1037 1015 1081 sequi
1042 1035 1238 1068 malueram
1267 1046 1372 1079 quam
1400 1034 1437 1065 in
1468 1045 1604 1066 nouom
1634 1034 1796 1066 incidere
1824 1045 2007 1076 errorem,
2047 1045 2124 1067 eam

260 1118 511 1164 scriptionem,
540 1125 630 1158 quae
656 1111 854 1145 serioribus
882 1110 1031 1143 saeculis
1054 1109 1224 1154 usurpari
1252 1107 1387 1152 coepit,
1415 1107 1561 1139 retinui.

359 1190 443 1224 Non
473 1199 574 1221 secus
602 1187 699 1219 enim
727 1190 850 1218 errant
877 1185 950 1229 qui,
978 1184 1092 1217 nisisi
1109 1183 1260 1216 omnino
1288 1187 1452 1214 ueterem
1477 1181 1711 1225 scriptionem
1739 1181 1941 1214 restitutam
1968 1180 2128 1223 uideant,

262 1266 442 1304 uitiosam,
471 1273 560 1306 quae
587 1261 624 1293 in
651 1264 765 1301 usust,
793 1258 946 1292 retineri
974 1258 1086 1291 satius
1115 1257 1256 1299 ducant,
1287 1266 1393 1300 quam
1418 1254 1490 1299 qui,
1519 1254 1589 1286 nisi
1616 1266 1740 1287 omnes
1769 1254 2015 1299 corruptelae,
2044 1255 2128 1300 qui-

263 1341 329 1373 bus
356 1336 490 1370 ueteris
519 1333 704 1378 scriptoris
733 1344 822 1377 opus
850 1332 1080 1374 adsectumst,
1115 1334 1390 1370 remoueantur,
1431 1327 1568 1360 nullam
1593 1327 1789 1361 tollendam
1817 1329 2025 1372 opinentur.
2081 1328 2129 1361 Et

261 1408 565 1458 quemadmodum
600 1417 673 1438 non
709 1412 763 1439 est
789 1405 832 1438 ab
860 1405 933 1437 ullo
961 1406 1110 1438 homine
1139 1402 1415 1449 postulandum,
1456 1407 1495 1434 ut
1522 1401 1559 1433 in
1588 1402 1812 1434 emendando
1841 1402 2129 1447 explicandoque

263 1483 485 1529 antiquitatis
513 1485 749 1513 monumento
778 1480 820 1511 ab
849 1480 949 1512 omni
977 1490 1103 1511 errore
1127 1478 1315 1510 inmunem
1341 1488 1380 1508 se
1405 1481 1580 1520 praestet,
1616 1475 1664 1507 ita
1690 1486 1736 1508 ne
1763 1476 1792 1508 si
1820 1475 2018 1509 noluissem
2045 1476 2130 1520 qui-

264 1560 346 1591 dem
374 1555 578 1588 Tullianam
607 1553 840 1597 scriptionem
866 1553 935 1585 iam
964 1563 1060 1584 nune
1084 1562 1234 1595 prorsus
1262 1550 1477 1591 restituere,
1505 1549 1543 1580 in
1571 1560 1610 1581 ea
1637 1560 1702 1593 ego
1731 1550 1910 1582 sententia
1937 1561 2062 1591 essem,
2091 1554 2130 1582 ut

267 1632 303 1665 id
330 1642 388 1662 me
415 1634 650 1661 consecutum
677 1627 884 1658 arbitrarer.
937 1625 1019 1658 Hoc
1046 1630 1166 1657 tamen
1193 1636 1213 1656 a
1239 1636 1297 1656 me
1324 1623 1528 1668 perfectum
1555 1622 1691 1665 iudico,
1729 1629 1769 1656 ut
1795 1623 1929 1655 multae
1956 1623 2129 1667 scriptio-

267 1716 349 1741 nes,
377 1713 466 1747 quae
492 1701 533 1733 ab
562 1700 748 1732 Ciceronis
778 1699 1039 1732 consuetudine
1067 1709 1265 1742 eorumque
1292 1697 1554 1737 Romanorum,
1584 1696 1644 1740 qui
1678 1697 1842 1740 aequales
1866 1697 1942 1728 eius
1968 1695 2128 1737 suerunt,

268 1775 524 1815 abhorrebant,
564 1773 787 1814 sustulerim,
832 1772 1107 1816 Tullianamque
1143 1772 1343 1804 orationem
1371 1776 1466 1803 certe
1493 1769 1644 1814 propius
1673 1770 1716 1801 ad
1745 1781 1822 1802 eam
1845 1769 2016 1811 sormam,
2059 1780 2141 1813 quar

270 1849 400 1892 scripta
427 1847 467 1878 ab
494 1851 641 1879 auctore
669 1851 760 1887 erat,
789 1846 1012 1878 adduxerim.
1065 1844 1182 1889 Atque
1208 1844 1246 1877 id
1274 1844 1418 1889 quidem
1444 1855 1511 1887 pro
1539 1848 1637 1875 certo
1665 1842 1855 1874 adfirmare
1882 1842 2008 1883 audeo,
2037 1853 2128 1886 quae

270 1933 369 1955 nune
395 1932 413 1952 a
440 1931 496 1951 me
523 1920 735 1964 scriptiones
764 1919 991 1952 introductae
1018 1919 1089 1951 sint
1114 1929 1182 1962 pro
1210 1919 1272 1960 iis,
1302 1929 1392 1962 quae
1419 1918 1457 1949 in
1486 1916 1640 1960 uolgatis
1669 1915 1904 1954 editionibus,
1940 1921 1980 1948 ut
2002 1915 2126 1948 Erne-

272 1995 401 2035 stiana,
442 1992 665 2033 obtinebant,
705 2004 762 2025 eas
791 1992 832 2025 ab
860 1994 936 2037 ipso
965 1992 1143 2024 Cicerone
1171 1993 1319 2036 eiusque
1345 1989 1552 2035 aequalibus
1580 1993 1768 2032 usurpatas
1797 2000 1891 2031 esse,
1937 1994 2063 2021 contra
2091 2000 2130 2021 ea

272 2079 346 2101 non
373 2077 464 2110 nego
493 2064 632 2097 relictas
660 2067 829 2109 quasdam
857 2077 951 2107 esse,
993 2077 1083 2110 quae
1109 2065 1332 2110 incognitae,
1373 2069 1470 2096 certe
1496 2073 1570 2095 non
1610 2067 1805 2106 usurpatae
1833 2061 1955 2095 Tullio
1982 2062 2129 2095 suerint.

274 2141 392 2185 Atque
419 2139 495 2171 illas
523 2137 684 2182 quidem,
726 2151 811 2183 quas
840 2139 979 2183 primus
1014 2139 1202 2181 reuocaui,
1244 2138 1457 2182 scriptiones
1483 2137 1563 2169 iure
1589 2147 1608 2168 a
1634 2146 1692 2168 me
1715 2140 1900 2167 reuocatas
1930 2147 2025 2177 esse,
2066 2147 2128 2168 ar-

274 2212 454 2259 gumentis
490 2211 715 2255 conprobare
749 2212 786 2242 in
818 2211 1084 2255 prolegomenis
1119 2212 1395 2254 constitueram,
1430 2221 1558 2242 uerum
1591 2214 1782 2254 postquam
1816 2200 2020 2252 longiorem
2054 2221 2131 2242 eam

273 2299 352 2320 rem
385 2284 573 2328 requirere
608 2283 896 2316 dissertationem
930 2285 1200 2328 intellexeram,
1241 2297 1347 2330 quam
1379 2295 1468 2328 quae
1501 2283 1615 2327 recipi
1645 2282 1682 2314 in
1708 2280 1967 2326 prolegomena
1998 2288 2131 2327 posset,

277 2358 449 2404 singulari
474 2357 565 2390 libro
596 2357 638 2390 de
667 2363 742 2390 tota
769 2357 1026 2402 orthographia
1049 2358 1176 2403 latina,
1213 2360 1274 2403 qui
1300 2369 1385 2391 mox
1412 2358 1449 2390 in
1475 2357 1590 2390 lucem
1614 2356 1817 2396 emittetur,
1853 2367 2036 2400 exponere
2064 2356 2131 2389 de-
