2264 2746
241 98 276 123 25
887 86 929 113 M.
964 82 1128 113 TULLI
1154 83 1439 113 CICERONIS
1461 84 1662 114 ORATIO

241 166 366 206 rensis,
391 164 419 196 si
441 162 476 194 id
498 161 608 194 facere
626 160 805 199 uoluisses,
829 164 887 190 aut
908 158 937 190 si
959 157 1133 201 grauitatis
1156 169 1227 190 esse
1243 164 1394 202 putasses
1418 165 1516 202 tuae,
1551 159 1643 203 quod
1664 158 1766 192 multi
1787 158 1918 193 nobiles
1940 171 2040 205 saepe
2060 160 2114 193 fe-

242 225 375 258 cerunt,
399 224 453 257 ut,
477 228 552 247 cum
576 214 685 245 minus
709 212 895 243 ualuissent
917 211 1084 254 suffragiis
1111 223 1213 253 quam
1234 217 1425 254 putassent,
1455 219 1571 256 postea
1589 212 1731 256 prolatis
1751 211 1896 245 comitiis
1918 220 2116 257 prosterne-

241 279 318 305 rent
340 283 375 304 se
398 277 431 302 et
454 268 580 312 populo
606 266 761 297 Romano
785 263 891 296 fracto
932 264 1044 295 animo
1068 270 1169 306 atque
1193 263 1317 296 humili
1339 266 1586 309 supplicarent:
1627 277 1695 297 non
1719 265 1856 306 dubito,
1901 266 1984 308 quin
2007 266 2118 300 omnis

241 326 284 357 ad
310 331 342 356 te
364 332 567 355 couuersura
591 317 696 350 fuerit
711 317 906 349 multitudo.
952 319 1149 359 Numquam
1173 316 1264 348 enim
1285 316 1358 349 fere
1374 319 1542 358 nobilitas,
1565 318 1696 361 integra
1717 318 1920 362 praesertim
1941 324 2041 361 atque
2062 319 2118 352 in-

242 390 383 416 nocens,
411 388 429 406 a
452 373 578 416 populo
601 372 757 403 Romano
781 370 927 413 supplex
951 370 1128 413 repudiata
1150 368 1226 401 fuit.
1272 369 1331 402 Set
1355 370 1384 402 si
1406 371 1468 403 tibi
1490 371 1636 414 grauitas
1660 378 1716 404 tua
1739 379 1773 404 et
1793 371 1991 414 magnitudo
2013 372 2119 405 animi

243 431 350 475 pluris
374 428 453 466 fuit,
479 425 578 458 sicuti
601 436 671 456 esse
697 422 829 462 debuit,
854 435 955 465 quam
974 423 1145 462 aedilitas,
1178 421 1268 463 noli,
1292 434 1369 455 cum
1392 424 1512 456 habeas
1535 423 1588 465 id,
1612 424 1703 467 quod
1725 424 1902 464 malueris,
1927 423 2120 456 desiderare

244 484 297 522 id,
329 480 417 523 quod
440 478 583 510 minoi-is
608 476 748 520 putariS.
794 475 963 517 Equidem
986 475 1138 519 primum
1161 481 1199 507 ut
1222 475 1354 507 honore
1376 475 1496 518 dignus
1520 488 1644 517 essem,
1683 489 1844 510 maxume
1866 488 2000 520 semper
2024 476 2123 508 labo-

244 535 336 568 1·aui;
370 531 516 564 seeundo
538 537 578 562 ut
599 530 842 567 existumarem
866 529 1006 560 tertium
1028 528 1113 560 mihi
1141 527 1206 560 fuit
1227 528 1323 568 illut,
1354 529 1444 571 quod
1467 529 1638 572 plerisque
1660 532 1863 574 primumst,
1895 530 1967 573 ipse
1993 530 2122 562 honos:

245 588 303 631 qui
327 587 364 617 iis
389 585 534 627 denique
557 584 657 615 debet
679 593 749 614 esse
771 581 954 622 iucundus,
979 593 1126 624 quorum
1150 580 1305 624 dignitati
1326 581 1474 625 populus
1500 582 1676 616 Romanus
1699 583 1944 624 testiinonium,
1969 594 2039 615 non
2063 582 2126 614 be-

245 640 401 673 neficium
422 637 601 670 ambitioni
624 636 727 668 dedit.

200 700 232 725 51
328 693 428 724 XXI.
454 689 596 733 Quaeris
617 690 737 730 etiam,
760 686 973 726 Laterensis,
998 685 1080 728 quid
1100 685 1303 729 imaginibus
1330 686 1408 728 tuis,
1429 687 1512 730 quid
1534 689 1761 721 ornatissumo
1782 694 1884 731 atque
1906 693 2048 731 optumo
2070 685 2126 718 ui-

245 759 302 786 ro,
326 745 416 788 patri
439 751 497 777 tuo
523 742 727 785 respondeas
752 747 900 773 mortuo.
945 740 1029 772 Noli
1052 739 1115 770 ista
1136 739 1315 780 meditari,
1337 747 1439 783 atque
1463 741 1541 773 illut
1562 753 1643 774 caue
1665 743 1790 786 potius,
1812 753 1856 774 ne
1878 747 1936 772 tua
1956 739 2020 772 ista
2043 749 2128 782 que-

244 799 329 831 rella
352 797 517 839 dolorque
542 796 668 828 nimius
696 796 736 827 ab
765 795 832 826 illis
860 792 1125 836 sapientissumis
1148 792 1232 824 uiris
1255 793 1538 836 reprehendatur.
1584 795 1683 828 Uidit
1713 794 1804 825 enim
1826 799 1923 837 pater
1948 798 2025 823 [uus
2047 791 2128 834 Ap-
2219 797 2234 827 ,⁸0

245 852 341 895 pium
365 850 563 890 Claudium,
608 848 868 880 nobilissumum
900 845 1097 886 hominem,
1140 845 1222 877 uiuo
1245 852 1342 889 patre
1363 858 1441 887 suo,
1486 848 1733 890 potentissumo
1763 852 1797 878 et
1825 845 2020 877 clarissumo
2051 843 2128 882 ciui,
2232 883 2236 898 k

247 906 285 937 C.
311 903 472 943 Claudio,
495 903 640 934 aedilem
663 913 732 932 11011
756 911 826 931 esse
850 898 995 938 factum,
1020 904 1051 930 et
1072 898 1219 930 eundem
1243 899 1316 930 sine
1342 900 1478 942 repulsa
1499 899 1627 933 factum
1649 912 1720 933 esse
1741 900 1931 937 consulem3
1955 896 2043 929 uidit
2064 896 2131 928 ho-
2207 904 2239 980 l!

245 958 374 990 minem
397 956 461 988 sibi
484 966 644 986 maxume
672 953 907 990 coniunctum,
946 951 1119 994 egregium
1150 951 1285 992 uirum,
1328 953 1369 985 L.
1394 953 1606 994 Uolcatium,
1646 953 1735 985 uidit
1757 953 1806 986 M.
1829 953 1988 984 Pisonem
2009 949 2046 981 in
2066 948 2131 981 ista
2224 947 2226 949 ’

245 1011 416 1042 aedilitate
446 1007 690 1039 offensiuncula
727 1010 863 1047 accepta
893 1015 1043 1035 summos
1071 1016 1091 1035 a
1113 1005 1243 1048 populo
1274 1005 1431 1037 Romano
1461 1017 1532 1037 esse
1554 1006 1701 1038 honores
1726 1006 1877 1049 adeptos.
1921 1005 2017 1038 Auos
2046 1013 2131 1034 uero

246 1070 324 1095 tuus
347 1068 381 1094 et
403 1063 440 1093 P.
465 1060 606 1092 Nasicae
630 1059 691 1090 tibi
719 1057 908 1089 aediliciam
935 1056 1148 1100 praedicaret
1182 1059 1372 1101 repulsam,
1410 1070 1476 1101 quo
1502 1059 1576 1090 ciue
1598 1059 1770 1090 neminem
1794 1070 1855 1101 ego
1879 1063 1988 1090 statuo
2010 1056 2047 1088 in
2069 1056 2132 1088 hac

248 1127 286 1147 re
308 1114 443 1158 publica
463 1113 659 1152 fortiorem,
695 1117 728 1142 et
753 1111 790 1142 C.
814 1109 922 1148 Mari,
961 1109 1019 1151 qui
1045 1109 1173 1143 duabus
1196 1111 1423 1143 aedilitatibus
1454 1112 1610 1155 repulsus
1632 1111 1779 1155 septiens
1803 1110 1921 1142 consul
1942 1115 1992 1142 est
2013 1108 2132 1148 factus,

249 1175 282 1200 et
304 1169 346 1200 L.
371 1167 538 1207 Caesaris,
579 1166 640 1197 Cn.
667 1162 807 1202 Octaui,
844 1162 894 1194 M.
919 1161 1032 1194 Tulli:
1069 1175 1151 1205 quos
1176 1164 1285 1196 omnis
1308 1165 1430 1196 scimus
1457 1164 1629 1197 aedilitate
1657 1163 1859 1208 praeteritos
1882 1162 2035 1194 consules
2061 1172 2133 1193 esse

326 1326 391 1344 csse
410 1319 547 1354 putasses
568 1310 652 1350 tuae)
673 1312 721 1341 La
739 1318 813 1340 mae
832 1322 894 1341 esse
909 1317 1075 1350 putasses,
1096 1313 1146 1342 Lb
1166 1319 1199 1342 et
1217 1314 1264 1343 Le
1280 1320 1425 1352 putasses
1444 1324 1506 1343 esse
1526 1320 1614 1351 tuae,
1640 1316 1679 1353 χ5
1694 1320 1838 1352 putasses
1857 1319 1936 1342 tuae.
1955 1327 1994 1335 —-
2030 1311 2134 1350 multi)

252 1366 304 1394 Ma
324 1365 429 1392 inuiti.
449 1377 486 1384 —-
524 1358 658 1398 nobiles)
678 1360 732 1388 Mb
753 1360 892 1388 homines
912 1370 981 1388 euin
1001 1361 1039 1398 gl.
1060 1361 1184 1390 nobiles.
1203 1376 1242 1385 —-
1279 1360 1461 1400 ualuissent)
1488 1362 1526 1399 23
1547 1363 1739 1391 maluissent.
1757 1377 1797 1383 -
1834 1358 1976 1400 prolatis)
1998 1360 2046 1388 La
2065 1369 2134 1387 eum

251 1412 289 1449 gl.
309 1412 445 1445 collatis,
466 1410 511 1437 Le
533 1413 563 1436 et
582 1408 614 1436 H
632 1409 761 1436 collatis.
780 1423 818 1429 -—
856 1407 898 1445 et)
918 1409 980 1445 Ma,
999 1409 1040 1444 D,
1061 1414 1092 1438 et
1112 1409 1144 1437 H
1166 1419 1231 1445 om,
1251 1416 1298 1438 set
1317 1408 1348 1436 D
1369 1408 1462 1437 habet
1482 1408 1514 1436 in
1535 1419 1626 1447 marg.
1647 1414 1681 1438 ut
1701 1410 1822 1438 ins..-·
1860 1414 1952 1447 atque
1971 1406 2083 1435 humili
2097 1420 2136 1428 —-

252 1459 329 1498 quin
350 1456 460 1495 omnis)
481 1457 523 1484 Pa
542 1466 602 1484 om.
622 1470 661 1475 -
699 1455 900 1494 conuersum)
920 1457 962 1484 Pe
983 1466 1142 1492 conuersa,
1164 1457 1188 1485 C
1207 1468 1347 1485 censura.
1366 1472 1406 1478 —
1443 1456 1552 1495 fuerit)
1572 1457 1622 1484 Sic
1643 1457 1678 1493 Β,
1698 1458 1736 1493 Ε,
1758 1459 1819 1493 Ma,
1838 1458 1904 1492 Mb,
1923 1457 1979 1491 La,
1999 1454 2059 1491 Lb,
2079 1452 2137 1488 Le,

252 1509 301 1542 Pa,
322 1506 377 1540 Pb,
397 1506 438 1540 D,
459 1505 498 1540 O,
520 1504 558 1539 G,
579 1505 641 1539 Bu,
662 1503 697 1537 C,
717 1504 758 1538 II,
781 1504 810 1538 S,
830 1514 857 1537 ς,
879 1513 926 1541 χι,
947 1504 973 1539 3,
994 1508 1025 1531 et
1046 1503 1106 1540 F13
1127 1504 1160 1532 in
1183 1504 1212 1532 G
1231 1504 1362 1543 margini
1383 1504 1444 1532 ads.
1462 1515 1494 1533 se
1512 1504 1633 1533 adiecto
1653 1506 1791 1540 „ct-ilicem
1809 1504 1907 1533 ceteri
1925 1514 1956 1532 se
1967 1503 2080 1541 faerit.
2099 1516 2137 1524 -

326 1552 404 1591 sere)
425 1553 596 1581 Serum-unt
616 1552 639 1579 Β
661 1556 692 1579 et
711 1551 747 1578 E.
768 1565 805 1571 —
843 1550 1004 1590 innocens)
1024 1551 1055 1579 H
1076 1562 1195 1580 noc-ens.
1213 1566 1253 1572 —-
1291 1551 1451 1590 repudiata
1469 1551 1541 1590 fuit)
1560 1551 1587 1580 E
1609 1553 1777 1589 repudiata
1797 1558 1848 1581 est.
1863 1567 1901 1573 —
1940 1549 2135 1589 Sed—plu—

254 1603 296 1631 ris
317 1602 389 1639 fuit)
409 1601 438 1628 D
460 1611 526 1635 om,
550 1604 597 1627 set
617 1598 709 1627 habet
729 1598 763 1626 in
782 1607 871 1635 marg.
897 1604 931 1627 ut
951 1599 1025 1627 ins..
1045 1615 1084 1620 -
1121 1597 1195 1637 suit)
1221 1599 1271 1628 Lb
1284 1600 1398 1638 ficet-il.
1417 1614 1457 1620 —
1493 1597 1600 1637 sicuti)
1627 1599 1677 1627 Sic
1696 1599 1722 1628 B
1743 1604 1774 1628 et
1794 1599 1838 1636 E;
1872 1599 1969 1629 ceteri
1988 1600 2079 1627 sieut.
2098 1613 2135 1620 —

256 1649 332 1687 noli)
352 1649 413 1681 Ma,
433 1649 489 1683 Lc,
514 1649 555 1683 D,
576 1652 607 1675 ct
622 1654 648 1684 ψ
663 1647 761 1681 nolis,
782 1650 828 1674 set
843 1645 875 1673 111
891 1646 920 1673 D
937 1657 952 1673 s
966 1646 1089 1685 punctis
1104 1646 1249 1674 cinctum.
1265 1662 1304 1668 --
1322 1646 1476 1683 malueris,
1496 1646 1672 1674 desiderare
1687 1647 1727 1683 id,
1749 1646 1842 1686 quod)
1862 1647 1907 1676 Pb
1922 1652 1952 1675 et
1967 1647 2009 1675 Pe
2028 1655 2086 1674 om.
2097 1658 2137 1667 —-

329 1696 476 1735 primum)
505 1698 552 1725 La
570 1705 639 1724 cuni
660 1694 699 1733 gl.
715 1695 825 1731 primo.
845 1709 883 1715 ·—
921 1693 1129 1733 existimarer)
1158 1695 1188 1722 D
1209 1696 1392 1730 extimarer,
1425 1704 1461 1732 χι
1489 1695 1664 1730 existimer,
1698 1702 1725 1732 ψ
1745 1697 1944 1724 existimaret.
1963 1708 2001 1715 —-
2040 1691 2135 1731 quod)

260 1745 283 1772 C
305 1751 346 1772 nt.
365 1760 403 1764 —
442 1744 577 1782 primuni
600 1742 657 1781 est)
677 1743 717 1770 Pa
732 1743 872 1778 primum
883 1741 1015 1780 fiala—
1052 1740 1104 1780 iis)
1125 1742 1181 1778 Pb,
1201 1742 1253 1777 Pe,
1273 1742 1313 1778 D,
1334 1747 1365 1770 et
1385 1751 1419 1780 χι
1443 1744 1490 1777 is;
1509 1742 1562 1770 Ma
1581 1741 1683 1771 huius,
1698 1757 1736 1763 —
1773 1742 1865 1771 debet
1885 1752 1949 1771 esse
1970 1740 2136 1778 iucundus)

260 1794 311 1820 Mc
340 1792 488 1820 ioemzdus
515 1801 576 1820 esse
602 1790 709 1824 debet,-
744 1788 767 1817 C
790 1789 895 1818 debuit
923 1801 984 1819 esse
1005 1790 1168 1820 iucundas.
1186 1805 1226 1811 -—
1264 1788 1422 1828 dignitati)
1443 1795 1470 1827 ψ
1490 1789 1682 1827 dignitatem.
1701 1805 1739 1813 --
1777 1789 1874 1829 dedit)
1893 1791 1945 1819 Ma
1966 1793 1997 1817 et
2016 1789 2064 1817 La
2083 1788 2137 1817 de-

261 1839 348 1866 derit.
369 1854 406 1859 —

340 1886 374 1914 C.
396 1886 488 1914 XXI.
510 1885 536 1926 §.
557 1887 603 1915 51„
623 1884 726 1924 etiam)
745 1895 763 1917 ς
783 1886 873 1913 enim.
891 1899 930 1905 ·-
968 1884 1165 1924 imaginibus)
1192 1885 1223 1913 D
1244 1886 1279 1914 in
1298 1884 1472 1923 magnihHS.
1490 1899 1528 1907 —-
1564 1883 1637 1923 ista)
1657 1886 1718 1921 Ma,
1737 1885 1802 1920 Mb,
1822 1886 1884 1921 Mc,
1903 1885 1959 1920 La,
1980 1889 2010 1912 ct
2029 1885 2076 1913 Le
2096 1885 2137 1912 il-

262 1936 301 1963 la.
321 1949 358 1955 —
395 1932 497 1971 atque)
518 1934 559 1962 1³1
583 1935 679 1972 alqui.
698 1948 736 1954 —
774 1943 848 1960 caue
868 1932 985 1971 potius)
1006 1933 1122 1961 Graeni
1143 1943 1211 1961 mss.
1232 1932 1266 1961 in
1286 1931 1325 1961 U.
1346 1933 1385 1961 L.
1400 1935 1507 1970 polius
1527 1943 1612 1968 caue,
1631 1938 1754 1971 praeter
1773 1933 1833 1969 F1‚
1864 1933 1916 1972 qui
1936 1943 2005 1960 cum
2025 1932 2136 1960 ceteris

264 1981 426 2010 consentit.
446 1994 483 2000 -·
521 1980 656 2020 querela)
676 1991 694 2013 ς
714 1980 877 2019 querenda.
891 1995 931 2001 —
967 1979 1225 2020 reprehendatur)
1245 1982 1297 2009 Mc
1317 1980 1591 2018 reprehendantur.
1604 1995 1642 2002 —
1680 1979 1854 2018 Claudium)
1873 1982 1946 2008 Mss.
1968 1979 2084 2008 Graeui
2104 1979 2137 2008 in

266 2029 306 2057 U.
327 2030 364 2057 L.
387 2033 419 2056 et
439 2028 475 2066 23
496 2029 642 2056 Clodium.
661 2043 700 2049 ·—-
738 2028 813 2057 uiuo
840 2028 940 2068 patre)
966 2029 1010 2057 Pb
1032 2034 1062 2057 et
1081 2029 1123 2057 Pe
1144 2030 1253 2057 uiuum
1267 2034 1369 2065 patre.
1388 2042 1426 2050 -·
1465 2027 1541 2066 ciui)
1570 2027 1621 2056 Sic
1641 2028 1676 2063 B,
1696 2027 1733 2063 E,
1753 2029 1814 2063 Ma,
1834 2029 1899 2063 Mb,
1920 2029 1981 2063 Mc,
2001 2029 2057 2064 La,
2076 2028 2136 2063 Lb,

266 2078 324 2111 Le,
344 2078 393 2109 Pa,
414 2075 468 2109 Pb,
489 2075 540 2110 Pe,
560 2075 600 2110 D,
622 2076 659 2111 (⁷),
681 2076 720 2112 G,
740 2077 791 2105 ΒΓ,
811 2087 828 2104 a
847 2087 894 2115 pr.
913 2086 1020 2112 manu,
1040 2086 1085 2115 χι,
1106 2080 1137 2104 et
1154 2076 1188 2111 33
1209 2075 1307 2104 ceteri
1325 2077 1402 2104 ciue.
1421 2090 1460 2096 -·
1498 2073 1641 2113 Claudio)
1661 2075 1712 2110 Pe,
1731 2074 1772 2110 D,
1794 2075 1832 2110 Ο,
1863 2075 1901 2111 G,
1928 2076 1991 2111 Biz,
2018 2080 2049 2104 et
2068 2086 2137 2110 mss.

269 2123 384 2152 Graeui
405 2123 519 2151 Clodio.
533 2138 570 2144 —·
609 2122 763 2152 hominem
783 2124 896 2152 51111-
909 2123 1001 2162 uidit)
1021 2133 1055 2162 χι
1078 2134 1136 2152 om.
1150 2138 1189 2144 —
1226 2120 1417 2161 Uolcatium)
1436 2122 1462 2150 E
1483 2123 1671 2157 uoloni-ium,
1692 2122 1716 2150 C
1742 2123 1926 2152 Uoltaclum.
1941 2139 1978 2145 ——
2016 2123 2048 2152 in
2068 2124 2138 2162 ista)
2175 2155 2178 2157 Α

268 2172 293 2199 E
315 2176 345 2199 et
366 2170 459 2199 Prisc.
481 2180 509 2207 p.
530 2169 592 2197 614.
613 2172 674 2197 ista
692 2173 745 2202 in:
770 2173 810 2201 Pa
829 2174 901 2200 ista.
920 2186 958 2192 —
996 2170 1232 2210 offensiuncula)
1249 2171 1273 2200 C
1293 2170 1521 2210 offensiuncula
1541 2179 1614 2197 una.
1633 2183 1671 2189 ·—
1709 2179 1773 2197 esse
1793 2169 1938 2210 honores)
1964 2172 2017 2200 Ma
2042 2171 2138 2199 hono-

267 2230 316 2248 res
335 2229 406 2248 esse.
425 2232 464 2238 --
501 2215 638 2254 adeptos)
658 2218 696 2254 23
716 2219 835 2256 mleplo,
855 2235 892 2240 —

340 2265 387 2305 P.)
413 2275 448 2303 χι
472 2270 573 2301 [mter.
592 2279 630 2284 —-
668 2264 808 2304 Nasicae)
834 2267 881 2294 La
904 2266 1035 2296 Nasica.
1053 2282 1093 2288 -—
1130 2264 1334 2307 praedicaret)
1358 2275 1377 2297 ς
1396 2264 1591 2302 praedicare.
1609 2278 1647 2286 ·—-
1687 2263 1768 2303 ciue)
1794 2266 1823 2293 D
1853 2271 1884 2294 et
1908 2267 1947 2304 χ3
1973 2268 2080 2294 ciuem.
2100 2281 2138 2288 -

267 2312 474 2343 aedilitatibus
494 2310 648 2350 repulsus)
675 2311 725 2338 sic
746 2312 789 2347 123
816 2323 833 2344 ς
853 2315 1026 2343 aedilitatis
1053 2317 1209 2353 acceptis,·
1243 2312 1340 2343 ceteri
1358 2313 1531 2340 aedilitatis
1562 2313 1696 2348 acceptis
1722 2314 1862 2348 repulsis.
1879 2329 1918 2334 —
1954 2319 2001 2343 est
2027 2314 2136 2351 sactus)

271 2363 313 2389 La
333 2366 364 2389 et
384 2359 433 2387 Lb
447 2359 559 2397 sactus
579 2366 642 2392 esl5
664 2358 832 2396 Csactus;
852 2361 889 2398 23
909 2372 971 2390 esse
986 2362 1110 2400 factus.
1129 2378 1166 2383 —
1206 2361 1262 2391 Cn.
1285 2360 1422 2398 Octauii)
1440 2361 1492 2388 Ma
1507 2369 1563 2396 gn.
1583 2366 1710 2399 colony,
1739 2361 1762 2388 C
1785 2361 1836 2389 Cn.
1859 2362 1998 2399 Optauii.
2020 2377 2057 2384 -—-
2092 2362 2136 2390 M.

269 2407 382 2445 Tullii)
403 2407 455 2435 Me
476 2413 503 2434 et
524 2407 572 2435 M.
598 2407 714 2439 Tulli&
735 2407 772 2444 753
793 2412 822 2435 et
843 2407 924 2436 Pith.
945 2419 1002 2437 om.
1023 2424 1060 2430 -
