2264 2746
0 2441 2 2497 κ

0 2498 4 2568 1,

0 2571 6 2650 ξ

0 2651 8 2746 i

759 104 785 134 c
805 103 834 133 A
855 104 896 135 P.
934 104 1096 134 XXXIV.
1115 102 1143 143 ς.
1163 108 1210 136 ss.
1868 112 1922 138 213

49 181 152 214 multi
175 181 386 220 incitarcmt,
423 186 462 213 ut
483 180 522 212 ad
547 185 601 221 ea‚’
634 189 719 222 quae
742 178 783 211 de
805 179 949 223 pristino
969 179 1111 222 Pompei
1134 179 1269 211 silentio
1294 178 1464 219 diximus,
1493 179 1727 222 adiungantur.
1772 180 1920 212 Ubinam

48 233 153 276 igitur
176 240 268 265 tanta
290 234 382 266 illius
406 235 569 277 epistulae
591 232 786 273 insolentia,
823 244 908 275 quae
932 239 1009 276 post
1039 231 1298 274 quadriennium
1322 232 1466 275 denique
1489 238 1685 275 erupturam
1709 232 1921 265 inimicitiam

48 286 246 329 pepererit?
293 287 382 317 Nam
406 298 490 328 quae
515 287 556 317 de
576 286 715 318 subdolo
739 286 886 328 quodam
912 292 1066 327 tectoque
1093 284 1232 316 homine
1258 284 1415 316 dicuntur
1438 285 1464 316 Ι.
1487 284 1529 316 ad
1551 285 1626 317 Att.
1654 285 1719 324 15„
1742 295 1921 327 perperam

48 339 90 370 de
113 339 277 381 Pompeio
300 339 494 370 Manutium
516 339 667 381 aliosque
689 339 904 382 intellegere,
927 345 977 370 tot
998 339 1137 370 aduersa
1160 350 1244 380 quae
1265 337 1446 369 adtulimus
1470 337 1662 369 testimonia
1682 337 1921 369 demonstrant.

49 391 161 423 Sensit
183 392 399 431 Tunstallus,
447 399 479 424 et
502 392 536 423 in
566 392 790 424 seuerissuma
816 392 858 423 ad
880 391 1139 424 Middletonium
1169 390 1312 433 epistula
1342 402 1376 433 p.
1400 391 1450 421 56.
1476 391 1519 432 Q.
1544 390 1766 422 Hortensium
1793 390 1923 432 signifi—

48 443 116 474 cari
139 451 276 486 optume
298 444 423 475 docuit.
466 444 548 476 Fuit
573 444 711 475 omnino
741 445 800 476 illa
822 444 1038 476 inimicorum
1062 443 1247 482 calumnia,
1287 454 1432 484 quorum
1458 443 1599 475 stultitia
1628 443 1673 474 ita
1696 455 1772 474 cum
1794 443 1923 485 iniqui-

48 501 116 527 tate
139 497 303 537 certabat,
335 504 373 528 ut
395 496 539 536 nescias,
568 503 730 528 utrumne
751 497 857 539 magis
885 497 1076 536 laederent,
1108 496 1307 527 Ciceronem
1332 507 1374 526 an
1399 495 1611 538 Pompeium.
1658 496 1852 528 Siinillnma
1874 502 1923 527 est

47 548 130 587 alia,
172 561 273 591 quam
297 549 332 580 in
355 549 468 580 l‘ison.
493 560 520 580 c.
545 560 595 592 29.
619 549 690 592 ipse
715 551 834 581 Cicero
857 549 1029 581 refutauit.
1073 548 1220 580 Dixerat
1243 549 1333 579 enim
1355 547 1454 579 huius
1484 549 1695 580 consulatum
1720 549 1922 580 conlaudans

46 602 90 633 L.
115 601 212 633 Piso:
244 614 310 633 non
335 602 399 633 illa
426 601 490 633 tibi
512 602 649 634 inuidia
672 603 805 641 nocuit,
828 607 879 634 set
901 615 1023 634 uersus
1048 602 1120 633 tui:
1151 602 1325 644 scripsisti
1349 602 1459 640 enim,
1485 602 1614 634 Cedant
1636 614 1736 634 arma
1760 608 1861 644 togae
1881 618 1923 624 —

48 660 129 686 tuae
151 655 239 686 elicis
263 660 365 697 togae
387 666 557 686 summum
583 656 814 698 inperatorem
836 667 907 687 esse
930 666 1115 687 cessurum.
1159 653 1294 685 Deinde
1317 661 1394 697 post
1419 655 1527 686 multa
1552 666 1579 685 c.
1604 655 1673 686 50.:
1708 655 1786 687 Hoc
1810 661 1923 685 tamen

46 706 223 749 intellegi,
257 707 438 747 scelerate,
472 708 548 747 uis,
579 708 784 751 Pompeium
815 708 996 739 inimicum
1021 707 1108 738 milli
1141 707 1207 737 isto
1234 718 1337 738 uersa
1367 719 1438 739 esse
1456 706 1600 750 factum.
1609 720 1620 747 3
1658 714 1714 746 ut,
1747 708 1778 738 si
1802 718 1923 738 uersus

46 760 134 791 milii
156 760 333 798 nocnerit,
355 760 397 792 ab
420 772 475 798 eo,
499 773 597 804 quenz
620 762 650 793 is
673 773 796 793 uersus
820 759 1021 804 offenderit,
1053 760 1218 791 uideatur
1240 761 1328 792 milti
1343 761 1517 803 pernicies
1544 773 1615 793 esse
1638 760 1806 805 quaesita.
1851 758 1924 788 To-

47 817 122 842 tum
145 811 224 842 uide
245 812 375 844 locum:
406 823 483 843 nam
508 814 765 856 responsionem
787 823 921 844 necesse
944 823 1013 842 non
1037 818 1103 851 est,
1127 824 1162 844 re
1186 812 1253 843 iam
1275 812 1441 855 patefacta
1465 812 1664 845 describere.
1711 813 1823 853 Quam
1847 810 1924 853 qui-

45 864 121 895 dem
144 876 217 896 rem
240 876 283 896 ex
307 865 459 907 epistulis
482 865 708 906 potissumum
730 864 908 903 dedan-aui,
932 876 974 895 ne
993 876 1068 895 cum
1092 865 1270 897 Tunstallo
1295 866 1317 896 l.
1333 876 1360 898 c.
1383 877 1417 908 p.
1433 865 1485 897 48.
1509 873 1539 897 et
1563 867 1614 897 50.
1637 865 1723 897 mihi
1747 864 1924 906 quisquam

47 917 214 957 obiceret,
242 917 350 948 multa
372 918 408 948 in
431 917 640 948 orationibus
662 916 745 950 falsa
766 916 930 960 temporis
954 918 1189 959 commodique
1212 929 1325 948 caussa
1350 917 1483 948 referri.
1530 920 1674 954 Ornate,
1707 918 1789 948 haut
1812 922 1923 946 tamen

46 969 132 1001 falso
154 970 241 1001 dixit
262 982 324 1013 pro
349 970 450 1002 domo
474 981 500 1000 c·
524 981 591 1001 11.:
616 970 718 1010 Quod
740 972 829 1003 enim
850 981 917 1013 pai·
940 970 1116 1001 amicitiae
1139 971 1332 1003 consularis
1345 968 1427 1012 fuit
1449 982 1611 1013 umquam
1635 971 1671 1002 in
1694 971 1758 1002 hac
1781 970 1924 1001 ciuitate

47 1023 283 1062 coniunctius,
320 1036 424 1067 qnam
437 1023 580 1067 fuimus
607 1024 699 1056 inter·
733 1036 793 1056 nos
816 1034 879 1066 ego
903 1027 934 1053 et
958 1022 1016 1054 Cn.
1039 1022 1252 1067 Pompeius?
1276 1028 1354 1054 etc..
1400 1022 1450 1054 At
1474 1034 1591 1054 ueram
1621 1023 1732 1054 dissidi
1756 1022 1843 1053 inter
1867 1034 1923 1054 eos

48 1076 161 1106 exorti
184 1086 331 1107 caussam
356 1076 508 1116 reticuit,
547 1076 750 1118 culpamque
772 1082 846 1107 tum
869 1073 934 1113 ibi,
970 1080 1044 1105 tum
1067 1085 1130 1116 pro
1154 1077 1247 1107 Sext.
1279 1075 1326 1106 18.
1352 1081 1383 1106 et
1405 1075 1440 1107 in
1464 1076 1530 1106 Pis.
1553 1075 1604 1107 51.
1635 1075 1669 1105 in
1693 1074 1846 1106 homines
1869 1075 1923 1105 in-

46 1127 172 1170 probos
199 1129 351 1160 contulit.
396 1129 480 1160 Erat
503 1128 593 1159 enim
622 1129 763 1168 ueritas,
802 1127 892 1158 uiuis
923 1127 1192 1169 ssorentibusque
1216 1128 1378 1169 Pompeio
1411 1135 1444 1159 et
1470 1129 1628 1167 Caesare,
1667 1127 1921 1166 dissimulanda;

46 1192 157 1222 neque
180 1181 308 1223 publici
334 1181 451 1212 eadem
473 1181 559 1212 ratio
582 1181 747 1213 sermonis
772 1186 822 1212 est
845 1192 930 1222 quae
952 1179 1138 1212 familiaris.
1183 1181 1364 1222 Postquam
1390 1192 1472 1212 uero
1496 1180 1547 1211 illi
1568 1180 1750 1222 perierant,
1774 1182 1816 1212 Il.
1835 1181 1921 1212 Phil.

49 1245 117 1273 10.,
153 1245 252 1265 ausus
282 1241 331 1265 est
364 1234 491 1273 dicere,
532 1234 569 1266 C.
595 1234 745 1266 Caesaris
776 1244 878 1275 opera
902 1233 1103 1275 Pompeium
1131 1247 1153 1265 a
1183 1246 1245 1265 sua
1273 1233 1530 1276 fimziliaritctte
1550 1233 1670 1276 fuisse
1698 1234 1922 1266 disiunctum.

46 1286 241 1329 Conprobat
271 1287 306 1318 id
331 1287 530 1317 Plutarchus
562 1286 597 1317 in
629 1286 699 1318 Cic.
730 1298 757 1317 c.
789 1287 859 1317 50..
904 1286 968 1318 Illa
998 1286 1161 1318 nimirum
1190 1287 1230 1317 ab
1262 1287 1408 1318 coitione
1438 1286 1579 1327 Pompei
1611 1297 1687 1317 cum
1720 1287 1861 1318 Caesare
1890 1293 1922 1318 et

48 1342 166 1373 Crasso
195 1349 308 1370 caussa
340 1344 389 1369 est
418 1339 616 1380 repetenda,
655 1338 712 1380 qui
735 1350 807 1369 reni
830 1338 1001 1380 publicam
1026 1350 1102 1371 cum
1126 1346 1359 1381 occupassent,
1401 1339 1495 1371 cuius
1521 1339 1780 1371 amantissumus
1804 1339 1921 1370 Cicero

46 1403 181 1435 semper
204 1391 285 1430 fuit,
312 1402 380 1422 non
402 1391 516 1433 potuit
538 1392 626 1422 inter
649 1403 704 1423 eos
727 1391 888 1423 dissensio
911 1403 979 1422 non
999 1393 1170 1434 consequi.
1215 1394 1311 1433 Quae
1334 1392 1496 1434 paulatim
1520 1404 1558 1423 eo
1582 1403 1759 1435 progressa
1782 1397 1848 1431 est,
1872 1398 1920 1430 ut,

46 1457 123 1477 eum
147 1443 335 1488 Pompeius
368 1455 403 1475 se
427 1449 537 1476 totum
560 1444 701 1476 Caesari
725 1446 928 1477 tradidisset
959 1444 995 1485 (l.
1018 1456 1045 1475 c.
1069 1445 1250 1487 Philipp),
1288 1444 1503 1476 simulatione
1534 1445 1679 1486 doloque
1710 1444 1921 1486 interposito,

46 1498 232 1543 perniciem
257 1496 406 1538 denique
428 1497 560 1528 incauto
583 1497 744 1528 adtulerit
775 1503 808 1527 et
830 1497 1020 1529 inmerenti.
1066 1498 1114 1529 Ut
1138 1498 1298 1528 Clodium
1331 1498 1413 1529 uidit
1437 1498 1626 1529 tribunatus
1651 1508 1761 1527 caussa
1784 1497 1821 1526 ad
1845 1497 1921 1539 ple-

46 1553 125 1583 bem
150 1550 360 1589 translatum,
388 1551 511 1582 exarsit
530 1551 647 1582 Cicero
674 1549 856 1587 iracundia,
879 1562 955 1581 cum
978 1556 1088 1580 tamen
1113 1562 1187 1593 spes
1211 1562 1288 1581 enm
1314 1551 1473 1592 quaedam
1498 1550 1580 1581 falsa
1606 1550 1782 1591 deciperet.
1830 1549 1920 1580 Scri-

46 1605 114 1648 psit
137 1604 175 1635 ad
198 1602 353 1635 Atticum
376 1603 429 1642 II,
462 1614 510 1645 9.:
549 1604 589 1635 Si
614 1615 714 1641 uere,
744 1615 830 1646 quae
855 1604 896 1635 cle
917 1616 969 1635 me
993 1609 1098 1647 pacta
1124 1609 1221 1642 sunt,
1253 1616 1291 1635 (a
1315 1616 1380 1634 non
1408 1609 1613 1641 seruantur,
1650 1603 1685 1634 in
1711 1602 1802 1633 caelo
1824 1615 1918 1639 sum.-

48 1664 87 1690 ut
110 1658 198 1689 scint
221 1656 275 1687 llic
298 1661 411 1686 noster
435 1656 754 1698 Ilierosolymarius
782 1656 996 1699 (Pompeius)
1028 1657 1206 1689 traductor
1229 1657 1277 1688 acl
1292 1657 1443 1700 plebem,
1481 1669 1583 1700 quam
1605 1655 1727 1687 bonam
1749 1657 1832 1687 meis
1848 1669 1919 1699 pic-

48 1710 202 1742 tissmnis
225 1708 438 1739 orationibus
461 1710 619 1752 gratiam
643 1709 829 1747 rettulerit,
855 1722 1001 1753 quarum
1025 1715 1165 1753 expecta
1188 1709 1346 1741 diuinam
1366 1709 1584 1753 παλινιμὸἹάν.
1630 1708 1791 1751 Pompeio
1807 1715 1918 1740 tamen

47 1761 217 1794 adiuranti
240 1760 411 1800 credebat,
444 1773 554 1803 neque
578 1762 648 1804 ipse
669 1761 733 1791 sibi
757 1762 941 1802 constabat,
973 1768 1011 1793 ut
1034 1773 1077 1793 ex
1100 1762 1139 1793 iis
1163 1762 1297 1805 epistul.
1321 1763 1374 1800 II,
1399 1773 1449 1793 20.
1475 1768 1535 1792 etc.
1563 1766 1671 1803 patet:
1707 1761 1805 1792 illum
1828 1762 1918 1793 enim

46 1813 179 1858 perdite
201 1814 350 1854 amabat,
374 1820 411 1845 ut
435 1815 530 1857 epist.
556 1826 606 1847 21.
633 1815 704 1857 ipse
726 1814 894 1845 indicauit.
939 1815 1085 1857 Experti
1109 1815 1244 1846 tandein
1271 1814 1381 1856 grauis
1405 1820 1437 1845 et
1459 1814 1662 1856 philosopho
1690 1813 1787 1857 digna
1813 1816 1918 1846 oratio

48 1873 114 1906 est,
139 1866 179 1898 ad
202 1866 347 1898 eundem
368 1868 442 1899 Att.
467 1869 519 1906 X,
544 1868 574 1898 4.
598 1867 678 1898 belli
704 1867 812 1898 ciuilis
836 1867 953 1899 initio:
986 1868 1107 1911 Cogito
1128 1887 1169 1892 —
1194 1869 1278 1912 quic!
1300 1867 1438 1899 intersit
1465 1867 1556 1899 inter
1578 1879 1630 1899 me
1653 1873 1686 1898 et
1708 1868 1809 1907 istos,
1836 1881 1918 1911 qnos

45 1927 188 1965 propter
211 1921 326 1953 omnia
347 1921 527 1953 amisinms
550 1919 764 1962 (Pompeium
786 1926 818 1953 et
840 1921 1042 1962 Caesarem).
1088 1922 1142 1953 Hi
1164 1927 1257 1959 sunt,
1286 1920 1346 1963 qui
1368 1920 1438 1951 nisi
1457 1932 1509 1951 nze
1532 1921 1675 1951 ciuitate
1696 1921 1918 1963 expulissent,

49 1974 199 2006 obtinere
231 1986 265 2005 se
288 1986 353 2005 non
371 1986 473 2017 posse
490 1979 710 2016 putauerunt
735 1974 912 2006 licentiam
943 1976 1176 2019 cupiditatum
1201 1985 1364 2011 suarum,
1395 1984 1540 2015 quorum
1563 1973 1737 2004 societatis
1760 1979 1792 2005 et
1815 1974 1918 2006 scele-

50 2031 148 2058 ratae
171 2027 399 2058 consensionis
414 2026 511 2069 fides
535 2038 600 2070 quo
622 2027 787 2069 eruperit,
809 2028 917 2059 uides.
961 2028 1050 2058 'l'um
1076 2027 1114 2057 de
1138 2026 1318 2069 Pompeio:
1344 2026 1404 2069 qui
1425 2038 1486 2057 nos
1508 2024 1574 2056 sibi
1597 2026 1769 2068 quondam
1791 2026 1839 2057 acl
1853 2038 1918 2069 pe-

49 2080 108 2112 des
134 2084 262 2111 stratos
287 2091 328 2112 ne
353 2079 555 2113 subleuabat
579 2080 732 2122 quidem,
767 2080 827 2122 qni
849 2092 884 2112 se
906 2081 996 2112 nihil
1017 2086 1136 2112 contra
1157 2080 1261 2111 liuius
1287 2077 1464 2121 (Caesaris)
1488 2078 1703 2110 uoluntatem
1725 2078 1838 2111 aiebat
1850 2078 1917 2122 scc-

49 2143 124 2165 cere
145 2143 260 2174 posse.
302 2132 356 2163 De
385 2133 449 2164 hoc
479 2132 619 2174 Pompei
650 2143 813 2174 responso
851 2143 888 2162 ac
917 2132 956 2162 de
984 2132 1158 2173 utriusque
1188 2131 1330 2174 perfidia
1364 2131 1564 2162 notissumus
1594 2130 1715 2162 Dionis
1747 2137 1796 2162 est
1823 2132 1915 2162 locus

49 2184 266 2223 ΧΧΧΥΠΙ,
293 2185 358 2217 15..
404 2185 458 2216 Sic
480 2185 590 2226 itaque
613 2184 724 2227 pergit
751 2184 887 2216 Cicero:
915 2186 1055 2218 Horum
1077 2196 1139 2227 ego
1162 2195 1373 2215 summorum
1396 2184 1633 2226 inperatoriam.
1655 2196 1721 2215 non
1743 2183 1841 2214 modo
1863 2195 1915 2215 res

48 2242 166 2280 gestas
194 2248 260 2268 non
283 2242 451 2280 antepono
474 2239 577 2277 meis,
611 2243 661 2270 set
683 2250 725 2270 ne
738 2237 927 2281 fortunam
957 2239 1093 2281 quidem
1117 2239 1246 2280 ipsam,
1283 2248 1350 2279 qua
1376 2236 1432 2267 illi
1447 2235 1729 2281 florentissuma,
1767 2248 1827 2267 nos
1850 2236 1915 2267 cln-

51 2290 143 2322 riore
165 2289 357 2334 conflictati
378 2291 536 2325 uidemur
560 2296 639 2322 etc..
684 2291 774 2324 Uera
798 2290 898 2332 igitur
930 2291 989 2322 illa
1012 2289 1176 2322 sermonis
1205 2300 1274 2320 non
1296 2288 1395 2320 liberi
1417 2300 1486 2320 uox
1509 2300 1571 2331 pro
1591 2288 1689 2320 domo
1710 2289 1732 2319 l.
1755 2299 1802 2319 c.:
1835 2289 1914 2331 Ego

52 2354 134 2375 uero
156 2354 264 2385 neque
285 2354 337 2374 me
363 2348 436 2376 tum
458 2345 629 2378 desertum
646 2349 756 2387 pute,
797 2349 848 2374 set
871 2356 982 2388 paene
1005 2344 1179 2381 cleaelitzcm3
1216 2353 1364 2384 uereque
1390 2341 1576 2385 προδοσίαν
1602 2341 1693 2372 illam
1715 2341 1913 2372 Plutarchus

51 2394 198 2438 appellat
221 2394 256 2425 in
279 2395 398 2438 Pomp.
423 2408 449 2427 c.
472 2401 543 2439 49..
588 2397 763 2438 Denique,
794 2402 831 2427 ut
859 2396 959 2427 finem
981 2396 1120 2434 faciani,
1151 2396 1177 2425 si
1201 2395 1400 2437 Pompeius,
1436 2406 1638 2437 quamquam
1666 2394 1798 2425 nullum
1822 2394 1913 2425 dedit
