2264 2746
264 114 345 138 VIII
964 102 1412 131 PRAEFATIO.

265 197 354 231 haec
378 195 506 238 uerba,
543 191 632 226 milti
657 197 741 226 sunt
768 188 904 224 iudices
925 187 1057 233 parati
1064 198 1076 229 ,·
1113 185 1250 221 tribuni
1271 186 1323 232 pl.
1345 186 1544 233 permagni
1581 186 1730 222 interest
1765 188 1827 234 qui
1860 187 1944 223 sint.
1997 189 2123 232 Quare

266 276 332 304 aut
360 268 491 309 redde,
529 269 710 301 omittunt.
763 265 835 307 Qui
872 271 991 299 autem
1018 264 1189 296 omittunt
1222 261 1334 294 uerba
1366 262 1445 305 illa,
1487 274 1548 295 eos
1576 263 1692 296 omnis
1726 274 1771 296 ex
1798 263 1921 296 codice
1946 275 2122 311 perquam

268 349 439 388 corrupto
472 354 539 375 nec
571 341 675 374 ualde
709 345 851 373 uetusto
886 339 1058 383 originem
1093 334 1259 378 duxisse,
1307 336 1345 368 in
1379 335 1648 381 prolegomenis
1680 336 1830 382 planum
1862 336 1943 370 seci.
2006 337 2124 385 Atque

267 419 388 463 ipsum
414 416 513 449 illum
539 414 716 455 codicem,
757 414 818 458 qui
843 425 973 458 parens
999 409 1118 442 extitit
1145 408 1338 442 deterioris
1370 409 1466 442 illius
1493 409 1667 453 familiae,
1712 423 1823 455 quom
1849 410 1982 444 ibidem
2008 423 2054 444 ex
2080 424 2123 446 eo

267 491 360 524 libro
386 492 455 523 iam
480 490 551 522 5th
575 487 700 520 uitiato
723 487 950 532 neglegenter
975 482 1199 527 descriptum
1227 493 1305 514 csse
1332 482 1538 526 docuerim,
1566 484 1667 517 cuius
1695 484 1859 516 nondum
1884 484 2002 517 uitiati
2028 486 2121 519 scri-

269 571 396 610 ptume
420 574 484 608 Pm-
509 561 723 594 Bauaricum
750 566 785 594 ct
807 557 1059 589 Erfurtensem
1086 555 1278 600 diligenter
1305 555 1410 589 nobis
1437 562 1602 590 seruatae
1628 562 1728 590 sunt:
1757 556 1863 590 facile
1887 564 2047 602 apparet,
2075 571 2118 593 eo

269 639 387 671 minus
414 649 434 668 a
458 636 579 678 nouis,
620 636 682 680 qui
707 629 875 667 deteriori
902 630 954 663 illi
979 630 1135 664 familiae
1167 630 1382 662 accensendi
1408 631 1498 674 sint,
1538 631 1722 664 codicibus
1749 631 2014 675 expectandum
2040 646 2119 670 esse

269 710 397 752 auxili,
429 721 499 754 quo
525 710 636 754 magis
659 716 703 737 ex
731 705 869 738 cunctis
895 704 985 745 illis,
1021 705 1083 749 qui
1109 703 1225 736 adhuc
1251 703 1405 748 inspecti
1431 710 1531 748 sunt,
1572 704 1813 738 deterioribus
1839 705 2022 741 codicibus
2047 708 2118 744 hoc

269 785 411 828 quidem
438 783 594 823 intessegi
619 784 739 823 potest
763 783 869 824 atque
894 779 984 811 adeo
1011 778 1279 821 intellectumst,
1308 777 1509 811 cuiusmodi
1535 779 1733 823 scripturae
1758 778 1797 811 in
1813 791 1855 812 eo
1881 779 1986 823 libro,
2014 794 2121 827 quem

268 856 458 890 deterioris
483 852 635 886 familiae
660 858 848 897 parentem
876 852 968 895 dixi,
1009 852 1206 885 extiterint.
1258 851 1342 885 Hoc
1367 863 1483 885 unum
1508 851 1644 897 aliquid
1678 853 1858 886 commodi
1883 852 2049 899 haberet,
2089 857 2120 905 si

268 931 347 975 quis
381 930 497 971 ips-um
530 925 631 959 illum
666 927 844 969 codicem,
884 937 929 959 ex
962 937 1032 971 quo
1060 926 1259 958 deteriores
1287 925 1429 958 codices
1465 931 1565 959 ortos
1599 926 1707 959 modo
1740 927 1886 970 monui,
1928 930 2118 973 reperiret.

268 1003 364 1036 Tum
391 1000 487 1033 enim
514 1000 630 1033 omnis
656 1000 716 1033 illa
739 1000 937 1033 lectionum
964 1000 1139 1043 uarietas,
1179 1011 1271 1044 quae
1303 1012 1349 1032 ex
1374 1000 1418 1032 iis
1445 1004 1638 1043 enotatast,
1680 1000 1772 1033 abici
1804 1006 1938 1046 posset.
1989 1002 2120 1036 Nullus

265 1079 384 1107 autem
419 1085 464 1106 ex
495 1074 539 1106 iis
571 1073 672 1106 libris
704 1085 813 1107 manu
843 1074 1006 1119 scriptis,
1059 1086 1214 1119 quorum
1248 1074 1417 1119 equidem
1454 1073 1621 1108 notitiam
1654 1073 1787 1117 habeo,
1837 1086 1905 1120 pro
1932 1074 2034 1110 fonte
2058 1076 2120 1109 illo

265 1146 393 1180 haberi
414 1152 542 1191 potest.

364 1220 576 1254 Editionum
612 1221 841 1266 antiquarum
872 1227 913 1256 ut
943 1222 1079 1255 nullam
1112 1223 1150 1255 in
1183 1228 1356 1268 apparatu
1389 1222 1513 1256 critico
1548 1222 1773 1256 mentionem
1805 1222 1979 1256 inicerem
2005 1224 2121 1258 ratio-

265 1305 422 1340 nemque
446 1294 635 1337 haberem,
662 1295 747 1328 inde
772 1296 958 1339 factumst,
997 1297 1094 1342 quod
1121 1297 1298 1330 editiones
1325 1297 1402 1330 illas
1429 1297 1547 1330 omnis
1575 1308 1621 1330 ex
1646 1296 1812 1330 codicum
1837 1297 1992 1331 istorum
2017 1297 2123 1332 dete-

265 1369 404 1401 riorum
429 1367 500 1400 fide
526 1368 719 1401 recensitas
744 1369 1005 1403 intellexeram.
1058 1370 1182 1415 Itaque
1210 1371 1295 1404 satis
1322 1376 1377 1404 est
1402 1370 1472 1403 hoc
1498 1370 1578 1403 loeo
1604 1371 1809 1414 monuisse,
1844 1371 1981 1404 nullam
2007 1372 2045 1404 in
2072 1372 2123 1405 eis

266 1441 396 1475 bonam
421 1453 616 1486 ueramque
641 1441 834 1476 lectionem
866 1444 1033 1488 reperiri,
1062 1456 1153 1489 quae
1180 1456 1254 1477 non
1284 1456 1329 1478 ex
1355 1444 1551 1487 codicibus,
1578 1456 1734 1489 quorum
1758 1444 1957 1478 lectionum
1983 1445 2124 1479 discre—

265 1515 425 1559 pantiam
460 1516 637 1559 congessi,
681 1521 825 1549 enotata
859 1518 915 1550 sit.
965 1517 1094 1562 quue
1126 1518 1309 1551 minorem
1343 1519 1511 1563 antiquae
1546 1518 1724 1552 editiones
1760 1530 1867 1563 quam
1899 1519 2040 1552 codices
2071 1519 2123 1552 illi

267 1594 353 1632 aput
378 1589 542 1622 criticum
568 1589 818 1623 auctoritatem
845 1591 977 1625 debent
1002 1592 1155 1636 habere,
1183 1604 1253 1637 quo
1281 1592 1394 1636 magis
1421 1604 1441 1625 a
1466 1592 1585 1625 forma
1610 1592 1796 1637 codicum,
1825 1604 1868 1626 ex
1896 1593 2025 1638 quibus
2050 1593 2122 1628 du-

269 1666 343 1694 ctae
369 1668 470 1705 sunt,
496 1662 668 1696 recedere
694 1663 924 1709 mendisque,
961 1677 1051 1710 quae
1077 1665 1115 1699 in
1141 1665 1345 1709 codicibus,
1373 1677 1462 1710 quos
1488 1672 1762 1711 repraesentare
1786 1671 1979 1711 putantur,
2006 1672 2119 1710 erant,

270 1745 315 1767 ex
342 1736 465 1778 quibus
494 1735 578 1769 solis
607 1737 769 1781 cognatio
797 1738 961 1771 codicum
987 1739 1145 1784 perspici
1169 1745 1308 1784 potest,
1350 1740 1519 1774 inmunes
1545 1739 1663 1773 solent
1676 1752 1772 1773 esse.
1822 1740 1913 1773 Eam
1939 1738 1984 1772 ob
2011 1751 2118 1773 caus-

270 1818 344 1840 sam
369 1818 444 1839 non
469 1809 629 1843 dubitaui
656 1823 801 1844 omnem
829 1812 1055 1857 singulorum
1081 1813 1246 1847 codicum
1273 1814 1553 1860 discrepantiam
1585 1815 1787 1858 scripturae
1811 1813 1972 1857 adeoque
1997 1813 2119 1845 mani-

270 1879 382 1912 festos
406 1885 674 1918 amanuensium
702 1897 844 1919 errores
871 1887 908 1919 in
936 1892 1109 1932 apparatu
1135 1888 1260 1921 critico
1287 1888 1472 1921 adnotare.
1525 1889 1709 1922 Certumst
1736 1887 1849 1930 enim,
1883 1886 2120 1920 uehementer

270 1952 345 1986 falli
370 1952 544 1987 lectorum
569 1954 739 1992 iudicium
767 1959 910 2003 debere,
938 1961 967 1993 si
990 1961 1108 1995 bonae
1132 1967 1275 1995 tantum
1301 1963 1556 2008 speciosaeque
1582 1963 1783 2007 scripturae
1808 1971 1854 1993 ex
1876 1959 2025 2006 singulis
2051 1972 2117 1993 co-

272 2025 410 2058 dicibus
444 2027 597 2071 adlatae,
638 2040 776 2066 errores
811 2039 937 2067 contra
970 2047 1010 2067 ac
1035 2035 1167 2068 menda
1198 2034 1430 2068 librariorum
1457 2036 1599 2069 silentio
1625 2035 1836 2069 transmissa
1861 2034 1943 2067 sint.
1994 2033 2120 2080 Itaque

272 2098 382 2131 derisi
406 2099 568 2144 profecto
597 2114 723 2136 eorum
748 2107 1048 2149 reprehensiones
1074 2107 1265 2141 hominum
1293 2109 1493 2153 doctorum,
1520 2110 1581 2154 qui
1597 2121 1713 2155 nuper
1728 2108 1817 2142 mihi
1841 2106 2120 2153 exprobrarunt,

272 2171 368 2217 quod
396 2173 512 2206 omnis
538 2176 732 2220 scripturas
760 2178 865 2212 etiam
890 2182 1080 2215 manifesto
1108 2188 1296 2227 corruptas
1323 2195 1368 2217 ex
1395 2184 1517 2217 codice
1541 2183 1749 2217 Erfurtensi
1782 2181 1960 2216 enotarim
1988 2186 2120 2215 enota-

270 2251 394 2291 tasque
419 2247 515 2291 typis
541 2250 763 2284 recudendas
793 2253 956 2287 curarim.
1009 2255 1325 2298 Quemadmodum
1353 2257 1448 2290 enim
1475 2257 1519 2290 de
1533 2257 1682 2291 homine
1707 2256 1882 2291 nonlicet
1906 2267 2034 2290 uerum
2060 2255 2120 2290 fa·-

272 2331 354 2353 eere
379 2320 572 2362 iudicium,
612 2324 711 2357 euius
737 2325 891 2360 uirtutes
917 2329 1034 2372 noris,
1076 2332 1164 2366 uitia
1191 2333 1355 2377 ignores,
1394 2331 1444 2365 ita
1479 2332 1611 2366 codicis
1639 2331 1735 2377 quod
1759 2332 1805 2366 sit
1829 2331 2006 2377 pretium,
2049 2330 2119 2363 nisi
