2264 2746
241 106 294 133 164
890 93 1465 124 COMMENTARIUS.

242 176 322 207 chus
347 173 495 216 [Didius]
520 179 553 204 et
576 173 613 204 C.
637 170 765 203 Marius
796 169 1069 213 triumpharunt,
1106 175 1140 200 et
1165 168 1237 200 ideo
1261 168 1300 200 ad
1323 181 1473 201 summos
1501 170 1648 202 honores
1672 176 1751 202 sunt
1773 171 1869 209 elati,
1902 179 1952 204 set
1977 174 2055 216 quid
2077 174 2124 205 si—

243 228 323 260 mile
346 227 499 258 Plancius
521 226 603 267 egit,
635 228 673 253 ut
696 222 727 252 ei
750 222 895 253 honores
919 222 1185 254 couinittantur‘?
1231 222 1428 264 Respondet
1449 223 1601 255 Tullius:
1638 225 1719 255 Non
1741 223 1815 254 ideo
1838 223 1891 254 illi
1912 226 2125 267 magistratus

244 287 322 313 sunt
346 280 464 317 creati,
495 278 580 319 quod
604 275 876 316 triumpharunt,
914 281 964 306 set
987 275 1066 317 quia
1088 275 1191 306 creati
1214 280 1293 307 sunt
1314 275 1544 317 magistratus,
1583 275 1674 315 ideo,
1712 275 1791 318 quia
1814 287 1891 307 cum
1913 277 2125 320 magistratus

244 339 369 372 essent,
405 332 489 362 bene
516 340 588 360 rem
612 333 798 370 gesserant,
832 327 1098 370 triumpharunt.
1142 327 1288 370 Propius
1318 328 1442 360 accedit
1466 329 1505 360 ad
1531 328 1692 360 editiones
1717 335 1750 360 et
1770 329 1853 361 alios
1876 329 1981 361 libros
2004 329 2130 362 Erfur-

244 386 362 418 tensis:
394 383 492 427 qmzsi
515 394 596 414 uero
620 381 700 418 isti,
731 393 814 424 quos
838 393 1087 419 conmemoraS,
1110 387 1299 425 propterea
1321 383 1436 425 magis
1461 383 1544 423 [non
1567 382 1613 413 ita
1635 382 1770 422 scribit,
1800 389 1852 414 set
1873 394 2010 426 magg„
2042 383 2129 424 quod

244 446 293 471 est
316 441 511 468 consuetum
533 433 626 465 uocis
649 435 880 477 magistratus
906 434 1157 475 conpendium]
1182 436 1354 478 ceperint,
1382 436 1475 478 quod
1497 436 1760 479 trizmzpharuut
1783 436 1912 476 [scribit
1936 436 2132 478 triumpha-

245 492 350 532 rant-l.
395 487 610 529 Legendum:
634 487 865 529 magistratus
890 488 1061 530 ceperint,-
1097 485 1271 523 (ι’ντίθεσις
1292 487 1437 519 ostendit
1460 487 1588 529 liquido
1611 488 1658 519 sie
1680 489 1852 533 scripsisse
1872 487 2039 520 Tullium.
2083 487 2133 519 Hi

244 555 312 575 11011
336 546 499 583 ceperunt
520 539 750 582 magistratus,
784 540 872 581 quod
896 540 1169 582 triumpharunt,
1207 547 1257 571 set
1281 540 1359 582 quia
1385 547 1549 582 ceperunt
1573 542 1805 583 magistratus,
1837 542 1926 578 siue,
1957 546 1995 570 ut
2018 539 2134 581 loqui·-

245 603 315 631 tur,
341 594 419 635 quia
441 593 481 624 iis
505 592 663 623 conmissi
686 598 764 623 sunt
786 592 1016 634 magistratus,
1049 604 1086 623 re
1110 593 1195 623 bene
1217 599 1306 634 gesta
1330 593 1597 636 triumpharunt.
1622 595 1830 626 GRAEL‘IUS.
1877 594 2023 635 Uolgata
2048 592 2135 624 scri-

245 654 344 690 ptura
377 646 573 689 [propterea
603 646 717 688 magis
746 643 1007 687 laudcjuerint
1030 646 1149 689 (ligni,
1189 647 1281 690 quod
1310 647 1588 690 triumpharunt]
1620 647 1746 689 partim
1778 647 1909 689 egregie
1939 652 2084 678 sanatast
2115 656 2135 677 a

246 699 412 737 Graeuio,
450 698 576 741 partim
602 699 716 740 aliquo
739 699 839 729 modo
863 698 903 728 ab
928 697 1066 730 Ursino.
1112 701 1201 731 Nam
1225 699 1422 742 intellegere
1454 711 1508 731 me
1530 700 1681 730 nondum
1706 711 1804 743 posse
1827 699 2009 739 confiteor,
2047 711 2136 741 quo-

246 753 344 784 modo
370 751 556 789 Graeuius,
595 751 653 792 qui
683 751 749 782 loci
781 751 983 782 sententiam
1011 752 1132 794 procul
1159 752 1260 783 dubio
1291 752 1485 795 perspexit,
1521 752 1592 784 eius
1623 754 1764 784 alteram
1794 753 1978 784 sententiae
2000 759 2135 795 partem

246 812 323 848 apte
346 817 382 836 ae
408 804 551 835 dilucide
573 804 624 835 his
648 804 761 834 uerbis
788 803 935 846 exprimi
958 803 1002 835 sit
1023 805 1223 836 arbitratus:
1262 811 1294 836 et
1312 817 1400 843 non,
1433 805 1516 848 quia
1538 807 1700 838 conmissi
1720 812 1801 838 sunt
1825 806 1869 837 iis
1891 806 2136 849 magistratus,

247 860 283 891 iu
307 858 430 902 quibus
452 870 488 889 re
511 857 591 889 bene
610 863 712 900 gesta
735 858 1003 900 triumpharent.
1047 859 1188 895 Nonne,
1229 858 1317 899 quod
1340 858 1539 900 praecessit,
1576 858 1747 890 subaudiri
1770 858 1922 898 uidetur,
1951 864 1989 889 ut
2011 858 2071 897 sit,
2103 865 2137 891 et

248 924 313 943 non
337 912 568 953 magistratus
598 910 766 953 ceperint,
803 910 885 952 quia
914 911 1074 942 conmissi
1103 917 1184 942 sunt
1213 912 1258 942 iis
1286 912 1542 954 magistratus?
1591 911 1802 953 [Necessario
1826 911 1866 941 ad
1888 912 1992 943 uerba
2014 917 2047 944 et
2069 923 2137 943 non.

249 975 292 995 ex
316 964 451 1005 uolgata
473 963 640 1005 scriptura
670 961 845 992 referenda
874 969 953 993 suut
977 975 1029 1001 ea,
1071 974 1154 1004 quae
1177 963 1402 995 subaudienda
1426 964 1631 996 Garatonius
1661 964 1766 1005 dicit.]
1813 964 1902 1005 Quid
1927 970 2041 995 autem
2063 963 2138 994 lieri

249 1022 361 1059 potest
383 1016 581 1047 absurdius?
627 1016 748 1056 Neque
771 1015 875 1045 ullam
900 1016 1113 1057 probabilem
1136 1015 1303 1046 rationem
1330 1016 1445 1056 uideo,
1487 1028 1552 1058 qua
1582 1017 1686 1048 uerba
1713 1017 1910 1058 pertraham
1938 1017 1977 1048 ad
2000 1022 2139 1049 senten-

253 1071 350 1104 tiam,
376 1080 459 1111 quae
483 1074 542 1107 est,
567 1074 599 1100 et
622 1080 686 1099 non
713 1068 977 1110 triumphcffint,
1005 1069 1087 1111 quia
1110 1073 1184 1106 ete.;
1211 1080 1321 1110 neque
1347 1069 1431 1099 aliut
1453 1075 1563 1100 statuo
1590 1070 1743 1112 uolgatae
1769 1070 1820 1100 illi
1843 1080 2019 1112 pessumae
2043 1080 2140 1099 caus-

251 1134 319 1154 sam
342 1122 477 1160 dedisse,
502 1132 603 1163 quam
627 1121 716 1151 huuc
742 1121 777 1150 111
803 1120 885 1151 Msis
912 1120 1159 1162 antiquioribus
1181 1121 1306 1152 nodum
1330 1127 1363 1152 et
1387 1133 1550 1152 errorem.
1594 1124 1683 1154 Nam
1707 1128 1797 1152 certe
1819 1122 1920 1153 silent
1942 1122 1997 1154 hic
2021 1133 2138 1153 omnes

252 1181 386 1218 praeter
412 1174 592 1211 Ursiuumg
617 1172 709 1203 euius
738 1173 871 1214 quidem
896 1172 999 1203 codex
1021 1172 1099 1203 111110
1122 1174 1275 1204 medetur
1298 1174 1512 1205 incommodo
1537 1175 1718 1213 exhibens,
1743 1176 1779 1206 in
1803 1175 1847 1206 iis
1870 1187 1906 1206 re
1928 1175 2009 1208 hene
2033 1181 2136 1218 gesta

254 1227 525 1270 triumpharint.-
548 1231 599 1256 set
621 1236 741 1267 parum
764 1225 816 1255 illi
839 1224 979 1264 confido,
1005 1231 1038 1256 et
1052 1237 1170 1256 manus
1193 1226 1228 1256 111
1243 1237 1281 1257 00
1304 1227 1392 1258 libro
1417 1227 1653 1259 emendatrices
1676 1227 1876 1269 adgnoscere
1898 1229 1984 1260 mihi
2005 1228 2135 1259 uideor.

254 1282 376 1313 Nescio
400 1291 502 1317 uero,
535 1289 577 1309 an
600 1278 646 1309 ita
668 1284 815 1320 praestet
838 1278 969 1320 legere:
1007 1285 1039 1311 et
1061 1291 1128 1310 non
1152 1280 1312 1311 conmissi
1333 1280 1402 1311 sint
1425 1281 1469 1311 iis
1493 1282 1742 1324 magistratuS,
1776 1281 1812 1313 in
1836 1281 1958 1324 quibus
1981 1287 2062 1321 etc.,
2095 1292 2140 1312 an

254 1334 321 1365 sint
343 1333 447 1363 uerba
468 1332 544 1371 illa,
584 1332 619 1363 in
645 1331 786 1374 quihus,
824 1332 978 1371 delenda,
1020 1338 1053 1362 et
1079 1331 1118 1362 ab
1146 1331 1272 1363 Ursino
1302 1332 1503 1363 sumendum
1526 1333 1670 1375 aliquid,
1713 1340 1751 1364 ut
1772 1333 1971 1365 habeamus:
2006 1340 2038 1366 et
2061 1346 2141 1373 non,

255 1387 335 1430 quia
361 1386 521 1417 conmissi
543 1390 625 1416 sunt
648 1385 692 1416 iis
714 1386 957 1428 magistratus,
981 1398 1017 1418 re
1039 1385 1120 1417 bene
1141 1391 1243 1428 gesta
1267 1386 1529 1429 triumpharint.
1575 1386 1709 1419 Ueritas
1733 1392 1782 1417 est
1804 1386 1911 1417 adhuc
1933 1397 1952 1417 a
1974 1386 2057 1418 Msis
2078 1398 2143 1418 ex-

254 1438 426 1481 pectanda.
465 1438 725 1469 GARATONIUS.
770 1438 862 1469 Idem
888 1438 923 1468 in
949 1438 1048 1469 Curis
1073 1438 1145 1469 Sec.
1170 1439 1250 1469 haec
1272 1439 1423 1470 monuit:
1463 1439 1534 1477 „In
1556 1439 1676 1470 Bauar.
1696 1444 1884 1482 propterea
1906 1450 2026 1482 magg.
2048 1451 2143 1482 cepe-

256 1494 346 1530 rint,
385 1492 476 1535 quod
499 1491 770 1534 triumpharant.
815 1490 875 1521 Est
902 1490 1007 1532 igitur
1029 1491 1094 1522 hoc
1117 1490 1217 1522 etiam
1241 1491 1323 1521 duce
1346 1502 1423 1521 cum
1446 1490 1666 1522 Lallemando
1693 1491 1764 1522 siue
1790 1491 1999 1523 dubitatione
2025 1491 2144 1533 legen-

255 1545 351 1583 dum,
387 1545 657 1587 triumpharant.
700 1545 822 1585 Neque
845 1543 943 1574 aliter
965 1543 1030 1574 duo
1055 1555 1190 1585 quoque
1214 1544 1427 1575 Oxonienses
1463 1545 1511 1586 [et
1533 1542 1634 1582 Erf.].
1679 1543 1800 1575 Altera
1821 1556 1898 1586 pars
1928 1544 2087 1575 mendosa
2107 1544 2145 1575 111

258 1597 414 1629 omnibus
438 1597 533 1628 libris
558 1603 623 1636 est,
648 1603 695 1628 set
721 1596 755 1627 111
780 1596 963 1629 Ursiniano
988 1596 1118 1635 minus:
1143 1608 1186 1628 ex
1210 1608 1277 1639 quo
1304 1596 1505 1628 sumendum
1528 1601 1586 1634 est,
1611 1596 1882 1639 triumpharint,
1905 1603 1943 1628 ut
1964 1597 2142 1628 adiecticiis

257 1650 407 1693 expulsis
430 1650 476 1681 sic
501 1650 645 1692 denique
668 1656 758 1681 totus
781 1650 873 1681 locus
898 1649 1071 1680 emendate
1093 1650 1240 1692 legatur:
1265 1650 1377 1690 Quasi
1398 1662 1480 1682 uero
1503 1649 1581 1686 isti,
1609 1661 1691 1692 quos
1717 1662 1966 1689 commemora-3,
1982 1656 2145 1694 propter-

258 1717 295 1735 ca
320 1704 551 1746 magistratus
575 1704 746 1747 ceperint,
779 1704 870 1747 quod
890 1703 1169 1746 triumpharant,
1202 1709 1235 1734 et
1256 1715 1340 1741 non,
1373 1704 1455 1746 quia
1478 1702 1639 1735 conmissi
1660 1708 1742 1734 sunt
1764 1704 1808 1734 iis
1831 1704 2078 1746 magistratus,
2108 1714 2145 1734 re.

258 1756 338 1787 bene
360 1762 461 1799 gesta
486 1757 747 1800 triumpharint.
793 1756 886 1787 Haec
916 1767 992 1787 mea
1019 1761 1117 1787 uetus
1147 1761 1197 1786 est
1219 1755 1427 1794 emendati03
1469 1762 1520 1787 set
1543 1766 1647 1797 quom
1670 1755 1907 1797 proposuerim
1929 1756 2022 1795 duas,
2058 1756 2144 1787 hane

260 1820 313 1840 me
340 1820 429 1839 nunc
451 1809 549 1840 alteri
572 1808 741 1852 praeferre
765 1808 855 1847 dico,
883 1808 919 1839 111
943 1820 1009 1851 qua
1031 1808 1181 1838 delebam
1206 1808 1304 1851 quia,
1335 1814 1374 1840 ut
1395 1820 1568 1841 seruarem
1591 1809 1628 1840 in
1651 1809 1784 1852 quibus.
1828 1810 1958 1841 Uerum
1983 1809 2063 1851 quia
2088 1818 2145 1838 re-

261 1862 401 1904 spondet
424 1861 594 1904 superiori
617 1862 725 1905 quod,
761 1872 866 1903 eaque
892 1873 928 1893 re
950 1863 1064 1893 locum
1087 1866 1202 1892 tuetur
1225 1872 1342 1899 suumg,
1383 1867 1417 1892 at
1440 1862 1476 1893 in
1501 1862 1623 1906 quihus
1646 1868 1719 1893 tum
1743 1872 1806 1904 per
1827 1873 1862 1892 se
1886 1861 2022 1898 inutile,
2060 1866 2145 1898 tum,

261 1915 325 1945 nisi
349 1916 431 1958 quia
456 1915 665 1957 expellatur,
705 1914 897 1945 absurdum.
943 1913 1118 1948 Ursiniani
1145 1924 1224 1955 ergo
1251 1914 1371 1945 codicis
1394 1914 1619 1957 interpolator
1641 1913 1814 1947 substituit
1836 1915 1871 1945 in
1892 1914 1946 1945 iis.
1990 1913 2147 1944 Placetne

263 1967 311 1998 bis
334 1980 503 2010 proxume
525 1968 572 1999 ita
595 1968 745 2011 Positum
771 1969 841 1999 iis?
863 1968 963 2010 idque
986 1968 1080 1998 nulla
1102 1966 1142 1996 de
1166 1968 1303 1998 caussa?
1348 1968 1457 1998 Immo
1481 1968 1527 1998 sic
1549 1969 1577 2000 si
1599 1968 1732 2006 suisset,
1755 1967 1791 1998 in
1811 1965 1933 2010 quibus
1953 1977 2069 1997 omnes
2088 1965 2147 1996 alii

263 2031 331 2050 11011
354 2020 564 2052 exhiberent.
610 2021 709 2053 Nihil
731 2022 856 2053 horum
880 2020 1018 2052 onmino
1042 2019 1126 2054 fuitz
1160 2019 1459 2061 interpretantium
1482 2020 1721 2058 additamenta,
1752 2029 1820 2049 11011
1844 2018 1947 2049 uerba
1974 2017 2147 2050 Ciceronis

265 2083 334 2102 esse
358 2073 536 2105 existumo.
583 2075 641 2105 Set
662 2086 801 2105 manum
824 2075 863 2105 de
886 2073 1009 2105 tabula.
1055 2073 1205 2104 Tantum
1228 2072 1330 2112 addo,
1365 2073 1474 2104 deleto
1500 2074 1582 2117 quia
1605 2073 1706 2104 etiam
1728 2073 1799 2104 sint
1824 2077 1939 2102 contra
1964 2072 2068 2103 libros
2091 2082 2148 2103 re-

265 2125 457 2167 ponendum
488 2138 558 2158 esse
585 2139 648 2170 pro
673 2133 770 2165 sunt,
810 2139 876 2169 quo
906 2125 1018 2156 lenior
1041 2125 1228 2157 emendatio
1258 2126 1364 2157 altera
1386 2125 1551 2157 uideatur.
1563 2128 1583 2143 ‘⁶
1626 2126 1724 2157 Hanc
1747 2124 1911 2155 Garatoni
1941 2123 2148 2155 emendatio-

266 2188 360 2210 116111,
399 2178 433 2208 iu
458 2180 579 2220 quibus
603 2180 751 2211 eicientis
776 2186 808 2210 et
831 2190 894 2222 pro
919 2180 1176 2223 triumpharent
1198 2178 1374 2211 scribentis
1398 2179 1667 2222 triumpharint,
1703 2177 1778 2208 iure
1802 2176 1952 2208 Orellius
1975 2176 2043 2207 iam
2065 2187 2149 2219 pro-

267 2230 370 2261 bauit.
415 2230 500 2262 Puto
523 2239 635 2264 autem
658 2233 762 2264 uerba
784 2233 819 2264 in
844 2231 966 2276 quibus
990 2231 1098 2263 addita
1119 2231 1160 2263 ab
1183 2231 1371 2275 interprete
1396 2243 1484 2271 esse,
1508 2231 1566 2273 qui
1587 2230 1814 2262 antecedentia
1835 2236 1869 2262 et
1890 2241 1957 2261 non
1981 2229 2063 2273 quia
2086 2234 2148 2260 etc.

267 2295 375 2315 unum
406 2283 535 2314 essieere
565 2286 755 2317 membrum
786 2290 945 2328 putasset.
993 2285 1069 2326 Quo
1102 2284 1190 2316 sacto
1218 2285 1392 2327 sequentia
1420 2296 1456 2316 re
1478 2284 1558 2316 hene
1575 2290 1677 2327 gesta
1703 2289 1763 2315 etc.
1794 2283 1889 2314 nullo
1916 2294 1992 2314 cum
2015 2288 2150 2313 antece-

268 2336 421 2367 dentibus
445 2336 581 2367 uinculo
609 2338 785 2369 coniuncta
807 2338 971 2369 debebant
995 2338 1114 2369 uideri.
1161 2339 1410 2381 Saepenumero
1434 2342 1545 2367 autem
1566 2347 1672 2378 praua
1694 2335 1923 2379 interpunctio
1947 2335 2149 2377 interpretes

269 2389 425 2428 adduxit,
463 2395 501 2421 ut
522 2388 699 2422 adderent.
738 2402 821 2431 quae
852 2401 869 2420 a
893 2402 991 2421 sensu
1017 2391 1127 2422 aliena
1157 2397 1247 2422 sunt.
1290 2391 1341 2421 Ita
1362 2399 1464 2431 supra
1491 2388 1529 2419 C.
1553 2389 1652 2421 XVI.
1678 2389 1708 2431 §.
1732 2389 1783 2431 59.
1814 2400 1877 2432 pro
1900 2389 2044 2431 genuina
2065 2388 2149 2419 scri-
