2264 2746
803 96 908 127 CAP.
946 97 1021 127 XII.
1060 96 1088 138 §.
1117 104 1162 133 29.
1191 104 1237 132 3ο.
1901 113 1954 140 103

163 172 366 217 Aspicitur,
397 183 463 203 non
495 170 711 203 adnectatur
721 182 732 209 3
761 172 889 214 procul
917 180 1080 217 apparet,
1108 188 1176 208 non
1205 175 1380 208 excutitur
1411 176 1442 217 [,
1464 188 1530 209 non
1555 178 1592 210 in
1622 190 1746 211 mamas
1767 183 1954 226 sumina-D

80 225 282 268 Explicatur
312 224 364 256 his
387 224 517 262 uerbis,
553 235 612 254 cur
641 222 747 254 facilis
769 225 812 255 sit
836 227 1020 259 occursatio
1044 234 1077 259 et
1102 227 1264 259 blanditia
1286 228 1471 271 popularis.
1519 230 1620 272 Quod
1645 231 1693 262 ita
1720 230 1800 264 facit
1828 242 1953 276 orator,

78 284 117 309 ut
151 278 306 309 blandam
338 277 431 308 illam
464 277 631 320 populum
662 278 827 309 tractandi
857 279 1023 312 rationem
1048 281 1154 312 ueluti
1183 281 1401 312 simulacrum
1425 282 1595 323 quoddam
1617 290 1675 316 aut
1696 285 1829 328 signum
1853 287 1957 331 fingat

79 343 159 363 esse.
207 331 374 373 Quocirca
395 331 586 374 aspicitur,
613 329 742 371 inquit,
767 344 833 363 non
856 333 1083 366 adnectatur.
1127 333 1201 365 Etsi
1223 339 1384 364 certumst
1406 335 1704 379 exploratumque,
1734 340 1815 381 quid
1838 343 1956 375 (ultre-

76 390 171 416 ctare
193 383 370 426 significet,
398 389 508 414 tamen
530 389 672 426 propter
694 385 868 426 sequentia
891 385 1015 418 diserte
1037 385 1245 418 monendum
1270 391 1369 427 puto,
1402 386 1489 418 nihil
1512 400 1582 420 esse
1604 390 1702 429 aliut,
1736 392 1802 424 nisi
1822 395 1858 425 ia
1881 408 1956 428 ma—

80 450 145 469 nus
166 449 315 476 sumere,
344 437 399 468 uel
421 437 579 469 manibus
605 443 724 469 terere.
769 436 840 468 Cfr.
866 438 942 470 Liu.
967 441 1020 478 V,
1052 450 1102 471 2¹2.
1134 438 1224 481 qnod
1246 438 1283 469 id
1304 439 1478 481 signum
1500 440 1667 484 (lunonis)
1690 456 1782 477 more
1804 447 1956 480 Etrusco

79 491 148 522 nisi
171 496 282 522 certae
301 491 417 533 gentis
441 491 599 522 sacerdos
624 491 876 523 adtrectare
898 505 965 524 non
988 498 1073 524 esset
1096 492 1229 523 solitus.
1274 491 1383 522 Addit
1406 493 1539 533 Cicero,
1558 496 1686 538 procul
1701 505 1864 540 apparet,
1888 513 1955 532 mm

78 544 264 575 ext-utitur.
309 543 440 583 Quibus
468 542 581 574 uerbis
611 543 792 585 significat,
834 551 872 576 ut
904 545 1138 587 metaphoram
1168 543 1390 582 retineamus,
1424 545 1549 577 multos
1573 559 1614 578 ne
1637 549 1795 581 accedere
1818 552 1954 593 quidem

77 607 248 638 proxume
277 595 317 626 ad
349 596 501 638 signum,
537 602 587 628 set
610 608 627 627 e
650 597 836 639 longinquo
859 598 1025 641 aspicere,
1063 597 1208 637 ideoque
1231 596 1383 627 minume
1405 600 1610 640 perscrutari
1634 601 1813 643 diligenter
1838 610 1870 635 et
1893 617 1955 637 ex-

77 648 238 679 aminare.
283 648 363 679 Post
386 649 467 680 haec
490 661 574 691 quae
597 649 631 681 in
658 650 827 681 codicibus
851 650 1006 681 omnibus
1029 649 1143 680 addita
1165 649 1384 690 reperiuntur
1412 651 1530 690 uerba,
1555 664 1621 683 non
1645 654 1679 685 in
1703 668 1825 688 nztctzzzs
1848 660 1955 690 smni-

78 707 159 740 tur,
183 701 262 733 licet
283 701 413 732 nemini
435 708 512 733 ante
534 714 589 733 me
612 710 765 745 suspecta
787 703 854 734 sint
877 703 957 741 uisa,
982 714 1042 744 ego
1066 708 1179 733 tamen
1203 702 1276 733 sine
1300 701 1509 734 dubitatione
1533 705 1626 736 uncis
1649 706 1779 739 inclusi.
1824 711 1955 742 Mei-am

77 754 169 785 enim
191 754 377 786 uerborum
408 768 475 787 non
502 756 720 788 adfret-tatur
750 756 1011 798 explicationem
1041 755 1231 794 continent,
1263 755 1395 796 hocque
1423 757 1545 788 certius
1570 764 1638 796 est,
1668 770 1735 790 non
1760 762 1889 794 uenisse
1913 774 1955 794 ex

77 818 136 838 ore
160 807 351 846 Ciceronis,
383 807 492 849 quod,
522 808 609 839 nihil
634 809 718 840 aliut
739 821 814 840 cum
837 806 1026 851 significent
1052 818 1152 849 quam
1177 807 1268 850 quod
1291 807 1357 838 iam
1382 809 1656 842 antecedentibus
1681 811 1853 853 dictumst,
1894 827 1956 846 ex-

76 866 225 892 tremum
250 867 359 892 tamen
382 860 515 902 periodi
540 860 654 891 locum
677 861 841 901 obtinent,
866 872 933 903 quo
956 860 1113 902 grauiora
1136 860 1218 902 poni
1241 860 1344 890 uerba
1366 860 1486 901 solent,
1513 864 1813 906 membrorumque
1834 879 1957 909 aequa-

78 913 223 953 litatem,
247 925 347 956 quam
370 913 519 944 studiose
542 913 708 955 quaesisse
732 915 930 946 Ciceronem
953 913 1094 951 scimus,
1118 923 1258 954 prorsus
1282 919 1451 944 euertunt.

162 993 192 1034 §.
209 992 260 1024 50.
280 991 474 1024 Nonnullis
490 990 603 1033 rebus)
627 991 714 1022 Cum
730 991 885 1023 omnibus
902 990 1001 1024 rebus
1015 988 1241 1029 antecesserit,
1259 995 1307 1021 est
1324 989 1380 1021 hic
1394 1003 1643 1034 superuacuum
1659 996 1757 1028 rebus
1772 1002 1805 1027 et
1818 995 1957 1029 fortasse

78 1044 271 1076 delendum.
316 1044 531 1085 Quamquam
553 1043 581 1074 si
604 1049 756 1075 accurate
782 1043 992 1085 loquendum
1016 1049 1083 1082 est,
1108 1054 1178 1074 esse
1202 1043 1355 1085 oportuit
1378 1058 1448 1077 una
1472 1058 1528 1078 re.-
1551 1059 1629 1078 nam
1649 1060 1761 1091 genus
1785 1056 1817 1081 et
1839 1063 1958 1083 nomen

75 1109 144 1129 una
165 1108 219 1129 res
242 1102 309 1136 est,
332 1101 370 1126 ut
393 1107 495 1138 supra
517 1107 545 1127 c.
571 1109 600 1138 7.
625 1103 675 1129 est
696 1103 795 1129 tuum
817 1108 937 1129 nomen
962 1101 1111 1139 utraque
1123 1096 1273 1139 familia
1295 1098 1493 1139 consulare,
1526 1100 1680 1142 nihilque
1702 1102 1786 1134 aliut
1809 1103 1873 1134 nisi
1895 1115 1959 1135 110-

75 1149 241 1181 bilitatein
264 1147 438 1191 significat.
483 1148 597 1180 Etiam
619 1149 698 1180 uide
722 1163 748 1181 c.
766 1151 814 1181 6..
860 1151 1053 1190 Iunguntur
1076 1159 1114 1178 ea
1136 1147 1208 1179 fere
1233 1159 1377 1190 semper,
1403 1156 1440 1181 nt
1465 1151 1531 1182 loci
1553 1153 1705 1185 Tulliani
1728 1155 1960 1188 demonstrant

75 1208 159 1245 aput
179 1202 322 1233 Pareum
346 1201 383 1232 in
404 1202 491 1233 Lex.
518 1201 602 1233 Crit.
628 1202 789 1234 Mantissa
810 1213 844 1245 p.
869 1202 942 1234 36..
974 1201 1235 1233 GARATONH'S.
1282 1201 1478 1234 Uerborum
1499 1207 1638 1246 generis
1662 1213 1694 1238 et
1717 1211 1866 1242 nominis
1892 1222 1960 1241 non

74 1266 179 1286 unam
201 1266 272 1286 esse
295 1253 504 1296 eandemque
528 1254 721 1294 notionem,
747 1255 952 1286 Garatonius
975 1266 1018 1286 ex
1041 1254 1114 1297 ipso
1138 1254 1216 1294 illo,
1239 1254 1330 1296 quod
1353 1254 1486 1295 adtulit,
1511 1259 1681 1301 exemplo,
1705 1267 1755 1292 est
1781 1268 1879 1293 tumn
1901 1274 1961 1293 ηο-

75 1320 152 1340 metz
166 1326 207 1332 —
224 1308 416 1347 consulare,
439 1307 635 1339 certissume
650 1307 763 1350 potuit
786 1307 966 1350 conligere.
1011 1308 1167 1340 Minume
1190 1306 1281 1338 enim
1306 1307 1371 1338 dici
1396 1308 1508 1341 licuit:
1533 1317 1584 1342 est
1606 1318 1705 1345 tumn
1724 1326 1836 1357 genus
1860 1319 1960 1345 utra-

78 1373 142 1404 que
154 1359 304 1404 familia
327 1361 516 1394 consulare.
559 1361 668 1392 Immo
690 1373 817 1404 genere
839 1360 996 1404 superior
1019 1367 1091 1392 erat
1113 1359 1250 1391 Plancio
1276 1361 1486 1401 Laterensis,
1513 1364 1603 1405 quod
1625 1366 1769 1398 maiores
1794 1366 1864 1398 eius
1886 1378 1960 1397 ma-

76 1412 234 1455 gistratus
257 1412 382 1444 curulis
405 1419 585 1455 gesserant,
610 1415 756 1453 nomine,
780 1412 871 1455 quod
889 1412 1029 1453 familia,
1052 1413 1089 1444 in
1106 1424 1171 1455 qua
1194 1419 1290 1444 natus
1314 1413 1388 1453 suit,
1414 1416 1598 1448 consularis
1623 1424 1703 1451 erat.
1748 1420 1836 1450 Nam
1861 1425 1959 1461 pote-

77 1470 131 1496 rat
157 1475 269 1508 genus
292 1465 406 1496 nobile
430 1478 516 1502 esse,
546 1477 583 1497 ac
605 1472 718 1497 tamen
741 1478 861 1498 nomen
883 1472 1027 1509 utraque
1049 1465 1178 1497 familia
1200 1477 1269 1496 non
1293 1467 1479 1499 consulare.
1526 1470 1627 1512 Quod
1653 1478 1827 1513 praeterea
1851 1472 1961 1503 Gara-

78 1517 191 1550 tonius
225 1517 369 1548 uerbum
400 1518 499 1550 rebus
529 1518 635 1550 deleri
666 1519 757 1557 uolt,
792 1519 826 1549 id
855 1519 1008 1550 minume
1037 1518 1176 1562 probari
1208 1525 1330 1562 potest.
1375 1522 1465 1552 Nam
1494 1534 1610 1554 omnes
1632 1523 1710 1554 illae
1732 1535 1804 1563 res,
1839 1523 1960 1566 quibus

81 1576 241 1603 ornatum
269 1570 349 1601 dicit
374 1570 566 1609 Plancium,
602 1577 635 1602 et
664 1577 825 1602 externae
853 1577 886 1603 et
916 1572 1118 1604 domesticae
1147 1578 1253 1603 erant.
1298 1573 1415 1615 Itaque
1445 1580 1522 1616 post
1545 1578 1721 1609 nonnullis
1744 1577 1772 1609 si
1796 1576 1961 1608 omisisset

81 1623 200 1656 Cicero
224 1623 341 1662 rebus,
368 1623 504 1654 credere
528 1623 738 1663 deberemus,
762 1636 839 1655 eum
864 1624 905 1655 de
927 1624 1027 1656 rebus
1051 1625 1201 1656 externis
1225 1631 1282 1656 aut
1305 1625 1496 1658 domesticis
1520 1627 1614 1670 loqui
1636 1641 1787 1672 pergere,
1811 1629 1846 1660 id
1870 1628 1960 1671 qnod

80 1677 233 1708 minume
254 1675 344 1707 facit.
388 1675 505 1708 Rebus
527 1682 639 1707 autem
662 1678 812 1710 externis
835 1677 905 1709 uita
927 1677 998 1709 eius
1020 1677 1173 1720 publica,
1197 1679 1390 1711 domesticis
1412 1680 1483 1712 uita
1504 1681 1637 1724 priuata
1659 1681 1874 1725 significatur.

165 1755 375 1801 Inferior-em
410 1767 513 1797 qzcam
547 1754 594 1797 te)
640 1756 754 1796 Quam
789 1756 973 1799 elegantius
1010 1757 1161 1798 abesset,
1209 1764 1260 1789 set
1292 1758 1369 1800 quia
1398 1765 1431 1790 et
1460 1760 1525 1791 alia
1556 1760 1718 1802 quaedam
1749 1760 1849 1792 huius
1887 1758 1961 1791 for-

82 1821 156 1843 mae
181 1809 339 1851 exempla
361 1814 456 1846 sunt,
483 1807 649 1846 feramu33
683 1821 886 1851 quamquam
908 1810 944 1841 in
966 1810 1034 1841 illis
1057 1811 1223 1853 exemplis
1249 1812 1395 1843 multum
1418 1812 1539 1844 incerti
1561 1819 1619 1844 est.
1665 1814 1723 1844 Set
1744 1812 1884 1844 fortasse
1906 1818 1961 1843 to-

82 1871 157 1896 tum
179 1862 243 1894 hoc
269 1874 373 1905 qnam
402 1867 434 1892 te
456 1866 506 1892 est
528 1872 571 1892 ex
599 1861 872 1905 interpolatione.
907 1863 1133 1894 ERNESTIUS.
1179 1865 1322 1907 Egregie
1345 1865 1477 1908 lapsum
1501 1866 1697 1897 Ernestium
1720 1876 1790 1897 esse
1814 1866 1960 1896 Garato-

82 1917 158 1949 nius
181 1920 315 1953 monet,
353 1913 442 1955 quod
470 1913 505 1944 in
528 1913 718 1945 elocutione
740 1915 888 1959 inferior
915 1929 991 1948 sum
1019 1929 1121 1960 qnam
1149 1923 1187 1949 ίιι
1218 1917 1413 1956 offenderit,
1452 1918 1611 1959 illiusque
1641 1918 1838 1949 elocutionis
1861 1918 1960 1960 plura

84 1968 196 2002 adfert
218 1966 393 2009 exempla3
418 1977 460 1997 ex
483 1966 579 1999 Brut.
601 1968 653 1998 42.
679 1980 720 1999 ne
743 1981 811 2011 (sua
833 1971 869 2001 in
893 1982 930 2002 re
953 1968 1101 2012 inferior
1123 1976 1221 2008 esset,
1245 1983 1348 2014 quam
1371 1971 1562 2009 Scaeuola„
1585 1971 1666 2002 ibid.
1688 1971 1740 2003 48.
1765 1971 1808 2003 Ρ.
1832 1970 1960 2002 Orbius

85 2025 123 2056 in
145 2024 220 2055 iure
242 2020 342 2054 ciuili
364 2031 431 2051 non
454 2018 620 2062 inferior,
650 2032 753 2063 quam
775 2023 943 2065 magister
955 2021 1067 2065 ficit„
1103 2033 1147 2053 ex
1169 2022 1278 2064 Epist.
1302 2023 1343 2054 ad
1368 2024 1410 2064 Q.
1435 2024 1490 2054 Fr.
1515 2024 1549 2063 I,
1572 2025 1602 2056 5.
1636 2025 1759 2068 gratia
1780 2036 1847 2055 non
1870 2022 1960 2065 infe—

88 2078 160 2109 rior
184 2087 286 2119 quam
308 2073 369 2117 qui
391 2072 719 2116 zmzqnczmfim·1mt
740 2075 985 2118 ctnzplisszcmi„
1019 2086 1062 2106 ex
1084 2075 1110 2106 I.
1135 2075 1176 2106 de
1200 2076 1268 2108 Off.
1293 2077 1343 2108 52.
1372 2077 1569 2109 Timotheus
1592 2077 1737 2109 Cononis
1751 2075 1876 2120 filius,
1900 2077 1960 2119 qui

89 2141 167 2162 cum
194 2128 274 2161 belli
305 2126 408 2158 laude
437 2137 504 2157 non
532 2124 680 2169 inferior
699 2125 849 2170 ficisset,
889 2140 992 2171 quam
1009 2134 1112 2172 pater
1137 2135 1218 2160 etc..
1262 2130 1312 2162 At
1333 2130 1464 2172 egregie
1485 2131 1596 2173 lapsus
1621 2129 1823 2161 Garatonius
1846 2129 1959 2170 potius

87 2179 341 2213 existumandus
374 2185 441 2218 est,
478 2178 536 2221 qui
559 2179 756 2210 Ernestium
784 2179 819 2210 in
842 2191 879 2211 re
901 2180 1085 2212 admodum
1114 2188 1204 2213 certa
1225 2183 1390 2214 offensum
1415 2196 1485 2216 esse
1510 2183 1701 2227 putauerit,
1736 2181 1777 2212 de
1807 2193 1872 2223 qua
1893 2181 1960 2212 mi·-

87 2246 191 2266 nume
216 2233 369 2265 dubitare
389 2231 566 2264 Ernestius
596 2233 719 2274 potuit.
765 2233 874 2263 Immo
896 2245 966 2265 non
989 2240 1038 2265 est
1059 2234 1211 2274 dubium,
1242 2235 1325 2277 quin
1348 2237 1405 2267 ille
1427 2237 1463 2268 in
1485 2235 1689 2268 accussatiuo
1713 2241 1745 2267 te
1768 2234 1958 2272 offenderit,

90 2293 190 2329 atque
211 2297 275 2329 pro
299 2298 400 2329 quam
422 2292 454 2318 te
475 2284 588 2328 potius
612 2297 715 2328 quam
740 2291 778 2317 tu
810 2298 843 2317 es
874 2287 1112 2329 expectauerit,
1140 2299 1224 2329 quae
1247 2300 1325 2319 sane
1346 2288 1558 2331 frequentior
1581 2287 1714 2319 dicendi
1735 2287 1864 2319 ratiost.
1888 2287 1960 2319 Ue-

90 2351 167 2370 rum
189 2337 276 2369 nihil
295 2338 395 2380 plane
418 2338 454 2369 in
476 2338 540 2370 hoc
562 2338 635 2369 loco
660 2338 853 2370 offensionis
876 2351 963 2379 esse,
989 2340 1186 2382 intellegent
1219 2341 1277 2382 qui
1307 2340 1472 2373 eiusmodi
1501 2342 1591 2373 locos
1613 2340 1848 2379 meminerint,
1875 2350 1959 2381 qua-

92 2392 132 2423 lis
155 2390 210 2422 hic
232 2395 298 2423 est:
323 2390 392 2422 Cic.
415 2390 457 2422 ad
478 2390 559 2423 Diu.
583 2392 635 2430 V,
662 2403 690 2432 7.
714 2391 812 2432 Quae
834 2404 894 2425 nos
911 2405 978 2437 pro
1000 2393 1112 2425 salute
1129 2394 1270 2437 patriae
1289 2395 1478 2438 gessimus,
1507 2407 1565 2435 ea,
1589 2406 1666 2426 cum
1688 2393 1840 2430 uene7·z‘.9‚
1863 2397 1959 2424 tanto
