2264 2746
771 128 843 158 CA
863 130 904 158 P.
943 129 1035 158 XIV.
1075 127 1101 169 ᾗ.
1134 133 1179 161 33.
1858 132 1912 159 113

118 203 270 235 Domum
290 202 505 245 descendens)
549 203 589 234 In
612 201 726 234 forum
750 203 1009 244 descendebant,
1033 216 1101 236 11011
1125 216 1143 235 e
1166 203 1240 235 foro
1264 204 1423 241 domum;
1448 213 1551 244 quare
1572 201 1748 234 discedens
1772 201 1911 233 omnino

35 256 269 298 reponendum
292 268 430 291 censeo;
465 255 666 297 suffragatur
688 262 822 287 nostrae
844 257 1029 288 sententiae
1055 257 1254 290 Maffeianus
1280 257 1377 288 liber.
1404 256 1616 288 MANUTIUS.
1660 254 1834 286 Manutius
1858 255 1912 285 in-

35 309 168 341 tellexit
197 310 295 341 uerbi
321 309 615 352 deprauationem,
650 309 840 351 meritoque
869 311 1028 352 probauit
1055 322 1098 342 ex
1122 310 1195 341 cod.
1220 310 1401 341 Maffeiano
1430 309 1568 341 domum
1591 308 1775 340 discedens.
1821 309 1909 340 Nam

33 362 183 404 uolgata,
209 374 309 404 quam
333 362 415 394 editi
438 361 623 403 scriptique
647 362 749 393 ceteri
776 363 954 404 (siquidem
977 364 1156 406 diligenter
1180 363 1217 393 hi
1240 362 1377 403 conlati)
1404 368 1550 400 tuentur,
1572 360 1716 392 absurda
1737 359 1835 391 facile
1857 360 1913 391 iu·-

31 415 198 447 dicabitur
219 427 262 446 ex
284 426 351 446 una
373 414 607 446 obseruatione
630 415 780 454 Manuti,
816 428 915 457 quam
939 428 976 447 ea
1000 416 1228 459 comprobant,
1265 426 1349 457 quae
1372 414 1471 445 habet
1494 414 1596 444 celeb.
1620 413 1754 444 Ernest.
1778 413 1814 444 in
1836 412 1910 444 lnd.

29 480 64 512 p.
89 469 180 501 456..
227 469 354 499 Contra
377 466 532 508 exempla
553 465 721 498 formulae
743 470 881 500 domum
903 470 1075 500 discedere
1098 470 1203 501 Drak.
1221 468 1261 499 ad
1279 468 1414 507 Liu.11‚
1439 468 1489 498 51.
1513 466 1646 497 abunde
1670 465 1771 497 dabit.
1816 465 1913 497 Idem

30 521 253 554 consulendus
279 519 321 550 ad
344 520 414 558 lx,
447 520 515 557 ΗΖ,
556 526 594 550 ut
618 532 719 561 quam
742 533 840 564 saepe
862 522 925 553 ista
949 528 1189 553 commutentur
1211 521 1396 562 intellegas.
1441 519 1542 551 Adde
1566 518 1724 551 Oudend.
1751 518 1791 549 ad
1817 519 1910 550 Caes.

29 577 110 609 VII.
134 576 172 606 Β.
197 575 240 606 G.
265 572 334 614 73..
381 572 439 602 Set
470 572 548 602 licet
580 572 681 603 etiam
709 573 820 615 legere
849 575 987 606 domum
1017 575 1197 612 decedens,
1229 581 1267 604 ut
1294 574 1394 616 plane
1419 572 1566 604 similem
1588 572 1768 603 habeamus
1798 572 1912 603 locum

29 628 176 660 Liuiano
205 624 258 658 illi
286 623 413 666 priori:
452 626 666 657 decedentem
695 626 832 658 domum
860 627 891 669 (e
915 629 1006 658 curia
1029 628 1077 658 M.
1102 627 1297 666 Ualerium,
1336 637 1439 667 quom
1468 624 1634 656 dictatura
1656 637 1690 656 se
1714 624 1911 665 abdicasset)

32 692 110 712 cam
123 679 255 722 fauore
277 690 318 709 ac
341 677 503 708 laudibus
520 679 699 721 prosecuti
721 684 819 710 sunt.-
856 691 955 721 quem
979 681 1091 711 locum
1116 680 1225 710 Gron.
1249 686 1282 710 et
1305 679 1410 710 Drak.
1435 684 1551 709 contra
1577 678 1681 709 libros
1706 678 1814 708 omnis
1837 676 1913 708 fru-

26 739 96 765 stra
118 731 315 770 sollicitant,
346 736 384 760 ut
406 730 487 760 alibi
511 730 681 767 diximus,
718 730 834 762 confer
858 732 1004 763 eundem
1029 731 1103 763 Iud.
1128 732 1211 762 Ern.
1234 743 1268 774 p.
1288 733 1378 764 440..
1425 730 1590 772 Quamuis
1613 737 1724 762 autem
1754 732 1914 763 decedere

30 796 108 817 cum
130 785 303 817 discedere
326 782 537 825 frequentius
562 782 797 821 confundatur,
824 790 862 814 ut
884 785 1010 816 ibidem
1035 785 1182 816 ostendit
1204 785 1310 816 Drak.
1336 790 1368 815 et
1391 783 1548 815 Oudend.
1570 783 1611 814 ad
1637 784 1729 814 Caes.
1753 784 1779 814 I.
1804 784 1842 814 Β.
1867 783 1911 814 G.

27 837 80 870 45.
109 843 143 868 et
171 837 220 876 II,
253 849 299 878 7.,
335 842 448 868 tamen
478 836 578 866 etiam
610 848 686 867 cum
718 837 918 869 descendere
954 839 1142 880 permutari
1176 838 1330 869 uidemus
1364 837 1494 868 duobus
1526 836 1606 867 Liui
1634 835 1715 866 locis
1746 836 1814 874 IX,
1857 846 1909 867 22.

29 890 212 927 XXXVI,
250 889 298 921 14.
338 895 371 920 et
393 888 484 919 alibi.
532 890 662 921 Uerum
693 889 745 920 his
774 890 928 922 omnibus
955 891 1135 922 intercedit
1157 891 1211 922 uir
1238 891 1478 927 doctissumus,
1512 889 1538 920 Ι.
1563 889 1601 919 F.
1626 888 1821 927 Grunerus,
1855 887 1913 929 qui

27 949 110 986 aput
133 941 247 973 Sedul.
271 942 331 973 III.
358 942 470 973 Carni.
495 952 544 983 99.
568 953 636 972 non
659 942 861 974 mutandum
884 943 1057 974 contendit
1080 944 1174 983 illut,
1198 945 1308 987 Inque
1332 950 1428 975 tunm
1451 942 1613 974 descende
1636 942 1785 979 domum,
1810 951 1913 981 quom

29 996 78 1028 ibi
104 996 300 1038 VVopkens.
323 994 472 1033 ratione,
501 1000 538 1024 ut
561 1006 603 1025 ex
627 994 723 1026 dictis
747 1001 854 1036 patet,
886 1007 1017 1027 summa
1043 1008 1208 1039 reponere
1231 997 1381 1028 uoluerit
1405 997 1550 1028 discede.
1594 993 1734 1025 Infirmo
1757 1005 1836 1024 sane
1858 993 1913 1024 ni-

30 1051 116 1082 titur
138 1053 336 1090 argumento
362 1047 558 1085 Grunerus,
592 1053 629 1077 ut
651 1047 815 1086 fatebere,
848 1048 989 1090 opinor,
1022 1049 1050 1080 si
1074 1050 1201 1081 Graeui
1224 1050 1477 1081 adnotationem
1500 1049 1594 1080 illam
1618 1047 1725 1089 ipsam
1750 1045 1913 1086 conseras,

29 1114 130 1146 quam
152 1102 210 1132 ille
233 1101 330 1138 citat,
360 1099 402 1130 ad
426 1099 521 1130 VIII.
545 1099 587 1129 ad
610 1100 691 1131 Diu.
714 1100 763 1131 4..
809 1102 858 1132 At
882 1101 980 1143 quid,
1008 1102 1035 1133 si
1060 1103 1090 1133 ei
1111 1103 1222 1134 faueat
1244 1103 1299 1134 hic
1320 1103 1414 1134 Tulli
1438 1103 1548 1140 locus,
1579 1112 1645 1142 quo
1669 1099 1696 1130 is
1720 1099 1771 1130 uti
1793 1099 1912 1131 iustius

29 1154 217 1199 potuisset?
250 1152 334 1194 ·Ego
364 1162 446 1182 uero
477 1163 545 1182 non
577 1152 742 1192 arbitror,
781 1154 952 1183 consulem
977 1155 1178 1187 descendere
1208 1155 1335 1186 dictum
1364 1154 1465 1186 fuisse
1491 1161 1574 1193 tam,
1614 1164 1718 1195 quom
1742 1152 1912 1183 inlocum

27 1207 203 1251 publicum
226 1204 375 1244 ueniret,
402 1215 501 1245 quam
526 1216 628 1246 quom
652 1205 731 1235 inde
755 1205 893 1236 domum
917 1205 1043 1243 abire13
1069 1219 1178 1250 neque
1201 1208 1398 1250 generatim,
1424 1218 1637 1249 quocumque
1660 1212 1765 1245 eatur,
1793 1217 1832 1236 eo
1856 1206 1914 1237 de-

29 1261 156 1294 scendi.
202 1259 321 1290 Certae
344 1262 423 1288 sunt
445 1256 629 1295 formulae,
657 1258 724 1289 suis
748 1258 897 1300 propriis
922 1259 1107 1291 rationibus
1132 1261 1312 1299 subnixae,
1342 1266 1379 1291 ut
1401 1260 1526 1302 passim
1548 1259 1615 1290 uiri
1642 1258 1732 1289 docti
1755 1257 1914 1289 ostende—

28 1319 127 1352 runt,
165 1322 245 1353 quas
269 1309 432 1340 excedere
456 1308 580 1340 durum
607 1315 666 1341 est.
711 1311 751 1341 In
774 1311 825 1341 his
855 1312 1056 1343 descendere
1077 1313 1111 1344 in
1136 1314 1264 1352 aciem,
1303 1320 1336 1344 et
1359 1313 1449 1355 quod
1480 1313 1545 1343 huc
1568 1323 1728 1342 maxume
1751 1312 1912 1354 pertinet,

28 1365 230 1399 descendere
253 1364 288 1394 in
303 1362 446 1406 forum,
475 1362 565 1404 quod
590 1369 661 1393 erat
683 1362 718 1393 111
742 1363 809 1393 ima
832 1363 920 1393 ualle
946 1364 1075 1395 Romae
1098 1366 1259 1407 positum.
1306 1366 1395 1399 Uide
1417 1366 1522 1397 Drak.
1547 1364 1588 1395 ad
1612 1364 1690 1395 Liu.
1714 1365 1780 1403 III,
1803 1364 1854 1396 48.
1879 1370 1912 1395 et

27 1419 68 1450 ab
92 1430 130 1449 eo
154 1416 328 1448 laudatum
350 1415 570 1446 Tennulium.
596 1416 854 1447 GARATONH‘S.
901 1415 969 1456 Qui
993 1428 1095 1457 quom
1119 1425 1234 1460 postea
1257 1420 1292 1451 in
1304 1421 1386 1451 Bau.
1410 1420 1584 1456 dec—eudes,
1607 1417 1642 1448 111
1664 1417 1910 1459 antiquissumo

23 1472 147 1505 Ambr.
175 1475 303 1506 autem,
349 1468 484 1510 quicum
517 1467 588 1501 Erf.
623 1468 805 1507 consentit,
839 1469 1001 1501 decedens
1031 1471 1132 1501 scribi
1162 1471 1320 1512 uidisset,
1353 1473 1439 1503 hanc
1469 1472 1576 1514 ipsam
1602 1470 1805 1513 scripturam
1835 1468 1911 1500 iure

27 1525 219 1565 meritoque
240 1522 463 1554 uerissumam
486 1520 629 1562 putauit.

111 1594 210 1625 Idem
235 1591 371 1623 tribuno
392 1591 440 1633 pl.
465 1608 506 1613 —
532 1590 667 1627 Druse,
706 1591 791 1634 qnid
811 1589 903 1633 agis)
948 1591 998 1622 Et
1026 1592 1127 1624 haec
1159 1594 1367 1626 dicacitas
1403 1592 1631 1637 praeconis
1666 1592 1794 1624 istius
1825 1602 1908 1622 non

30 1646 169 1679 minus
205 1642 470 1675 urbanitatis
506 1642 709 1674 habuisse
750 1643 926 1674 uidetur
965 1656 1082 1686 quam
1120 1648 1385 1690 asperitatis.
1437 1648 1537 1678 Nam
1572 1646 1620 1677 M.
1658 1645 1861 1677 Licinius
1881 1642 1908 1687 ¹)

29 1701 194 1732 Dl'USUS
225 1709 313 1728 Cum
343 1696 477 1726 multa
507 1696 719 1727 seditiose
752 1695 793 1726 111
823 1696 1051 1729 tribunatu
1085 1710 1161 1729 suo
1187 1707 1482 1742 contraquam
1513 1706 1627 1731 esset
1650 1699 1715 1730 rei
1738 1710 1771 1740 p.
1794 1697 1910 1728 utile

29 1752 276 1788 moliretur,
311 1749 611 1780 aduentantem
636 1749 840 1779 Granium
863 1749 923 1779 sic
948 1752 1254 1793 compellauit:
1297 1754 1435 1785 Grani
1460 1753 1557 1795 quid
1583 1752 1695 1794 agis?
1739 1750 1807 1783 Ad
1830 1750 1908 1780 hoc

30 1806 106 1837 ille
129 1803 263 1835 isdem
287 1802 451 1839 uerbis,
487 1801 555 1832 sed
582 1813 671 1832 cum
696 1812 847 1842 magua
870 1803 1111 1844 asperitate
1141 1806 1390 1848 respondit:
1426 1807 1550 1837 11111110
1576 1812 1618 1836 tu
1642 1806 1782 1836 Druse
1806 1801 1907 1845 quid

30 1857 251 1901 agis-'1¹00
281 1861 360 1893 0⁵t⁷
400 1865 505 1895 ‘luae
529 1861 570 1886 et
599 1866 719 1897 quam
748 1854 1003 1896 periculosa
1034 1863 1075 1888 et
1104 1869 1222 1899 quam
1250 1860 1421 1900 patriae
1443 1858 1673 1890 metuenda
1701 1855 1906 1888 conaris?

30 1912 191 1943 SCHOLIA
215 1910 474 1941 AMBRosiAx‘A.

107 2089 135 2130 1)
164 2091 261 2119 Recte
283 2089 468 2118 Garatonius
492 2090 613 2118 notauit
633 2091 751 2129 lapsum
772 2089 955 2118 ambrosiani
984 2090 1164 2129 interpretis
1192 2094 1257 2131 (scu
1278 2094 1381 2131 potius
1402 2090 1605 2129 amanuensis)
1626 2092 1790 2120 scribentis
1816 2091 1906 2121 Lici-

31 2143 102 2170 nias
123 2150 179 2178 pro
200 2141 322 2167 Linins.
361 2138 402 2165 Et
429 2137 550 2174 quidem
580 2139 693 2166 Linins
719 2139 752 2166 in
774 2143 848 2166 orat.
869 2138 892 2165 1.
907 2149 967 2175 pro
989 2140 1127 2167 amelio
1150 2145 1195 2168 cst
1216 2146 1287 2179 aput
1308 2142 1484 2169 Asmuxium.
1505 2142 1543 2168 A.
1565 2141 1684 2168 Mnrs.
1723 2140 1773 2168 Ex
1792 2149 1904 2177 genere

34 2189 204 2227 elogioruln
225 2186 444 2214 historicorum
466 2185 619 2223 lapidibus
641 2187 905 2223 consignatorlnn,
939 2186 1032 2224 (quod
1053 2197 1147 2223 genus
1171 2193 1267 2215 totum
1290 2199 1346 2226 pro
1367 2189 1472 2226 spurio
1496 2188 1649 2216 habebant
1668 2188 1806 2216 Mass'eius
1829 2189 1905 2216 Crit.

33 2237 109 2274 Lap.
131 2237 164 2270 3,
185 2236 212 2263 3.
240 2244 269 2272 p.
290 2234 351 2261 226.
372 2244 404 2261 ac
427 2234 633 2262 Rulinkcnius
655 2235 691 2262 ad
712 2234 825 2261 Uellei.
847 2243 880 2268 2,
904 2243 960 2269 12,
982 2234 1056 2261 scite
1078 2246 1151 2262 ucro
1174 2235 1311 2263 defendit
1332 2237 1513 2264 Mol-cellius
1535 2236 1570 2263 dc
1593 2237 1634 2263 st.
1654 2235 1795 2273 Inscript.
1826 2236 1863 2263 T.
1885 2236 1906 2264 I.

34 2294 64 2322 p.
82 2283 144 2311 256.
166 2282 211 2309 ed.
233 2280 296 2318 alt.)
316 2285 398 2308 extat
418 2292 463 2319 ap.
487 2282 609 2309 Rcincs.
632 2293 660 2320 p.
681 2283 750 2316 423,
785 2283 830 2310 53.
851 2282 959 2309 titulus
981 2281 1046 2309 hic:
1081 2284 1126 2310 fil.
1147 2283 1259 2310 Liuias
1281 2283 1322 2311 M.
1343 2284 1376 2310 F.
1399 2284 1429 2311 C.
1450 2283 1493 2312 λ’.
1514 2285 1638 2312 Drusus
1664 2283 1822 2320 Pontifex.
1855 2283 1905 2311 Tr.

32 2331 108 2359 filil.
129 2331 212 2358 Χίιίν
232 2331 305 2356 stlit.
326 2330 418 2356 indic.
451 2331 498 2357 Tr.
519 2331 569 2357 l'l.
589 2332 674 2358 „Ynir
701 2330 738 2356 A.
760 2329 800 2356 D.
823 2329 861 2356 A.
888 2329 918 2367 (i.
939 2339 964 2356 e.
993 2332 1080 2367 agris
1107 2331 1218 2357 dandis
1246 2330 1464 2368 adsignandis)
1491 2332 1573 2368 Lege
1599 2340 1665 2358 sua.
1693 2335 1722 2357 et
1742 2331 1802 2358 eod.
1824 2340 1905 2357 anno

32 2378 71 2406 .X.
94 2379 153 2404 ιιίν.
174 2377 213 2403 Λ.
234 2376 269 2404 D.
290 2375 325 2404 A.
346 2377 426 2412 Lege
444 2376 593 2414 Sanfilia.
632 2376 778 2415 (.S'eruila‘a
800 2376 878 2414 Rup.
900 2377 1055 2405 Fortasse:
1077 2377 1209 2413 &tuscia
1230 2377 1322 2405 hodie
1342 2378 1431 2405 nobis
1454 2379 1565 2416 ignota,
1585 2388 1653 2406 nam
1675 2377 1711 2405 de
1729 2377 1762 2405 C.
1779 2377 1902 2404 Saufeio

34 2424 92 2453 iam
113 2436 138 2453 a.
159 2423 222 2452 654.
243 2434 311 2452 cum
333 2423 497 2451 Saturnino
519 2424 619 2452 occiso
643 2425 777 2462 cogitare
804 2434 868 2451 non
888 2424 974 2463 licet)
1003 2426 1043 2453 ln
1063 2427 1253 2462 magistram
1274 2428 1390 2453 occisus
1419 2432 1470 2454 cxl.
1496 2427 1537 2465 (11.
1559 2437 1583 2455 0.
1604 2425 1686 2464 665.)
1727 2424 1903 2452 ORELMUS.

1455 2479 1489 2495 23⁸7

1454 2494 1484 2505 01
