2264 2746
224 100 278 128 188
875 90 1452 120 COMMENTARIUS.

222 171 281 203 rit,
315 170 574 202 GARATONIUS·
618 167 690 208 Ego
713 165 897 197 ablatiuom
924 165 1069 209 praetuli
1092 164 1314 204 accussatiuo,
1349 165 1437 207 quod
1462 166 1612 210 primum
1640 167 1772 210 optumi
1801 167 2020 211 plurumique
2043 181 2101 201 co·

221 223 308 254 dices
331 234 408 253 eum
431 228 584 257 tuentur,
620 219 738 249 deinde
761 218 848 259 quod
878 218 915 249 in
937 218 1101 250 eiusmodi
1124 217 1287 261 loquendi
1310 229 1449 260 genere,
1484 219 1583 262 quale
1608 219 1672 252 hoc
1694 226 1764 261 est,
1797 231 1816 251 a
1838 219 2000 251 Cicerone
2022 232 2103 253 nus-

225 288 324 318 quam
350 274 589 306 accussatiuom
612 271 681 301 uidi
704 270 866 313 positum.

311 329 391 361 Tibi
413 329 516 358 etium
538 324 618 367 ipsi)
663 323 750 356 Uide
773 323 813 353 de
835 322 899 354 hoc
922 322 996 354 loco
1021 334 1105 365 quae
1129 322 1248 354 monui
1279 322 1315 354 in
1337 323 1470 367 Proleg.
1499 325 1541 355 L.
1565 324 1609 355 II.
1634 324 1672 356 C.
1695 325 1722 357 Ι.
1747 326 1778 367 §.
1806 326 1854 357 16.
1877 336 1912 367 p·
1935 324 2052 357 LIV..

309 383 339 423 ς.
357 381 405 419 74.
429 379 610 410 Reritetur
627 377 752 419 oratio)
776 377 885 407 Immo
902 387 983 407 uero
998 376 1163 419 particula
1178 376 1270 407 illius
1286 376 1407 418 exigua
1423 388 1450 407 c.
1474 377 1533 415 14..
1558 389 1643 420 quae
1658 384 1770 409 tamen
1787 377 1858 420 ipsa
1873 377 2038 419 pessumis
2052 377 2111 408 ad-

223 432 410 465 ditamentis
429 431 512 461 sacta
528 435 577 460 est
594 429 737 470 longior.
762 428 816 460 Sic
834 429 959 460 etenim
977 429 1077 460 habet
1090 429 1126 460 in
1144 435 1318 460 extremo:
1348 429 1420 469 Qui
1434 430 1465 461 si
1481 430 1568 462 milti
1581 436 1742 474 quaestor
1756 431 1949 474 inperatori
1963 430 2109 474 ficisset,

226 485 419 527 infilt'loco
438 482 583 526 fuisset,
607 494 698 513 nunc
713 488 803 514 certe
818 483 885 514 erit
901 484 937 514 in
954 484 1132 526 parentis,
1155 495 1257 527 quom
1269 480 1389 525 suerit
1412 489 1571 526 quaestor
1593 496 1660 516 non
1676 483 1801 526 inperi,
1824 488 1874 514 set
1893 483 2021 514 doloris
2033 483 2111 516 mei.

223 541 316 571 llaec
344 537 388 567 ita
411 542 490 566 sunt
520 535 661 566 absurde
686 535 856 577 stulteque
882 535 985 573 dicta,
1021 541 1058 566 ut
1086 546 1129 566 ne
1152 534 1290 566 homine
1313 535 1451 577 quidem
1473 535 1533 566 illo
1556 535 1653 577 digna
1669 535 1760 574 sint,
1795 547 1895 574 quem
1919 535 2010 567 illius
2034 547 2111 566 ora-

223 591 322 624 tionis·
349 595 520 620 auctorem
552 588 619 619 duo
644 587 710 618 uiri
734 587 928 618 doctissumi
951 588 1083 618 uolunt.
1128 588 1200 629 Ego
1225 587 1424 630 iampridem
1448 599 1551 630 quom
1576 588 1738 619 uolumen
1761 588 1840 619 illut
1861 587 2030 619 adtentius
2054 599 2110 619 re-

225 654 476 685 cognoscerem,
500 642 676 682 multaque
701 639 844 681 margini
867 640 1069 679 adliilerem,
1094 652 1203 683 neque
1223 652 1329 682 pauca
1350 641 1417 671 iam
1441 640 1673 682 intellegerem
1696 640 1820 671 adiecta
1843 652 1931 681 esse,
1960 641 2113 684 interpo-

225 698 305 731 lata,
351 705 527 738 peruersa,
571 693 700 724 serrum
723 693 876 732 adhibui,
924 693 1013 735 quod
1034 704 1174 734 magnus
1199 693 1257 724 ille
1281 699 1474 736 amputator
1497 695 1720 725 IIeumannus
1743 693 1917 725 abiecerat.
1963 695 2062 726 Certe
2084 693 2112 725 is

222 755 383 793 purgatus
407 748 489 786 erit,
518 757 627 788 neque
648 747 732 777 aliut
753 747 931 788 quicquam
956 746 1106 787 requiret
1128 746 1238 784 locus,
1262 746 1290 777 si
1313 747 1394 778 haec
1416 747 1651 778 tantummodo
1675 746 1785 788 posita
1807 747 1950 778 suerint:
1988 747 2059 787 Qui
2082 747 2113 778 si

223 804 311 835 milli
334 799 663 846 quaestorfitisset,
688 801 723 831 in
743 799 804 842 fili
826 801 897 831 loco
911 798 1057 842 ficisset,
1080 811 1171 830 nunc
1194 805 1283 832 certe
1305 801 1373 832 erit
1395 801 1431 832 in
1452 800 1619 844 parentis.
1666 799 1824 830 Clausula
1846 799 1965 830 similis
1989 805 2038 830 est
2051 799 2112 830 ΙΙΙ.

226 857 258 887 111
280 857 379 888 Uerr.
403 855 452 886 58.
477 859 516 885 ut
539 858 695 884 aratores
719 853 754 884 in
778 864 958 884 seruorum
980 864 1121 884 numero
1147 858 1278 892 essent,
1300 855 1395 886 serui
1419 855 1454 886 in
1476 853 1753 897 public-anomali.
1797 852 1892 884 Ferri
1915 852 2034 894 nequit
2057 853 2111 884 in-

223 908 398 952 peratoriz
435 918 504 937 11011
534 905 611 947 quia
641 904 793 936 nondum
824 905 942 936 Cicero
967 904 1153 936 exercitum
1177 905 1338 938 duxerat:
1376 918 1445 938 non
1469 912 1518 937 est
1541 905 1631 936 enim
1654 905 1689 936 in
1712 905 1781 944 his,
1823 916 1908 947 quae
1930 904 2114 947 finguntur,

225 961 349 992 ueritas
374 959 591 1002 postulandag
632 964 682 988 set
705 957 800 999 quia,
840 958 971 988 etiamsi
999 957 1171 998 inperator
1196 957 1330 997 fuisset,
1370 959 1457 990 nihil
1480 959 1512 990 id
1541 958 1580 989 ad
1602 964 1830 1000 quaestoremg
1870 968 1969 999 quem
1995 956 2112 988 Cicero

224 1014 298 1044 iure
329 1013 520 1043 consulatus
552 1011 730 1049 habuerat,
767 1011 857 1042 etin
882 1010 1067 1053 prouinciis
1100 1022 1216 1041 omnes
1247 1011 1434 1050 habebant,
1476 1011 1534 1054 qui
1565 1017 1674 1042 essent
1702 1022 1764 1053 pro
1793 1017 1948 1053 praetore
1970 1015 2029 1041 aut
2049 1021 2113 1053 pro

226 1066 374 1098 consule.
421 1066 479 1096 Set
506 1065 568 1096 hoc
590 1063 810 1095 Marklandus
833 1062 1027 1094 inlustrauit
1059 1063 1201 1105 egregie.
1247 1063 1338 1105 Quid
1361 1070 1410 1094 est
1432 1075 1554 1106 porro,
1587 1069 1747 1106 quaestor
1770 1064 1884 1106 inperi
1905 1064 1995 1095 mei?
2033 1063 2115 1094 haut

227 1125 315 1150 certe
336 1118 482 1149 nominis
506 1117 710 1159 inperatori,
742 1123 792 1147 set
814 1115 1045 1156 magistratuS,
1074 1122 1112 1146 ut
1135 1116 1189 1147 hic
1212 1128 1313 1159 supra
1337 1128 1364 1147 0.
1392 1118 1442 1147 26.
1467 1117 1502 1149 in
1526 1117 1698 1149 maxumis
1721 1116 1865 1158 inperiis
1894 1122 1928 1146 et
1950 1127 2012 1158 pro
2036 1116 2112 1147 Mil.

227 1185 255 1203 c.
281 1172 331 1204 28.
356 1172 529 1214 inperium
552 1170 583 1200 si
608 1169 667 1199 ille
691 1175 812 1200 nactus
835 1173 931 1201 esset.
975 1167 1024 1199 At
1044 1167 1163 1198 deinde
1186 1180 1286 1209 quam
1315 1169 1572 1212 intempestiue,
1612 1179 1712 1210 quam
1742 1168 1862 1210 frigide
1884 1179 1903 1199 a
1925 1168 2112 1199 ludibundo

230 1225 381 1256 Plancius
407 1223 527 1253 dicitur
550 1232 619 1252 non
643 1221 708 1251 iam
734 1227 911 1264 quaestor,
944 1227 994 1252 set
1017 1227 1154 1264 questor
1177 1222 1306 1252 doloris
1328 1223 1421 1254 mei?
1456 1222 1553 1252 aliter
1579 1222 1668 1252 enim
1692 1232 1800 1261 nugae
1825 1220 1917 1263 ipsae
1939 1232 2008 1252 non
2031 1232 2114 1252 con-

227 1284 324 1310 stant.
371 1278 492 1318 Neque
514 1281 628 1306 tamen
659 1273 720 1304 hac
751 1284 818 1304 una
845 1285 881 1304 re
904 1273 1043 1304 adiectio
1067 1279 1137 1304 tota
1169 1274 1382 1305 conuellitur.
1428 1274 1510 1305 Illut
1533 1273 1623 1304 euim
1646 1273 1979 1305 animaduertendum
2004 1274 2114 1316 inpri-

227 1331 291 1362 mis
317 1336 383 1369 est,
421 1339 586 1366 caussam,
623 1338 683 1357 cur
706 1326 882 1357 Plancium
907 1326 1025 1358 Cicero
1049 1326 1083 1357 in
1110 1326 1259 1369 parentis
1283 1327 1357 1357 loco
1381 1326 1445 1357 sibi
1469 1337 1539 1357 esse
1565 1325 1668 1364 dicat,
1699 1326 1847 1367 ineptam
1870 1326 1972 1368 plane
1993 1327 2114 1358 adferri

230 1391 262 1415 ct
285 1383 472 1415 ridiculam.
520 1381 616 1421 Quae
639 1391 720 1411 uera
743 1380 802 1419 sit,
837 1380 875 1410 ad
900 1391 927 1411 c.
964 1391 1010 1411 10.
1040 1380 1228 1411 luculenter
1258 1379 1482 1416 ostendimus;
1521 1378 1599 1420 quia
1626 1378 1753 1409 scilicet
1779 1378 1810 1408 ei
1832 1378 1938 1409 uitam
1961 1379 2115 1411 Plancius

228 1449 288 1469 sua
310 1435 457 1467 custodia
481 1439 685 1465 seruauerat.
733 1433 952 1475 Quapropter
975 1433 1002 1464 si
1025 1432 1157 1463 adicere
1180 1432 1309 1474 aliquid
1332 1431 1522 1474 placuisset,
1546 1431 1610 1462 1100
1632 1430 1715 1461 adici
1738 1430 1837 1461 facile
1860 1432 1992 1474 potuitt
2016 1445 2117 1476 quom

221 1490 340 1532 fuerit
368 1494 481 1520 russos
508 1499 572 1518 nou
602 1486 734 1529 inperi,
769 1491 819 1517 set
849 1486 974 1517 salutis
998 1498 1101 1517 meae.
1148 1486 1237 1517 Nam
1260 1486 1286 1516 Ι.
1319 1486 1354 1516 111
1377 1486 1476 1518 Uerr.
1504 1485 1551 1516 15.
1583 1489 1740 1525 quaestor
1763 1496 1833 1516 esse
1855 1484 1979 1516 dicitur
2004 1493 2118 1519 castos

230 1555 297 1574 non
321 1542 430 1572 solum
448 1541 634 1583 pecuniae,
668 1544 718 1570 set
741 1539 846 1569 etiam
869 1539 1030 1570 consulis.
1075 1539 1168 1570 Haec
1190 1545 1304 1570 autem
1327 1538 1442 1569 Planci
1469 1537 1618 1568 defensio
1642 1537 1843 1569 beneficium
1871 1538 1949 1570 illut
1976 1537 2118 1582 inpense

231 1594 420 1638 praedicat,
458 1600 532 1625 tum
555 1604 582 1623 c.
610 1604 658 1624 10.
682 1591 786 1621 isdem
810 1591 940 1631 uerbis,
973 1593 1074 1635 qztasi
1091 1592 1235 1635 parenti
1258 1597 1291 1623 et
1314 1591 1448 1623 custodi
1471 1591 1596 1622 salutis
1619 1603 1732 1630 meae,
1765 1597 1836 1622 tum
1861 1591 1942 1622 alibi
1964 1597 1998 1622 et
2019 1592 2116 1623 initio

233 1650 306 1690 ipso
330 1647 568 1690 potissumum.
615 1646 727 1685 Quom
754 1649 900 1687 propter
929 1646 1128 1688 egregiam,
1161 1644 1292 1687 inquit,
1331 1651 1363 1676 et
1386 1645 1602 1688 singularem
1632 1644 1692 1677 Cn.
1715 1644 1862 1683 Planci,
1896 1644 2043 1683 iudices,
2080 1645 2116 1676 in

233 1714 307 1733 mea
329 1701 442 1732 salufe
465 1698 688 1730 custodienda
703 1696 817 1739 fidem
840 1702 901 1727 etc.
915 1720 923 1728 .
969 1698 1012 1728 Iis
1038 1705 1168 1738 autem,
1193 1710 1278 1741 quae
1300 1698 1348 1730 ibi
1372 1704 1548 1738 secuntur,
1580 1697 1708 1735 uerbis,
1739 1698 1838 1729 cuius
1861 1697 2011 1740 officium
2032 1698 2118 1729 milti

235 1755 343 1786 saluti
356 1753 508 1796 fuisset,
544 1756 751 1781 seruatorem
779 1761 816 1780 ac
836 1749 978 1792 proinde
1007 1757 1184 1793 parentem
1212 1751 1358 1782 alterum
1388 1750 1523 1781 indicat.
1566 1750 1786 1793 Respondent
1814 1750 1914 1781 huius
1937 1749 2003 1780 loci
2024 1749 2116 1797 haec⁷

236 1813 267 1838 et
293 1807 396 1838 liuius
426 1804 517 1836 tanti
540 1803 631 1846 offici
661 1804 866 1835 seruitutem
894 1803 1003 1846 (quasi
1028 1803 1174 1846 patriam
1204 1803 1268 1834 sibi
1290 1809 1490 1847 potestatem
1514 1803 1692 1846 inponeret
1722 1804 1807 1834 tanti
1828 1801 1969 1833 benefici
1990 1803 2116 1845 accepti

238 1857 416 1900 consessio)
449 1856 710 1900 adstringebam
741 1857 933 1888 testimonio
965 1857 1182 1899 sempiterno.
1226 1857 1470 1889 Uerumtamen
1500 1868 1648 1888 caussam
1677 1855 1771 1886 illam
1794 1855 1962 1898 explicare
1984 1866 2117 1887 necesse

239 1923 306 1942 non
331 1916 417 1949 erat,
455 1920 558 1951 quom
582 1915 694 1941 custos
719 1911 843 1953 eapitis
872 1909 1103 1947 antecesserit3
1143 1915 1175 1940 et
1198 1909 1383 1940 uerborum
1405 1910 1671 1952 permutationes
1692 1920 1729 1940 ac
1757 1909 1889 1940 litterae
1911 1907 1997 1938 nihil
2019 1908 2117 1940 adiu-

240 1970 320 1994 uant.
343 1962 621 1994 emendationem.
667 1964 788 2004 Neque
811 1974 892 1993 uero
917 1961 1063 1992 eicienda
1091 1973 1160 1993 esse
1183 1962 1242 1993 illa
1270 1963 1323 1994 uir
1345 1963 1566 1995 acutissumus
1588 1974 1656 1994 non
1680 1961 1767 1993 uidit
1790 1959 1951 1993 Wolfius.
1990 1962 2117 1994 GARA-

241 2025 388 2046 Toxlus-
433 2015 505 2057 Ego
533 2015 611 2057 quid
634 2016 673 2046 de
696 2016 770 2046 loco
794 2015 853 2046 illo
877 2021 1015 2057 totaque
1038 2014 1100 2046 ista
1123 2015 1276 2046 oratione
1298 2016 1459 2055 iudicem,
1482 2016 1548 2047 alio
1571 2021 1724 2058 tempore
1747 2025 1785 2046 ac
1809 2014 1883 2045 loco
1906 2024 2116 2055 expromam.

328 2068 423 2107 Quae
444 2074 590 2112 propter
613 2069 664 2100 rei
686 2069 964 2112 magnitudinem
985 2069 1079 2100 dicta
1104 2068 1144 2100 de
1167 2069 1295 2112 scripto
1321 2069 1384 2112 est)
1427 2069 1509 2100 Fuit
1531 2069 1614 2100 haec
1643 2066 1845 2099 consuetudo
1872 2066 2117 2109 Romanorum,

243 2125 281 2151 ut
305 2130 379 2149 cum
402 2119 440 2149 de
464 2132 498 2151 re
521 2121 745 2162 grauissuma,
780 2133 864 2163 quae
887 2121 1070 2152 intentiore
1095 2132 1173 2152 cura
1200 2121 1349 2164 indigere
1371 2121 1567 2161 uidebatur,
1604 2120 1783 2152 dicendum
1806 2125 1907 2159 esset,
1941 2130 2013 2150 eam
2037 2131 2119 2152 con-

244 2172 427 2204 scriberent
449 2179 524 2203 ante
548 2179 580 2204 et
603 2173 760 2216 scriptam
782 2174 1024 2216 praelegerent.
1071 2173 1141 2205 Cfr.
1164 2186 1227 2217 pro
1253 2175 1360 2206 Sestio
1390 2186 1418 2206 0.
1443 2176 1493 2207 61.
1522 2174 1610 2206 Phil.
1633 2174 1663 2213 I,
1691 2184 1716 2204 1.
1747 2172 1799 2211 X,
1824 2183 1853 2203 2.
1883 2177 1916 2203 et
1942 2172 2119 2204 11Ιᾶ1111311-

245 2226 324 2256 dum
347 2224 382 2254 in
406 2223 508 2265 praes.
532 2225 570 2255 ad
598 2237 644 2257 or.
669 2233 827 2269 quattuor
850 2226 890 2258 ab
918 2225 1048 2258 Wolfio
1073 2227 1173 2259 editas
1206 2240 1239 2271 p.
1263 2229 1382 2260 LXIII
1404 2240 1472 2270 sq..
1518 2228 1675 2259 Ceterum
1697 2236 1766 2256 non
1789 2231 1837 2256 est
1860 2224 2011 2264 dubium,
2038 2225 2120 2268 quin

246 2289 285 2308 eo
309 2276 448 2308 consilio
474 2277 589 2307 (icero
613 2280 799 2311 orationem
830 2280 924 2311 illam
947 2279 989 2310 de
1012 2280 1136 2323 scripto
1161 2292 1230 2313 esse
1253 2281 1376 2312 dictam
1398 2292 1487 2312 nunc
1509 2279 1696 2317 monuerit,
1727 2284 1765 2308 ut
1787 2288 1906 2308 eorum
1932 2284 2119 2310 occurreret

246 2328 484 2366 criminationi,
509 2329 565 2370 qui
589 2342 671 2371 quae
695 2332 735 2362 de
758 2333 893 2364 Plancio
917 2333 952 2364 in
976 2345 1013 2364 ea
1036 2334 1160 2376 scripta
1182 2334 1417 2372 recitabantur,
1440 2338 1555 2376 postea
1578 2332 1713 2362 demum
1732 2331 1789 2362 uel
1810 2341 1900 2361 nunc
1921 2340 1940 2360 a
1955 2330 2119 2362 Cicerone

247 2382 409 2425 temporis
443 2392 555 2413 caussa
584 2383 706 2414 inserta
738 2387 909 2417 criminari
937 2393 1082 2428 possent.
1128 2388 1263 2418 Reuera
1289 2393 1400 2418 autem
1429 2385 1600 2417 recitatam
1628 2396 1698 2417 esse
1725 2384 1819 2415 illam
1842 2382 2003 2414 orationis
2026 2383 2120 2416 istius
