2264 2746
481 541 537 584 M.
603 540 894 584 TULLI
953 535 1476 582 CICERONIS

670 694 1284 750 ORATIO

918 862 1042 893 PRO

338 998 1627 1069 CN.PLANCIO.

46 1323 73 1356 I.
94 1297 224 1368 Quom
252 1328 396 1366 propter
420 1321 588 1365 egregiam
615 1328 648 1354 et
669 1322 876 1365 singularem
898 1322 960 1354 Cn.
983 1319 1110 1361 Planci,
1134 1317 1272 1360 iudices,
1295 1318 1331 1350 in
1355 1329 1431 1350 mea
1447 1317 1554 1349 salute
1577 1314 1796 1348 custodienda
1818 1313 1946 1349 fidem1

46 1381 115 1408 tam
137 1376 262 1408 multos
286 1382 318 1407 et
341 1376 446 1408 bonos
472 1375 564 1406 uiros
587 1375 657 1407 eius
680 1376 804 1407 honori
826 1375 980 1407 uiderem
1004 1385 1075 1406 esse
1096 1372 1269 1413 fauitores,
1293 1372 1464 1416 capiebam
1487 1371 1599 1402 animo
1621 1381 1691 1401 non
1712 1367 1920 1400 mediocrem

47 1430 275 1473 uoluptatem,
306 1429 414 1472 quod,
439 1429 531 1460 cuius
558 1428 705 1460 officium
727 1429 813 1460 mihi
836 1427 936 1460 saluti
959 1426 1095 1466 fuisset,
1125 1426 1156 1457 ei
1179 1437 1335 1457 meorum
1359 1432 1553 1468 temporum
1575 1422 1775 1455 memoriam
1797 1419 1921 1453 suffra-

47 1483 120 1526 gari
140 1482 309 1514 uidebam.
356 1483 470 1524 Quom
493 1487 605 1512 autem
627 1481 796 1520 audirem,
831 1493 924 1513 meos
957 1480 1083 1525 partim
1105 1479 1260 1511 inimicos
1285 1479 1411 1522 parth
1440 1478 1574 1510 inuidos
1604 1477 1682 1509 huic
1704 1472 1921 1507 accussationi

49 1546 119 1567 esse
140 1534 318 1575 sauitores,
343 1535 552 1577 eandemque
575 1546 648 1566 rem
670 1533 899 1566 aduersariam
921 1547 991 1567 esse
1011 1534 1048 1566 in
1070 1533 1195 1565 iudicio
1219 1534 1281 1565 Cn.
1305 1531 1459 1571 Plancio,
1483 1543 1568 1574 quae
1591 1530 1626 1562 in
1648 1529 1811 1574 petitione
1835 1525 1921 1558 fuis-

49 1594 100 1620 set
121 1588 287 1629 adiutrix,
317 1588 493 1628 dolebam,
523 1587 668 1627 iudices,
693 1592 727 1618 et
748 1587 867 1619 acerbe
888 1587 1055 1628 ferebam,
1088 1586 1117 1619 si
1139 1586 1240 1619 huius
1262 1586 1350 1619 salus
1373 1585 1416 1617 ob
1440 1596 1514 1616 eam
1535 1584 1644 1628 ipsam
1666 1593 1813 1615 caussam
1836 1585 1921 1612 esset

123 1746 194 1785 Cn.)
223 1748 260 1783 E,
281 1748 336 1783 Le,
356 1748 406 1782 Pa,
427 1748 482 1783 Pb,
501 1747 544 1774 Pc
565 1746 645 1779 Gn.,·
679 1745 761 1775 idem
782 1746 903 1775 codices
930 1756 986 1786 per
1012 1750 1108 1775 totam
1129 1746 1303 1775 orationem
1323 1755 1391 1774 cum
1412 1744 1464 1774 Ma
1484 1743 1527 1773 sic
1548 1743 1696 1784 scribunt.
1716 1754 1752 1764 —
1779 1736 1920 1776 Plancio)

49 1795 75 1825 E
99 1797 232 1834 planw,
259 1796 304 1823 Lc
331 1796 463 1823 Plautio
490 1800 599 1822 contra
627 1795 827 1823 Laterensem
836 1805 847 1829 ;
873 1795 926 1823 Ma
952 1799 983 1822 et
1008 1794 1079 1830 Mb,
1111 1794 1193 1832 quod
1213 1794 1307 1823 semel
1326 1792 1481 1823 monuisse
1500 1792 1552 1821 hic
1572 1790 1716 1826 sufficiat,
1745 1786 1920 1828 promiscue

49 1852 131 1872 nunc
151 1844 300 1871 Plautius
320 1852 401 1870 nunc
422 1843 576 1871 Plancius
596 1840 750 1877 scribunt,
771 1847 802 1870 et
820 1843 872 1871 Mc
893 1846 1069 1870 constanter
1088 1843 1240 1872 Plancus.

124 1906 159 1935 C.
179 1906 202 1934 I.
224 1905 251 1945 §.
275 1915 298 1934 1.
320 1904 436 1943 Quom)
458 1905 508 1933 Sic
528 1904 573 1940 E,
595 1894 660 1940 Quo
681 1903 833 1941 scribens3
860 1905 909 1934 Lb
943 1906 1021 1933 Tum
1047 1916 1135 1941 cum;
1164 1904 1260 1935 ceteri
1287 1916 1365 1935 cum.
1385 1918 1424 1926 --
1446 1901 1588 1944 propfer)
1609 1901 1639 1929 D
1654 1911 1721 1939 per.
1740 1912 1778 1921 —·
1803 1902 1835 1927 et
1854 1897 1921 1926 sin-

50 1952 197 1993 gularem)
218 1954 261 1982 Pa
281 1965 338 1983 om.
359 1969 397 1975 —-
416 1951 536 1991 Planci)
558 1952 608 1980 Sic
629 1952 655 1980 E
677 1957 708 1980 et
727 1954 796 1990 Mc;
816 1953 862 1982 Lc
876 1955 1000 1991 planti,
1019 1955 1072 1983 Ma
1086 1955 1201 1991 plani,
1222 1961 1249 1992 ψ
1268 1955 1431 1992 Pompeii;
1459 1951 1553 1981 ceteri
1574 1949 1712 1979 Plancii.
1731 1960 1769 1970 -·
1787 1944 1920 1985 iudices)

51 2003 94 2030 Pa
119 2013 177 2031 om.
204 2017 242 2023 —-
267 2001 346 2041 mea)
375 2003 422 2041 23
451 2012 495 2030 ea.
514 2015 552 2021 -
578 1999 789 2038 custodienda)
816 2001 843 2028 E
870 2003 1120 2036 custodiendam,
1149 2011 1167 2039 χ
1183 2011 1195 2030 1
1225 2001 1447 2030 constituenda.
1466 2015 1504 2021 —-
1531 1996 1656 2036 honori)
1676 1996 1722 2035 χ5
1741 1996 1862 2024 honore.
1882 2008 1920 2018 —-

51 2049 211 2089 fauitores)
233 2050 283 2078 Sic
303 2051 343 2086 B;
365 2050 389 2078 C
407 2049 562 2087 fauturos
569 2069 578 2082 ,
600 2047 696 2076 ceteri
714 2048 869 2086 fautores.
889 2065 927 2071 —-
945 2048 1051 2089 saluti)
1072 2051 1115 2078 Pa
1134 2051 1254 2078 salutis.
1273 2064 1312 2070 —
1330 2046 1500 2086 suffi'agari)
1519 2046 1547 2075 E
1566 2044 1754 2084 suffragare.
1774 2059 1811 2066 —-
1830 2043 1919 2073 uide-

52 2097 133 2136 bam)
153 2109 171 2130 ς
191 2098 325 2126 uidebat.
344 2113 383 2119 —

126 2160 240 2201 Quom)
269 2162 319 2190 Sic
340 2171 394 2199 ego
418 2172 515 2199 corr.;
542 2159 618 2189 libri
645 2170 720 2188 cum.
740 2174 779 2181 ·—-
804 2158 901 2198 meos)
922 2161 974 2189 Mc
1000 2171 1080 2189 meos
1100 2163 1203 2190 etiam.
1221 2174 1261 2182 —
1285 2155 1413 2198 partim)
1441 2165 1476 2184 ου
1503 2167 1568 2194 0m3
1596 2155 1643 2185 ed.
1670 2156 1730 2184 Ox.
1751 2163 1815 2183 non
1834 2153 1918 2183 indi-

55 2208 151 2245 cauit,
177 2214 280 2238 utrum
307 2210 394 2248 prius
419 2221 457 2238 an
485 2209 649 2248 posterius.
669 2224 707 2230 —
733 2207 844 2246 partim
872 2206 1027 2246 inimicos)
1056 2210 1107 2237 Mc
1136 2219 1194 2236 om.
1214 2222 1251 2230 ·-
1276 2206 1389 2246 partim
1409 2204 1551 2233 inimicos
1583 2203 1696 2243 partim
1715 2202 1853 2241 inuidos)
1872 2203 1917 2231 Pb

50 2258 170 2290 partim
188 2257 312 2285 inuidos
328 2260 447 2295 parlim
466 2259 612 2285 inimicos.
631 2271 670 2278 —·
687 2255 847 2294 fauitores)
869 2256 919 2284 Sic
940 2256 980 2293 B3
1000 2257 1042 2284 Pa
1060 2256 1210 2294 factores,
1232 2264 1251 2293 χ
1263 2265 1275 2284 1
1299 2260 1329 2284 et
1349 2254 1426 2290 duo,
1444 2258 1480 2282 ut
1498 2252 1638 2288 uidetur,
1658 2250 1732 2280 Pan.
1744 2250 1919 2289 fauturos;

55 2302 149 2330 ceteri
166 2304 320 2341 fautores.
336 2320 374 2326 —
392 2304 607 2344 aduersariam)
628 2306 657 2333 D
679 2306 852 2334 aduersam.
872 2320 910 2325 —
929 2303 963 2331 in
982 2302 1111 2342 indicio)
1131 2304 1197 2339 Mb,
1216 2303 1258 2338 H,
1279 2308 1310 2332 et
1328 2313 1346 2335 ς
1366 2312 1430 2339 om;
1451 2305 1497 2330 set
1516 2300 1549 2328 in
1567 2300 1623 2329 Mb
1643 2309 1760 2338 supers.
1781 2304 1815 2327 ut
1834 2299 1917 2326 inse-

54 2349 158 2378 renda.
177 2365 213 2371 —-
232 2351 320 2390 quae)
341 2354 387 2391 753
408 2364 505 2391 quem.
524 2370 562 2375 —
581 2355 614 2382 in
634 2352 800 2392 petitione)
821 2353 863 2380 Pa
883 2362 952 2380 cum
965 2353 1125 2388 peticione.
1140 2366 1178 2372 —
1197 2350 1317 2389 fuisset)
1335 2352 1388 2381 Mc
1409 2356 1494 2379 essee.
1507 2363 1546 2370 —
1565 2347 1715 2386 adiutrix)
1734 2348 1786 2377 Ma
1805 2357 1863 2376 om.
1880 2360 1916 2368 —

56 2395 209 2436 dolebam)
230 2398 254 2426 C
274 2400 424 2428 debebam.
444 2416 482 2421 —
500 2401 605 2441 huius)
626 2410 661 2429 ου
681 2407 712 2430 et
731 2402 776 2439 23
795 2401 880 2430 llaec.
899 2415 936 2422 —

129 2458 239 2499 ipsam)
259 2468 293 2488 ου
314 2472 371 2490 om.
391 2477 428 2484 —-
447 2464 578 2503 causam)
599 2466 641 2493 Pa
661 2475 720 2493 om.
741 2479 779 2485 --

1467 2513 1502 2540 13
