2264 2746
732 97 756 126 c
776 96 805 126 A
825 99 864 128 P.
904 98 959 127 111.
979 96 1006 137 ς.
1026 102 1054 130 s.
1079 114 1117 119 -
1141 98 1198 127 1v.
1218 97 1244 138 ς.
1266 104 1292 132 9.
1912 104 1947 131 ετ

73 176 229 209 Romano
255 180 424 216 tamquam
448 185 525 216 pars
549 171 692 204 ciuitatis
717 178 845 204 ceterae
868 172 995 204 ciuitati
1019 180 1258 216 opponuntur,
1294 174 1341 205 ita
1364 180 1477 206 tamen
1505 180 1544 206 ut
1573 180 1646 206 tum
1669 172 1807 205 nomine
1825 174 1950 217 populi

72 229 225 262 Romam·
248 239 381 270 semper
405 228 567 259 maiestas
588 225 709 269 populi
732 225 948 267 significetur.
996 227 1046 257 Ita
1069 227 1188 258 Cicero
1212 227 1252 258 ad
1281 227 1405 259 iudices
1430 239 1610 259 conuersus
1635 227 1715 258 dicit
1738 226 1773 257 in
1797 228 1897 259 Uerr.
1921 227 1947 267 I,

75 282 127 321 16,
151 281 202 321 47.
227 281 288 312 hoc
310 286 360 312 est
381 281 568 318 iudicium,
592 280 627 310 itz
652 292 717 322 qno
739 292 800 311 uos
823 280 864 311 cle
888 292 962 317 reo,
984 281 1134 323 populus
1156 281 1335 312 Romanus
1359 282 1400 313 cle
1423 281 1520 313 uobis
1544 280 1722 313 iudicabit.
1770 278 1840 311 Cfr.
1864 279 1947 310 ibid.

70 346 98 366 c.
126 346 152 366 1.
182 335 211 376 §.
237 345 266 365 2.
293 345 320 364 c.
351 333 398 364 14.
424 334 452 374 ἓ.
478 332 529 362 42.
553 343 580 362 c.
608 332 656 363 15.
681 332 710 373 ᾗ.
734 333 785 366 43.
811 332 863 363 44.
890 344 917 363 c,
947 345 993 374 17·
1019 334 1048 374 ξ.
1071 334 1122 364 51.
1167 332 1274 362 Porro
1299 334 1341 363 11.
1364 333 1513 366 inUerr.
1536 334 1598 372 IV,
1623 333 1673 374 57,
1698 332 1749 364 81.
1772 332 1948 365 nobilitati

69 387 255 431 opponitur
281 385 434 429 populus
456 386 646 417 Romanus.
690 385 822 416 Eodem
849 392 961 416 autem
991 397 1089 416 seusu
1121 396 1197 415 cum
1226 396 1359 416 necesse
1382 386 1425 416 sit
1448 386 1510 417 hoc
1532 392 1649 417 nostro
1675 385 1749 416 loco
1774 385 1946 417 iudicibus

68 439 196 483 opponi
213 439 381 483 populum
406 439 620 475 Romanum,
647 438 837 479 quaeritur,
862 444 977 468 utrum
1000 444 1076 479 apta
1099 438 1142 468 sit
1165 448 1201 467 ea
1224 438 1407 478 sententia,
1438 450 1480 469 au
1500 439 1642 470 uerbum
1664 439 1816 471 Romani
1839 436 1945 468 deleri

67 492 196 531 debeat,
221 503 296 522 cum
320 491 354 522 111
377 502 469 532 seqq.
494 496 527 521 et
551 490 824 522 antecedentibus
852 490 892 521 de
909 492 1041 534 populo
1065 496 1195 521 tautum
1218 501 1328 522 sermo
1353 491 1406 523 sit.
1452 492 1513 523 Est
1535 499 1646 523 autem
1670 492 1842 534 aptissima
1862 502 1946 534 pro-

69 551 200 588 pterea,
234 543 324 585 quod
345 543 462 574 Cicero
487 543 519 574 id
546 555 707 574 maxume
729 543 793 574 hoc
815 543 888 574 loco
912 543 997 584 agit,
1028 548 1065 573 ut
1088 542 1259 581 ostendat,
1295 544 1390 575 nullo
1420 550 1518 587 pacto
1548 544 1713 576 iudicibus
1737 543 1874 576 concedi
1894 543 1946 575 ius

67 609 164 642 posse
187 609 263 628 eum
287 596 568 638 condempnaudi,
597 596 650 626 cui
673 596 707 626 in
724 595 868 627 comitiis
893 594 1069 626 mandatus
1092 593 1136 625 sit
1157 594 1383 636 magistratus.
1432 596 1533 637 Quod
1558 609 1657 638 quam
1690 598 1818 629 inicum
1848 601 1943 637 esset,

65 650 169 692 magis
194 648 346 692 profecto
366 649 527 687 elucebat,
555 649 581 680 si
605 649 708 680 totius
733 647 876 678 ciuitatis
900 646 1073 684 iudicium,
1099 658 1200 688 quam
1226 648 1254 678 si
1272 648 1438 690 inperitae
1460 655 1592 680 tantum
1617 650 1845 681 multitudinis
1868 660 1946 681 sen-

64 703 202 737 tentiam
230 701 292 733 ista
326 701 523 732 condicione
553 701 593 732 ab
628 700 793 732 iudicibus
822 710 1022 741 reprensum
1054 698 1096 729 iri
1128 700 1297 731 monebat.
1344 702 1471 732 Contra
1492 702 1529 732 111
1552 701 1682 743 reliqua
1706 702 1825 733 exordi
1848 707 1944 745 parte

64 769 139 789 cum
163 767 239 794 eos,
280 753 338 796 qui
360 753 518 795 suffragia
540 752 686 792 ferrent,
724 764 919 785 maxumam
943 758 1074 794 partem
1098 752 1170 783 sine
1195 754 1335 785 consilio
1361 760 1393 785 et
1416 754 1548 785 ratione
1569 754 1719 785 iudicare
1743 754 1944 792 ostenderet,

62 808 258 846 necessario,
286 818 329 837 116
353 807 472 849 populi
489 806 636 838 Romani
658 806 866 837 maiestatem
889 805 1066 836 uideletur
1089 805 1233 846 laedere,
1260 806 1302 837 ad
1325 808 1493 850 populum
1515 808 1551 839 id
1573 807 1809 839 tantummodo
1833 813 1944 838 trans-

61 862 153 895 ferre
183 860 335 892 debebat.
380 860 503 890 Denuo
528 858 617 891 infra
640 870 667 891 6.
690 859 736 891 V.
768 859 892 900 §.15.,
924 869 1025 900 quem
1054 858 1166 890 locum
1196 860 1298 891 modo
1321 860 1523 901 adtulimus,
1554 861 1727 905 populum
1748 861 1943 892 Romanum

61 914 181 947 maluit
211 925 310 956 quam
334 913 505 956 populum
535 923 612 942 cum
638 912 822 943 Laterense
850 911 1047 953 loquentem
1078 911 1311 953 introducere,
1351 914 1429 956 quia
1457 926 1526 946 11011
1557 913 1705 957 populus
1726 918 1776 944 set
1798 917 1869 943 tota
1889 922 1942 942 res

61 968 197 1013 publica
221 965 300 1008 quid
324 976 343 996 a
365 966 549 1006 Laterense
572 969 727 1006 expectet
752 970 785 995 et
807 965 975 1007 postulet,
1000 965 1172 1007 explicare
1194 965 1279 996 uolt.

144 1022 268 1063 Itaque
287 1030 511 1061 quamquam,
534 1030 601 1060 qun
624 1017 741 1056 nolui,
766 1018 874 1049 ianua
897 1031 973 1050 sum
995 1019 1174 1061 ingressus
1196 1020 1233 1052 in
1257 1019 1427 1063 caussam)
1458 1019 1549 1062 Quia
1570 1019 1694 1061 loquor
1718 1017 1759 1049 de
1782 1015 1943 1059 dignitate

60 1080 132 1115 tua,
161 1071 251 1115 quod
274 1071 441 1103 nolebam.
485 1070 700 1103 ΜΑΝΗΤΙΕΒ.

883 1158 1003 1193 CAP.
1054 1159 1119 1195 IV·

146 1235 176 1276 §.
197 1244 226 1276 9.
271 1232 451 1272 Quantum
474 1242 536 1274 ego
559 1243 581 1262 a
604 1236 636 1263 te
658 1231 874 1275 dissentiam)
921 1231 1010 1264 Uide
1032 1232 1165 1275 Proleg.
1190 1231 1267 1264 Lib.
1294 1233 1338 1264 II.
1363 1234 1400 1265 C.
1423 1233 1450 1265 I.
1479 1234 1508 1275 ἕ.
1533 1233 1562 1265 8.
1586 1244 1621 1276 p.
1646 1231 1897 1265 XL—XLII..

141 1287 244 1320 Facit
266 1285 333 1326 eos)
380 1285 479 1316 Creat
502 1284 578 1315 illos
602 1284 826 1325 magistratus.
872 1283 1018 1316 Inferius
1043 1297 1070 1315 c.
1094 1286 1140 1317 V.
1171 1285 1211 1316 Si
1241 1287 1541 1330 qzcotz'ensemnque
1569 1287 1780 1330 praeteritus
1808 1287 1875 1318 erit
1898 1285 1940 1323 is,

59 1340 119 1385 qui
142 1351 207 1370 non
231 1338 386 1370 debuerit
403 1337 606 1381 praeteriri,
631 1338 754 1368 totiens
778 1337 946 1380 oportebit
972 1351 1060 1376 eum,
1089 1338 1329 1381 quisae-tus
1353 1340 1462 1378 erit,
1486 1340 1738 1383 condempnari.
1769 1339 1814 1370 Et
1831 1350 1858 1368 c.
1875 1338 1938 1370 VI.

59 1393 123 1425 Sin
145 1392 207 1423 hoc
230 1403 398 1433 persaepe
431 1391 577 1428 (recidit,
617 1396 656 1421 ut
679 1396 712 1422 et
725 1389 881 1433 factos
911 1391 1046 1434 aliquos
1076 1397 1109 1422 et
1137 1404 1217 1422 non
1239 1391 1389 1434 factos
1417 1405 1487 1424 esse
1509 1394 1686 1425 miremur.
1732 1391 1851 1423 Cicero
1874 1401 1938 1432 pro

56 1446 149 1478 Mur.
172 1444 331 1474 c-XXV.
357 1443 529 1486 Optumus
554 1443 698 1486 quisque
720 1455 797 1474 eum
819 1455 885 1474 non
901 1443 955 1486 fa
966 1457 981 1474 1·
991 1444 1036 1475 it.
1081 1443 1126 1475 II.
1149 1443 1188 1474 ad
1207 1444 1287 1476 Diu.
1303 1455 1332 1486 9.
1356 1445 1441 1476 Cum
1460 1447 1635 1488 gratulor,
1660 1452 1733 1477 tum
1755 1456 1836 1476 uero
1861 1442 1939 1485 qui-

58 1498 119 1530 bus
142 1497 255 1530 uerbis
279 1496 342 1527 tibi
362 1496 501 1538 gratias
524 1508 630 1539 agam
656 1508 721 1527 non
746 1498 901 1540 reperio,
935 1497 1026 1539 quod
1048 1497 1097 1528 ita
1127 1496 1280 1536 factus
1303 1498 1370 1535 εἰς,
1399 1504 1439 1529 ut
1464 1500 1598 1531 dederis
1621 1499 1734 1536 nobis,
1774 1494 1937 1540 quemad-

57 1551 196 1583 modum
221 1550 409 1592 scripseras
432 1550 568 1588 adme,
595 1562 693 1592 quem
719 1561 850 1593 semper
876 1550 989 1581 ridere
1012 1562 1197 1593 possemus.
1244 1551 1451 1583 GRAEUIUS.

142 1603 296 1635 Etiamsi
319 1602 462 1642 iudicat)
508 1602 562 1633 Sic
585 1613 628 1633 ex
653 1603 678 1634 B
703 1608 736 1633 et
758 1603 786 1633 E
813 1602 970 1645 rescripsi
993 1615 1056 1646 pro
1080 1603 1215 1645 uolgato
1239 1604 1271 1635 si
1294 1605 1444 1643 iudicat,
1467 1605 1530 1636 hac
1552 1604 1670 1636 ductus
1693 1615 1822 1642 caussa,
1846 1599 1938 1644 quod

57 1654 228 1700 quomodo
252 1654 356 1685 etiam
378 1654 534 1686 excidere
557 1655 675 1687 librari
698 1656 909 1699 neglegentia
931 1656 1092 1698 potuerit,
1115 1655 1246 1687 facilius
1270 1657 1481 1700 intellegitur
1504 1669 1605 1700 quam
1630 1669 1689 1688 cur
1713 1656 1785 1698 quis
1808 1654 1937 1686 adden-

57 1710 137 1741 dum
162 1707 302 1750 putarit.
348 1707 514 1738 scribitur
539 1708 629 1740 enim
652 1709 716 1740 hoc
739 1708 928 1752 conpendio
951 1703 995 1742 ἷιῖ.
1038 1710 1181 1740 Sensum
1204 1715 1316 1741 autem
1341 1710 1432 1752 quod
1454 1710 1592 1752 adtinet,
1614 1723 1683 1742 non
1705 1710 1852 1741 multum
1879 1707 1936 1738 in-

55 1768 178 1795 teresse
200 1765 311 1803 patet‚
342 1765 457 1790 utrum
480 1761 511 1792 si
532 1772 574 1792 an
597 1763 734 1794 etiamsi
755 1762 896 1804 legatur.

140 1814 222 1847 Non
247 1813 379 1844 deles-ta
405 1813 535 1856 aliquo)
572 1815 692 1846 Bauar.
716 1826 793 1846 cum
817 1814 1006 1857 quibusque
1029 1815 1227 1846 melioribus
1254 1817 1383 1849 dilectio
1406 1817 1532 1857 scribit,
1561 1817 1651 1860 quod
1675 1827 1750 1847 cum
1764 1811 1933 1846 Lambino

57 1874 90 1900 et
112 1867 229 1900 Cortio
254 1865 398 1908 probare
418 1866 521 1897 soleo.
567 1867 628 1898 Est
652 1867 741 1899 enim
766 1880 808 1899 ex
830 1868 1038 1910 antiquitatis
1062 1868 1139 1899 fide.
1179 1869 1438 1901 GARATOMUS.
1482 1872 1563 1902 Non
1592 1876 1692 1901 recte.
1736 1867 1825 1901 Uide
1848 1865 1934 1898 Kri-

55 1920 162 1952 tzium
184 1919 225 1950 ad
249 1919 384 1950 Sallust.
409 1920 480 1950 Cat.
506 1919 544 1950 C.
567 1920 741 1952 XXXVI.
767 1921 796 1962 ξ.
820 1921 850 1951 5.
876 1933 910 1963 p.
939 1922 1025 1953 166..

139 1972 352 2013 Diserimen)
365 1973 444 2004 Non
458 1973 546 2003 enim
559 1972 805 2011 discernit‚non
817 1973 993 2015 distinguit
1003 1986 1068 2013 eos,
1083 1974 1139 2016 qui
1152 1981 1281 2017 petunt,
1298 1987 1340 2006 ex
1350 1975 1479 2006 meritis
1497 1981 1530 2006 et
1540 1974 1710 2017 dignitate.
1719 1974 1932 2006 BIANUTIUS·

140 2026 351 2069 Diligentia)
397 2027 436 2057 In
461 2025 692 2056 examinandis
717 2025 877 2068 cuiusque
898 2027 1039 2058 meritis.
1083 2028 1298 2060 BIANUTIFS.

140 2079 283 2122 Culpam
306 2097 348 2103 —
373 2078 545 2121 aeenssas)
591 2079 681 2110 Rara
709 2079 846 2110 locutio.
893 2080 951 2111 Set
977 2079 1022 2111 ita
1053 2080 1154 2111 etiam
1180 2081 1317 2122 Quinct.
1341 2080 1411 2119 XI,
1447 2091 1478 2119 1,
1512 2080 1563 2112 81.
1606 2081 1716 2125 Culpa
1738 2092 1828 2112 nunc
1850 2093 1933 2119 rem,

57 2145 144 2176 quae
162 2134 306 2175 ponitur
337 2134 371 2164 itz
396 2133 498 2175 culpa
521 2132 696 2174 siguificat.
742 2132 796 2163 Sic
824 2144 887 2175 pro
913 2133 998 2164 Rab.
1023 2133 1112 2164 Post.
1135 2134 1184 2172 II,
1213 2133 1244 2164 4.
1279 2135 1313 2164 in
1332 2139 1502 2176 paternae
1525 2135 1646 2178 culpae
1668 2134 1933 2167 similitudinem

57 2185 223 2216 deductus
246 2190 306 2216 est.
329 2197 429 2226 quem
452 2186 564 2217 locum
587 2186 718 2228 primus
742 2191 831 2216 recte
858 2186 1042 2228 explicauit
1065 2186 1238 2217 Ferratius
1262 2186 1350 2229 Epp.
1376 2187 1417 2225 ΙΙ,
1453 2188 1482 2219 6.
1510 2199 1543 2230 p.
1568 2189 1607 2229 95
1630 2199 1699 2229 sq..
1744 2186 1845 2220 Adde
1867 2197 1931 2228 pro

58 2238 143 2269 Sest.
165 2238 377 2276 XXXVIII,
401 2239 453 2271 81).
478 2239 537 2271 ubi
559 2245 609 2271 est
631 2240 777 2277 crimen,
801 2240 892 2282 qnod
914 2240 1150 2282 repremlitis?
1181 2251 1244 2282 pro
1269 2240 1312 2281 Q.
1336 2239 1450 2282 Ligar.
1474 2252 1501 2271 c.
1526 2241 1552 2272 Ι.
1577 2241 1607 2282 §.
1633 2252 1661 2272 2.
1693 2241 1810 2284 itaque
1827 2239 1931 2283 prius

56 2291 99 2322 de
121 2296 236 2321 nostro
257 2290 379 2321 delicto
405 2292 641 2335 confiteamini
662 2297 837 2330 necessest,
862 2304 964 2335 qnam
986 2293 1119 2334 Ligari
1142 2293 1278 2324 ullam
1302 2293 1470 2336 eulpam
1493 2294 1837 2337 reprehendatis.
1860 2293 1933 2323 Lo-

58 2343 192 2374 cutione
214 2349 324 2373 autem
349 2356 418 2375 rem
439 2358 619 2378 aceussare
640 2357 719 2376 usus
745 2351 794 2376 est
823 2345 940 2376 Cicero
966 2356 1029 2388 pro
1054 2345 1102 2376 M.
1129 2345 1243 2376 Caelio
1269 2346 1348 2385 XII,
1374 2358 1423 2389 29.
1478 2347 1524 2378 Ut
1548 2346 1612 2377 tibi
1633 2359 1729 2378 reum
1751 2347 1930 2383 neminem,

57 2402 107 2428 set
129 2397 220 2428 uitia
239 2408 431 2439 proponas,
453 2411 506 2430 res
530 2405 643 2432 tamen
667 2400 743 2442 ipsa
766 2404 798 2429 et
821 2399 952 2441 copiose
975 2404 1007 2430 et
1027 2400 1189 2441 grauiter
1211 2401 1388 2432 accussari
1404 2406 1530 2443 potest.
1555 2406 1588 2431 et
1610 2400 1701 2431 alibi.

1454 2454 1512 2484 21*
