2264 2746
721 96 745 125 C
765 95 793 124 A
814 97 837 125 P
850 118 856 124 .
897 96 969 126 VII.
997 95 1023 137 §
1043 102 1086 129 17.
1106 113 1142 119 -
1162 98 1250 127 VIII.
1277 98 1305 139 5.
1326 105 1370 131 20.
1946 111 1982 140 85

109 171 200 204 nari
227 171 467 211 Plancium,
507 170 616 213 quod
645 182 691 202 ea
719 183 787 203 res
820 183 839 203 ιι
852 183 900 203 on
929 172 1013 203 min
1025 185 1067 205 us
1100 173 1222 205 etiam
1256 174 1302 205 ad
1334 175 1540 207 honorem
1571 187 1691 207 suum
1720 178 1981 223 pertineret,

109 237 198 257 cum
222 224 506 268 paucissimos
531 224 549 255 d
563 236 579 255 e
601 224 689 256 suis
714 224 881 257 ciuibus
905 226 1109 257 haberent
1131 227 1365 259 senatoriis
1388 229 1710 271 magistratibus
1733 230 1980 266 honoratos.

106 277 339 309 Praeterea
361 283 401 308 et
425 277 524 308 hinc
546 277 645 308 istis
669 277 928 310 ciuitatibus
952 278 1089 310 adicit
1112 279 1431 321 differentiam,
1457 282 1565 323 quod
1590 282 1790 314 Atinates
1813 296 1982 328 semper

106 330 277 362 ciuibus
307 330 397 361 suis
428 329 644 368 fauerant3
687 331 925 362 Tusculani
958 331 1191 374 plurimum
1222 332 1376 364 liuoris
1412 335 1675 366 naturaliter
1706 335 1829 367 etiam
1862 337 1981 370 circa

104 383 347 425 municipes
371 396 384 413 s
398 394 471 413 uos
494 383 698 415 habuisse
721 384 939 416 uidentur.
986 384 1053 415 Sic
1077 391 1117 415 et
1140 385 1187 416 M.
1213 386 1314 416 Cato
1337 386 1417 416 ille
1441 387 1661 419 censorius
1693 399 1768 431 pro
1790 389 1981 432 maligno

104 442 145 468 et
168 436 317 467 inuido
341 435 513 466 habitus
537 437 650 479 est¹).
695 438 781 469 Nec
805 438 934 469 aliter
958 437 1089 468 etiam
1112 438 1309 469 Lucilius
1337 438 1385 468 dc
1410 440 1637 471 eorundem
1660 441 1859 481 jmoribus
1882 454 1981 474 sen-

105 489 136 520 ti
148 495 160 521 t
182 490 203 520 h
215 502 233 520 O
244 500 260 519 c
284 488 302 518 d
315 488 405 518 icen
416 500 448 518 s:
472 499 493 529 p
505 488 609 519 rima
631 489 713 532 Pap
725 490 758 520 ir
770 490 806 521 ia
817 490 844 533 ²)
868 497 912 521 tu
935 490 1043 521 solid
1054 501 1168 520 arum
1182 491 1455 532 ³)...SC110L1A
1480 493 1687 525 UATICANA.

186 543 336 585 Propter
359 542 588 585 uicinitatem)
633 543 722 574 Nam
745 543 939 575 Atinatibus
964 543 1110 574 finitumi
1134 550 1213 575 sunt
1234 544 1430 587 Arpinates.
1475 544 1688 577 lNIAx't‘Tlt'S.

186 595 306 626 Huius
333 611 376 617 ·—-
405 594 463 626 (Ἰι.
493 595 693 639 Saturnini)
738 596 807 637 Qui
842 596 957 627 aderat
973 620 980 636 ‚
1025 602 1063 627 ut
1100 595 1189 627 infra
1227 598 1264 628 C.
1294 597 1374 629 Mt.
1407 597 1436 638 5.
1467 607 1517 639 29.
1558 611 1634 630 omn.
1667 601 1728 632 stoc
1761 600 1819 633 Cn.
1854 600 1979 633 Satur-

104 647 194 678 nino.
233 647 448 678 MANFTIUS.

184 699 282 732 EVM),
314 701 501 732 malevolos
524 712 591 732 non
615 713 685 732 esse
705 705 796 732 certo
819 700 903 742 scio)
947 701 983 732 H
992 713 1010 732 O
1019 712 1036 732 c
1067 700 1085 731 d
1096 700 1106 731 i
1117 700 1203 731 citu
1213 711 1230 730 r
1258 700 1303 730 ab
1327 712 1345 731 e
1354 712 1372 731 o
1402 702 1417 732 ἒ
1426 713 1446 732 ν
1468 699 1583 743 office,-
1620 714 1639 744 q
1649 714 1669 733 u
1680 703 1748 746 ipp
1758 715 1775 734 e
1799 716 1844 735 cu
1854 717 1888 736 m
1911 705 1931 736 d
1942 705 1981 737 i-

101 763 195 783 uers
208 764 273 783 um
303 752 431 783 intell
443 753 509 795 egi
538 752 666 791 uelit,
700 752 878 784 simulat
907 765 980 785 con
992 760 1052 785 tra
1076 752 1348 785 Tusculanos
1379 764 1400 783 u
1412 764 1535 785 erecu
1547 754 1686 786 ndiam
1713 757 1980 790 maleuolen-

102 805 185 836 tiae
208 818 229 836 ιι
241 817 285 847 eg
297 805 384 836 atio
396 817 416 836 ιι
433 817 461 836 e.
507 806 669 837 ScnoLIA
693 806 900 837 UATICANA.

194 859 434 890 Uelzementins
457 870 598 889 suorum
619 858 744 889 honore
768 858 914 898 laetari)
938 858 987 888 Ita
1011 869 1071 888 cur
1093 856 1298 899 scripserim,
1323 858 1491 901 explicaui
1508 860 1640 902 Prole-g.
1654 861 1695 892 L.
1711 862 1753 892 Π.
1772 863 1810 895 C.
1825 863 1851 894 I.
1867 865 1896 905 5.
1914 877 1961 898 10.
1970 889 1980 899 .

185 912 214 952 5.
240 922 290 943 20.
334 911 524 953 Habemus)
548 911 597 942 Ut
619 908 791 940 laetemur*
806 910 936 941 honore
958 909 1170 951 municipum
1192 916 1400 942 nostrorum.
1444 913 1658 945 BIANUTitsss.

187 964 284 1003 Quid
305 975 367 1006 ego
389 965 430 995 de
452 976 522 1001 me,
545 964 585 994 de
598 961 721 1005 fratre
745 974 817 993 meo
842 963 1000 1006 loquar?)
1047 963 1240 993 Pronomen
1264 964 1348 1006 quid
1357 989 1366 1002 ,
1397 965 1486 1005 quod
1512 966 1679 998 Graeuius
1706 973 1783 999 ante
1806 969 1847 1001 de
1859 968 1981 1012 fratoe

103 1028 147 1048 ex
169 1016 361 1047 coniectura
383 1014 608 1058 repetendum
632 1013 766 1056 putauit
789 1025 869 1054 esse,
897 1026 971 1046 cum
997 1015 1105 1047 codex
1130 1016 1248 1047 habeat
1271 1017 1520 1049 Laurentianus
1544 1019 1719 1059 secundus,
1744 1021 1809 1052 erit
1829 1020 1980 1061 fortasse,

103 1070 157 1100 cui
179 1067 478 1112 reprehendendus
501 1067 637 1107 uidear,
663 1066 753 1109 quod
773 1079 842 1098 non
865 1069 1063 1111 receperim.
1109 1070 1240 1101 Uerum
1264 1069 1343 1099 uide
1366 1069 1498 1112 Proleg.
1522 1072 1564 1102 L.
1589 1072 1631 1103 Π.
1658 1073 1695 1104 C.
1719 1074 1744 1104 I.
1773 1075 1802 1115 5.
1820 1086 1845 1105 1.
1857 1098 1865 1106 .
1909 1077 1981 1109 Ac-

101 1122 207 1161 cedit,
247 1121 337 1164 quod
360 1132 397 1152 re
422 1120 615 1162 diligentius
643 1120 808 1162 pensitam
832 1133 875 1152 ne
898 1121 1188 1153 accommodatum
1212 1121 1349 1162 quidem
1376 1123 1489 1153 sensui
1512 1125 1589 1156 satis
1614 1132 1673 1156 est.
1717 1127 1855 1158 Faceret
1879 1129 1979 1169 enim,

100 1181 140 1206 ut
161 1174 378 1217 praecipuam
399 1173 471 1204 uini
494 1172 598 1203 uerba
621 1174 662 1204 de
677 1172 796 1216 fratre
812 1187 884 1206 meo
906 1175 1081 1215 haberent,
1106 1187 1124 1217 q
1131 1185 1191 1205 uae
1212 1185 1282 1204 non
1306 1173 1428 1205 debere
1450 1187 1532 1217 prae
1555 1177 1672 1208 ceteris
1697 1177 1858 1221 distingui
1880 1188 1980 1224 patet.

103 1228 139 1260 Si
163 1228 217 1259 cui
239 1223 433 1260 ἀσύνθετον
456 1225 649 1268 displiceat,
676 1224 827 1258 faciliore
851 1227 878 1259 is
902 1227 1138 1259 emendatione
1162 1233 1194 1258 et
1216 1227 1416 1269 particulam
1440 1227 1550 1258 addat.

186 1282 343 1322 Quorum
382 1279 567 1312 honoribus
609 1280 692 1322 agri
723 1293 835 1324 prope
871 1282 984 1312 dicam
1020 1281 1089 1323 ipsi
1131 1286 1327 1324 montesque
1361 1278 1551 1322 funerant)
1618 1284 1628 1324 (
1642 1281 1712 1315 ‘Yw
1721 1297 1734 1315 ε
1743 1296 1759 1326 ρ
1768 1285 1793 1327 ῥ’
1802 1297 1817 1316 ο
1827 1286 1844 1317 λ
1853 1299 1862 1317 ι
1872 1298 1889 1317 κ
1900 1287 1924 1318 ὦ
1933 1300 1949 1323 ς
1967 1287 1979 1330 )

102 1335 182 1367 hoc
216 1333 385 1365 dixisse
420 1332 645 1371 uideatur,
700 1333 789 1363 nisi
826 1332 1169 1375 interposuisset
1210 1332 1557 1375 uigilantissime
1597 1340 1932 1378 temperamenti]
1945 1352 1980 1372 m

102 1386 304 1419 interced
317 1385 485 1416 entibus
507 1385 543 1427 4)
581 1384 748 1425 uerbis,
802 1385 911 1428 quod
949 1385 1007 1416 ait
1043 1397 1149 1428 prop
1162 1397 1179 1416 e
1223 1385 1375 1416 dicam:
1427 1397 1520 1417 nam
1553 1398 1689 1429 neque
1718 1390 1809 1430 agri
1847 1403 1980 1435 neque

103 1445 271 1472 montes
302 1443 484 1481 possunt
514 1437 672 1469 habere
700 1438 838 1470 ullum
876 1449 1043 1469 sensum
1076 1437 1145 1469 fau
1158 1438 1264 1477 oris3
1310 1437 1377 1469 sed
1414 1437 1692 1483 (ἀναίσθητα)
1724 1453 1827 1483 quae
1862 1450 1979 1482 sunt,

102 1492 189 1524 uim
211 1505 224 1523 s
239 1503 285 1522 en
295 1498 364 1522 ten
374 1490 406 1521 ti
417 1502 435 1521 a
446 1502 463 1521 e
488 1490 507 1521 d
517 1503 535 1522 e
558 1491 632 1522 hac
654 1503 688 1522 ιιι
698 1491 745 1522 od
757 1503 826 1522 era
836 1491 927 1522 tion
938 1502 955 1521 e
978 1503 992 1522 s
1002 1502 1023 1521 ιι
1033 1502 1066 1521 m
1076 1503 1089 1522 s
1100 1502 1202 1522 erun
1214 1498 1236 1522 t.
1262 1492 1422 1522 ScnomA
1439 1493 1646 1524 UATICANA.
1672 1495 1758 1525 Cum
1773 1506 1832 1537 ego
1848 1495 1892 1527 A.
1908 1497 1980 1528 Mai

105 1544 290 1576 editionem
312 1555 435 1575 nouam
445 1568 453 1583 ‚
489 1555 577 1575 anno
600 1545 775 1587 superiore
798 1544 951 1575 emissam
962 1568 970 1583 ,
1012 1555 1077 1585 qua
1100 1543 1251 1575 eiusdem
1280 1544 1474 1586 interpretis
1498 1545 1736 1585 Ambrosiam,
1771 1559 1871 1589 quein
1895 1549 1979 1590 dixi,

105 1597 210 1629 altera
232 1608 309 1639 pars
321 1621 329 1637 ,
357 1608 441 1639 quae
463 1596 500 1628 in
522 1597 740 1640 palimpsesto
765 1597 927 1630 Uaticano
952 1596 1060 1635 latuit,
1088 1597 1282 1637 euolgatast,
1306 1596 1358 1628 his
1382 1597 1461 1639 ipsis
1486 1597 1621 1628 demum
1650 1598 1777 1638 diebus,
1800 1607 1980 1643 postquam

106 1650 213 1682 oratio
237 1649 414 1681 Planciana
436 1649 527 1692 typis
558 1650 625 1681 iam
655 1662 776 1681 excusa
799 1656 879 1689 erat,
906 1649 1030 1691 insigni
1053 1649 1233 1688 Niebuhri,
1257 1649 1324 1680 uiri
1348 1650 1518 1681 celeberru
1525 1650 1580 1689 mi,
1605 1651 1805 1683 liberalitate
1826 1660 1979 1685 mutuam

104 1703 307 1746 acceperim:
331 1702 386 1733 hic
408 1701 443 1732 iu
466 1704 708 1735 commentario
733 1702 886 1734 lectionis
910 1702 1184 1745 discrepantiam,
1209 1713 1294 1744 quae
1316 1702 1351 1733 in
1374 1703 1509 1734 scholiis
1533 1704 1702 1736 Uaticanis
1726 1710 1790 1745 est,
1817 1706 1978 1738 adnotare

104 1763 234 1788 coactus
257 1767 342 1787 sum.
388 1754 567 1798 Discrepat
589 1762 700 1787 autem
724 1755 875 1799 primum
897 1755 962 1787 hoc
985 1756 1059 1787 loco
1083 1756 1122 1787 ab
1148 1767 1202 1795 ea,
1241 1766 1341 1797 quam
1363 1756 1493 1798 recepi,
1531 1757 1698 1800 scriptura
1727 1757 1792 1789 sic:
1834 1770 1978 1801 quorum

181 1911 208 1950 1)
228 1910 377 1939 Catonem
399 1909 553 1948 Scipionis
577 1913 661 1936 certe
680 1908 804 1936 maioris
825 1907 939 1946 gloriae
959 1908 1108 1937 inuidisse
1128 1910 1263 1938 ostendit
1282 1909 1393 1938 Liuius
1414 1908 1616 1944 XXXVIII,
1638 1908 1698 1937 54..
1735 1908 1774 1936 A.
1794 1910 1914 1939 Mnns.

179 1958 210 1998 2)
230 1958 387 1996 Loquitur
407 1958 473 1985 sinc
494 1957 587 1985 dubio
608 1956 749 1984 Lucilius
771 1956 807 1984 de
830 1956 953 1994 Papiria
972 1956 1066 1986 tribu.
1107 1958 1209 1993 Quare
1230 1968 1318 1985 nemo
1340 1958 1483 1994 deinceps
1505 1957 1641 1991 dubitet,
1662 1956 1736 1994 quin
1757 1956 1924 1984 Tusculani
1945 1957 1978 1986 in

107 2005 230 2045 Papiria
250 2006 335 2034 tribu
355 2006 529 2043 suffragium
550 2004 695 2040 tulerint3
716 2013 774 2042 qua
795 2003 831 2031 dc
844 2013 888 2038 re,
908 2009 1126 2042 praetereaque
1147 2005 1184 2033 dc
1204 2005 1295 2034 liuius
1317 2005 1415 2033 tribus
1435 2003 1651 2032 malcuolcntia
1673 2008 1755 2032 extat
1776 2004 1979 2042 peridoneum

105 2055 182 2083 Liui
200 2054 411 2082 testimonium
432 2053 526 2089 VIII,
546 2054 608 2086 37.:
628 2053 805 2080 memoriam
825 2053 890 2079 eius
910 2053 976 2079 irae
1000 2051 1185 2081 Piis-calamis
1206 2055 1240 2081 in
1256 2063 1373 2090 poenae
1394 2058 1457 2079 tam
1477 2054 1590 2079 atrocis
1611 2058 1750 2079 auc-tores
1771 2055 1918 2081 mansisse
1938 2054 1982 2082 ad

102 2107 232 2139 patrimi
251 2108 383 2130 aetatem
403 2107 541 2135 constal;
561 2111 615 2128 nec
635 2109 817 2138 quemquam
832 2099 936 2137 fiarme
955 2110 991 2127 ex
1004 2100 1110 2128 Pollia
1131 2101 1214 2128 triba
1236 2099 1322 2138 (quae
1339 2098 1529 2126 Tusculanos
1551 2098 1757 2137 dmnnaucrat)
1777 2100 1979 2128 candidatum

108 2149 276 2185 Papiriam
287 2149 378 2185 firre
402 2151 535 2178 solitum,
575 2147 660 2184 Quin
680 2147 754 2175 adeo
776 2147 933 2185 Papirium
954 2157 1074 2185 quoquc
1095 2147 1275 2176 dictatorcm
1297 2146 1482 2174 laborauisse
1507 2146 1623 2174 inuidia
1643 2147 1787 2174 aduersus
1807 2157 1893 2175 suum
1914 2158 1978 2176 nia-

108 2195 237 2233 gistrum
257 2195 384 2225 Fabium
409 2197 589 2225 Rullianum
615 2200 745 2234 propter
771 2204 837 2222 reni
858 2204 890 2221 se
910 2195 1033 2222 absente
1054 2195 1188 2223 feliciter
1209 2201 1338 2233 gestam,
1371 2194 1501 2232 ideoque
1521 2194 1707 2232 supplicium
1727 2193 1764 2221 de
1783 2194 1838 2222 illo
1859 2205 1979 2223 sumere

110 2243 261 2278 uoluisse,
282 2243 324 2271 ait
343 2244 455 2272 Fabius
475 2249 562 2283 pater
582 2244 614 2271 in
635 2243 780 2271 contione
802 2247 875 2280 aput
897 2242 1023 2271 Liuium
1044 2242 1139 2278 VIII,
1159 2243 1222 2271 31..
1261 2242 1298 2269 A.
1319 2243 1437 2270 Mmus.

183 2289 213 2327 5)
234 2290 317 2318 Num
336 2301 392 2329 pro
415 2293 651 2320 tusculanarum
671 2292 721 2319 uel
743 2290 996 2318 tusczcliclarum?
1016 2289 1162 2327 Sequitur
1177 2296 1277 2318 autem
1294 2289 1462 2317 uersiculns
1483 2299 1606 2326 graccus
1628 2289 1831 2317 oblitteratus.
1852 2289 1890 2317 A.
1906 2290 1978 2318 M».-

113 2347 172 2366 ms.
192 2338 386 2366 Probabilius
406 2339 544 2374 uidetur,
571 2340 824 2374 Tascoliclarum,
844 2349 901 2376 qua
921 2338 1018 2365 forma
1039 2347 1100 2364 non
1122 2342 1167 2365 cst
1187 2337 1269 2375 quod
1291 2337 1448 2364 Lucilium
1470 2347 1556 2364 usum
1577 2346 1640 2363 esse
1660 2337 1814 2364 miremur.

185 2384 215 2422 li)
237 2385 286 2413 Sic
307 2396 345 2414 ex
365 2386 541 2414 coniectura
560 2386 686 2424 scripsi3
707 2386 773 2414 cod.
795 2385 1005 2414 recedentibus
1027 2384 1136 2422 habet,
1166 2385 1266 2414 Maius
1281 2385 1536 2423 praecedentibus
1556 2384 1651 2412 malit.
