2264 2746
239 88 292 117 118
877 73 1453 105 COMMENTARIUS.

321 156 465 189 Primus
488 155 592 187 sciuit
614 154 723 195 legem
744 151 785 183 (Ze
802 148 1015 194 publicanis)
1062 148 1132 191 Qui
1153 148 1187 179 in
1210 148 1313 188 tribu,
1338 148 1428 191 quod
1443 146 1650 192 principium
1662 145 1739 186 fuit,
1762 146 1891 189 primus
1913 149 2109 191 suffragium

239 207 335 248 tulit,
366 209 557 251 legemque,
590 216 673 247 quae
702 202 889 243 ferebatur,
920 201 1079 244 suffragio
1107 213 1167 233 suo
1191 201 1424 244 conprobauit.
1468 203 1586 233 Festus
1614 200 1651 231 iu
1676 200 1979 244 IViquisciuits
2012 201 2110 235 Nam

240 262 375 293 sciscito
397 259 577 305 significat
598 257 803 288 sententiam
825 256 932 288 dicito
954 268 994 287 ac
1018 254 1232 299 szff‘agimn
1247 252 1369 297 fert03
1404 256 1493 287 unde
1515 254 1602 286 scita
1620 253 1743 297 plebis-

326 315 384 353 Si,
415 314 494 357 quia
513 311 651 354 primus
675 309 798 347 sciuit,
835 315 954 341 utrum
976 308 1015 340 id
1035 308 1139 339 sortis
1163 319 1232 338 esse
1255 307 1328 345 uis,
1360 319 1405 338 an
1428 308 1519 345 eius,
1557 306 1616 349 qui
1639 306 1738 337 illam
1761 306 1871 348 legem
1884 304 2046 349 ferebat?
2081 308 2112 338 si

239 368 360 405 sortis,
383 366 518 397 nullum
540 363 668 395 crimen
691 367 741 393 est
763 362 800 393 in
823 374 921 403 casu,
947 362 978 392 si
1000 360 1166 399 consulis,
1189 359 1351 403 splendor
1372 360 1477 391 etiam
1499 360 1627 391 Planci
1649 359 1724 402 etc.)
1768 360 1850 391 Non
1873 358 2009 398 dubito,
2033 358 2114 401 quin

239 419 281 458 is,
307 419 363 461 qui
386 418 515 460 primus
538 416 647 458 legem
672 413 846 454 sciscebat,
871 414 1076 457 deligeretur
1098 412 1138 443 ab
1162 423 1220 452 eo,
1245 412 1303 454 qui
1329 413 1437 455 legem
1460 412 1606 451 ferebat3
1630 419 1668 444 ut
1692 412 1848 444 Sedulius
1871 423 1890 442 a
1907 410 2027 443 Clodio
2051 410 2117 442 tri-

240 473 330 503 buno
354 472 400 513 pl.
427 470 535 510 legem
559 468 592 498 111
618 468 817 500 Ciceronem
840 467 970 498 ferente
994 467 1141 497 delectus
1165 471 1225 505 est,
1250 465 1291 496 de
1315 477 1381 507 quo
1405 465 1452 496 sic
1475 465 1627 497 oratione
1650 477 1712 508 pro
1738 464 1838 495 domo
1865 465 1905 506 [c.
1920 464 2005 505 50.]:
2029 463 2117 496 Con-

241 524 352 555 sulari
380 523 510 554 homini
532 522 576 554 P.
599 521 739 554 Clodius
763 533 884 554 euersa
907 531 943 551 re
962 518 1108 562 publica
1130 519 1308 551 ciuitatem
1329 519 1481 551 adimere
1502 520 1618 562 potuit
1647 518 1790 551 com-ilio
1817 518 2006 556 aduocato,
2037 528 2117 548 con-

241 576 351 608 ‹lm-tis
375 576 486 618 operis
509 587 575 606 non
598 575 709 606 solum
734 574 927 617 egentium,
950 577 1000 604 set
1023 572 1129 604 etiam
1151 583 1348 610 seruorum,
1372 571 1512 603 Sedulio
1530 573 1709 615 principe,
1730 571 1798 614 'qui
1821 583 1855 602 se
1878 571 1939 602 illo
1961 570 2018 602 die
2038 582 2119 602 con-

234 628 360 672 firmat
383 630 516 661 Romae
537 640 603 659 non
618 626 761 670 fuisse?
804 626 937 666 Quodsi
958 624 1138 668 nonfuit,
1172 626 1258 669 quid
1285 630 1316 656 te
1344 624 1532 663 audacius,
1566 626 1625 669 qui
1649 625 1685 656 in
1708 636 1765 655 aes
1791 625 1863 656 eius
1886 635 2006 656 nomen
2032 623 2121 655 inci-

239 682 355 714 deris?
396 682 482 725 quid
503 680 738 723 desperatius,
767 679 827 722 qui
849 691 891 710 ne
919 678 1130 710 ementiendo
1154 678 1292 721 quidem
1309 677 1467 721 potueris
1491 683 1666 709 auctorem
1687 677 1895 709 adumbrare
1916 676 2118 709 meliorem?

239 736 293 767 sin
317 740 434 766 autem
457 734 486 764 is
512 745 538 776 p
551 733 633 763 rim
643 744 665 763 ιι
676 745 691 763 s
715 732 874 770 sciuit,
912 731 1003 774 quod
1015 730 1130 774 facile
1145 731 1264 774 potuit
1281 735 1427 773 propter
1453 730 1607 774 inopiam
1629 731 1711 762 tecti
1733 731 1769 762 in
1789 730 1874 774 foro
1892 735 2119 774 pernoctans:

241 801 303 821 cur
326 800 393 820 non
416 787 519 824 iuret,
544 798 578 816 se
601 784 758 817 Gadibus
770 785 901 829 fuisse,
924 796 1002 815 cum
1025 789 1063 815 tu
1086 789 1119 815 te
1131 783 1251 827 fuisse
1272 784 1494 815 Interamnae
1510 783 1739 827 probaueris?
1760 784 1975 815 MANUTJLS·
2015 781 2119 814 Addo

241 852 326 883 quae
348 840 424 873 Nic.
450 837 620 869 Gruchius
644 837 685 869 de
710 838 864 870 Comitiis
889 837 992 868 Rom.
1020 836 1097 868 Lib.
1122 837 1165 868 ΙΙ.
1190 848 1217 867 c.
1241 837 1302 869 IV.
1325 847 1359 878 p.
1384 835 1456 867 681.
1480 836 1582 867 Thes.
1608 837 1733 867 Graeu.
1758 836 1800 867 T.
1824 837 1850 867 Ι.
1880 835 1922 867 ad
1945 834 2121 878 explican—

241 893 323 924 dum
346 894 435 925 1111110
457 891 570 922 10011111
592 890 743 922 monuit:
774 890 857 929 „Ex
880 889 944 921 hoc
958 889 1129 921 Ciceronis
1152 889 1226 921 loco
1250 888 1402 930 intellegi
1424 894 1554 931 potest,
1578 899 1667 928 eum,
1691 889 1749 931 qui
1770 889 1901 933 primus
1924 887 2122 930 suffragium

240 945 389 985 ferebat,
422 943 548 986 partim
571 948 661 974 sorte
685 942 787 984 deligi
810 942 965 982 solitum,
998 942 1124 986 partim
1146 942 1323 973 uoluntate
1345 941 1521 984 rogatoris.
1566 942 1739 974 Hactenus
1763 942 1854 973 enim
1876 954 1948 974 sors
1969 942 2005 973 in
2025 953 2062 973 ea
2083 952 2123 973 re

241 999 355 1030 locum
385 996 545 1036 habebat,
581 1002 743 1038 quatenus
770 995 898 1027 tribum
921 996 1152 1027 centuriamue
1175 995 1388 1035 ostendebat,
1426 1006 1511 1037 quae
1533 995 1645 1037 prima
1671 995 1820 1037 roganda
1842 1002 1946 1036 esset,
1979 995 2122 1027 relicum

241 1063 324 1082 uero
351 1056 422 1081 erat
443 1050 479 1081 111
494 1050 669 1080 110111111310
691 1048 867 1089 rogatoris,
891 1055 991 1080 111οΧ
1006 1060 1044 1080 ea
1064 1049 1156 1080 tribu
1179 1049 1373 1080 centuriaue
1395 1048 1630 1091 praerogatiua
1652 1048 1799 1090 aliquem
1824 1048 1996 1091 deligeret,
2021 1061 2123 1092 quem

241 1104 393 1147 primum
416 1108 560 1144 rogaret.
606 1102 727 1142 Neque
750 1100 840 1131 0111111
862 1101 909 1131 113
931 1101 1023 1131 100115
1048 1100 1220 1132 Ciceronis
1245 1108 1294 1132 est
1316 1101 1606 1143 interpretandus,
1636 1107 1674 1132 ut
1698 1101 1912 1132 sortitionem
1935 1101 2009 1132 fieri
2032 1101 2125 1133 dica-

242 1169 317 1189 mus
340 1157 430 1188 iuter
453 1155 602 1186 eiusdem
625 1153 732 1184 tribus
756 1152 971 1183 centuriaeue
994 1152 1166 1193 homines,
1202 1152 1259 1195 qui
1290 1152 1421 1195 primus
1450 1153 1618 1194 rogandus
1653 1160 1748 1185 esset.
1794 1155 1882 1186 Nam
1912 1160 2047 1197 praeter
2075 1154 2123 1195 id,

244 1209 334 1252 quod
358 1214 409 1240 tot
431 1207 624 1239 sortitiones
647 1216 775 1248 ponere
800 1205 1005 1248 ineptumst,
1030 1205 1065 1236 id
1088 1217 1170 1236 uero
1193 1205 1334 1236 multost
1355 1205 1551 1244 absurdius,
1575 1205 1684 1237 omnis
1708 1206 1857 1238 eiusdem
1880 1208 1988 1239 tribus
2011 1208 2127 1239 homi-

243 1274 302 1294 nes
325 1262 360 1292 111
380 1261 497 1292 cistam
518 1259 602 1290 coici
624 1258 666 1289 ad
689 1257 721 1288 id
747 1258 849 1289 modo
872 1258 1102 1294 sortiendum,
1125 1257 1198 1299 quis
1220 1257 1351 1300 primus
1376 1264 1461 1290 esset
1482 1258 1669 1300 rogandus;
1693 1260 1892 1301 praesertim
1916 1271 1992 1291 cum
2014 1260 2051 1291 in
2073 1272 2126 1302 eo,

244 1321 361 1346 utrum
382 1313 513 1356 primus
536 1323 578 1342 an
601 1317 792 1354 postremus
814 1310 1013 1353 suffragium
1035 1309 1171 1350 diceret,
1195 1310 1283 1341 nihil
1302 1310 1463 1342 interesse
1486 1316 1610 1353 posset,
1635 1311 1725 1352 quod
1748 1311 1790 1342 ad
1812 1311 1949 1354 suffragi
1971 1313 2042 1344 uim
2064 1314 2127 1344 ad-

245 1368 342 1400 tinet.
385 1367 453 1399 Hic
477 1365 578 1397 etiam
600 1365 693 1397 locus
715 1366 807 1396 ualet
829 1365 871 1396 ad
895 1362 1165 1395 confirmandum
1189 1362 1242 1403 id,
1279 1363 1368 1405 quod
1392 1363 1494 1406 paulo
1517 1370 1594 1395 31110
1620 1364 1790 1403 diximus,
1823 1364 1960 1396 tributis
1982 1365 2126 1399 comitiis

245 1432 316 1453 non
349 1419 454 1451 alium
481 1418 583 1450 fuisse
613 1424 806 1460 rogatorem
828 1417 997 1455 tribuum,
1032 1422 1168 1459 praeter
1189 1415 1302 1458 ipsum
1323 1416 1574 1458 magistratum,
1611 1428 1630 1448 a
1653 1429 1719 1459 quo
1742 1416 1952 1448 habebantur
1979 1418 2126 1451 comitia.

245 1475 323 1507 Hoc
346 1473 437 1505 enim
460 1473 534 1504 loco
559 1471 682 1502 diserte
704 1470 844 1513 ponitur
867 1470 979 1513 ipsum
1002 1469 1175 1501 consulem
1199 1469 1376 1501 Caesarem
1398 1468 1501 1500 fuisse
1523 1476 1715 1511 rogatorem
1745 1468 1982 1511 suffragiorum
2004 1470 2044 1503 iis
2069 1483 2129 1503 co-

247 1526 369 1567 mitiis,
394 1526 515 1569 quibus
538 1525 595 1556 lex
618 1525 685 1556 lata
704 1529 753 1554 est
776 1522 816 1553 de
839 1521 1043 1554 remittenda
1065 1522 1252 1564 publicanis
1278 1515 1378 1554 tertia
1400 1528 1497 1565 parte
1519 1522 1745 1565 uectigalium.
1760 1525 1780 1539 ‘⁴
1824 1522 1877 1554 Ac
1900 1521 2030 1556 firmius
2047 1537 2128 1557 sane

249 1580 313 1612 hoc
335 1584 603 1621 argumentumst
627 1588 727 1620 quam
750 1576 882 1618 reliqua
904 1576 979 1615 illa,
1005 1587 1088 1618 quae
1113 1575 1251 1618 respicit
1275 1575 1463 1614 Gruehius,
1488 1574 1529 1605 de
1552 1574 1672 1616 quibus
1698 1573 1777 1605 uide
1801 1586 1884 1617 quae
1907 1587 1967 1608 nos
1990 1578 2128 1610 monui-

248 1644 324 1665 mus
346 1632 383 1664 in
405 1630 515 1664 Praef.
537 1630 580 1662 ad
603 1632 703 1664 Uarr.
726 1631 835 1662 Lectt.
859 1640 903 1661 ex
924 1628 998 1660 cod.
1020 1627 1095 1661 Ers.
1119 1634 1268 1660 enotatas
1290 1640 1325 1672 p.
1349 1628 1499 1662 CLXVI
1519 1638 1587 1669 sq..

1037 1717 1065 1751 C
1092 1715 1198 1753 ΑΡ.
1257 1715 1342 1751 XV.

338 1793 368 1834 §.
399 1792 450 1824 56.
495 1792 553 1824 Set
583 1790 772 1834 aliquando
803 1789 984 1822 ueniamus
1014 1790 1061 1822 ad
1086 1789 1257 1831 caussam)
1302 1790 1474 1821 Hactenus
1504 1786 1682 1830 respondit
1702 1787 1907 1828 maledictis,
1941 1800 2024 1831 quae
2046 1796 2124 1822 sunt

254 1851 350 1877 extra
372 1856 531 1877 caussam.
567 1845 782 1876 MANUTIUS.

337 1900 380 1931 In
404 1912 471 1942 qua
493 1905 531 1931 tu
553 1898 689 1930 nomine
711 1897 799 1939 legis
824 1896 1005 1934 Liciniae,
1028 1902 1148 1939 quaest
1168 1896 1210 1928 de
1232 1895 1424 1931 sodaliciis,
1446 1895 1554 1926 omnis
1575 1895 1723 1926 ambitus
1752 1894 1843 1938 leges
1867 1894 2048 1937 conplexus
2070 1908 2124 1927 es.-

255 1965 361 1996 neque
385 1953 476 1984 enim
498 1952 681 1995 quiequam
703 1950 794 1981 aliut
817 1950 852 1981 in
875 1950 939 1982 hac
962 1950 1037 1992 lege
1059 1950 1129 1980 nisi
1151 1950 1306 1982 editicios
1337 1948 1468 1980 iudices
1501 1960 1534 1979 es
1557 1947 1707 1988 secutus)
1750 1946 1983 1989 Reprehendit
2006 1948 2124 1980 Cicero

254 2005 489 2044 Laterensem,
522 2003 613 2046 quod
634 2002 810 2034 Plancium
831 2003 904 2045 lege
924 2001 1056 2033 Licinia
1079 2001 1120 2033 de
1142 2002 1309 2035 sodaliciis
1331 2012 1429 2032 reum
1450 1999 1585 2040 fecerit,
1613 2011 1689 2030 cum
1710 2011 1778 2030 non
1800 1999 2056 2041 sodaliciorum,
2084 2001 2126 2033 de

257 2057 376 2100 quibus
399 2058 455 2089 lex
478 2057 541 2088 ista
562 2057 629 2088 lata
651 2056 711 2096 sit,
740 2055 882 2087 crimina
904 2054 1082 2095 adtulerit,
1105 2067 1227 2086 uerum
1253 2053 1429 2091 eiusmodi,
1453 2059 1595 2096 propter
1619 2064 1702 2094 quae
1724 2051 1867 2082 ambitus
1890 2054 2124 2086 tantummodo

255 2111 418 2143 accussari
440 2110 593 2142 Plancius
617 2108 788 2148 debuerit,
811 2108 915 2151 idque
936 2119 1045 2139 unum
1066 2107 1249 2139 secundum
1273 2107 1381 2149 legem
1404 2106 1501 2138 istam
1526 2107 1743 2137 Laterensem
1766 2103 1882 2135 fecisse
1905 2105 1967 2144 ait,
1991 2112 2029 2138 ut
2052 2106 2125 2150 ipse

256 2163 383 2197 iudices
405 2176 463 2195 reo
487 2163 611 2195 ederet.
656 2163 816 2195 Ceterum
838 2161 928 2202 uide,
956 2171 1040 2203 quae
1063 2159 1104 2191 de
1126 2160 1199 2203 lege
1220 2159 1353 2192 Licinia
1374 2158 1409 2190 iu
1423 2158 1555 2201 Proleg.
1571 2159 1614 2189 L.
1630 2159 1689 2189 ΙΙΙ.
1707 2158 1818 2188 C.111.
1838 2169 1871 2200 p.
1896 2158 2034 2190 LXXII
2051 2171 2125 2202 sqq.

256 2216 462 2250 monuimus.

342 2269 465 2312 Neque
480 2269 570 2300 enim
583 2269 765 2312 quicquam
779 2269 870 2301 aliut
888 2268 924 2300 in
938 2267 1002 2299 hac
1016 2267 1091 2310 lege
1113 2266 1183 2299 nisi
1205 2265 1361 2298 editicios
1383 2265 1513 2297 iudices
1528 2276 1561 2295 es
1578 2263 1727 2306 secutus)
1751 2262 1813 2295 Ad
1838 2274 1880 2294 ea
1903 2274 2005 2305 quae
2026 2270 2125 2296 sunt

258 2321 501 2355 necessaria
523 2321 739 2354 conclusis
763 2321 987 2364 prioribus
1010 2319 1188 2358 transit,
1220 2324 1259 2349 et
1280 2317 1482 2360 potuisse
1503 2317 1780 2348 Laterensem
1807 2315 1854 2347 de
1878 2315 2033 2347 ambitu
2054 2327 2125 2348 ac—

260 2386 407 2408 cusare
428 2371 670 2416 significat,
702 2374 787 2404 nisi
808 2373 1037 2405 maluisset
1058 2372 1228 2404 idcirco
1250 2381 1364 2401 reum
1386 2370 1478 2411 lege
1499 2368 1671 2401 Licinia
1692 2368 1849 2409 facere,
1876 2375 1924 2400 ut
1943 2368 2124 2401 haberet
