<?xml version="1.0" encoding="UTF-8"?>
<!DOCTYPE html PUBLIC "-//W3C//DTD XHTML 1.0 Transitional//EN"
    "http://www.w3.org/TR/xhtml1/DTD/xhtml1-transitional.dtd">
<html xmlns="http://www.w3.org/1999/xhtml" xml:lang="en" lang="en">
 <head>
  <title>
</title>
<meta http-equiv="Content-Type" content="text/html;charset=utf-8" />
  <meta name='ocr-system' content='tesseract 3.04.00' />
  <meta name='ocr-capabilities' content='ocr_page ocr_carea ocr_par ocr_line ocrx_word'/>
</head>
<body>
  <div class='ocr_page' id='page_1' title='image "./oratioprocnplan00ciceuoft/oratioprocnplan00ciceuoft_0269.png"; bbox 0 0 2264 2746; ppageno 0'>
   <div class='ocr_carea' id='block_1_1' title="bbox 818 122 1968 162">
    <p class='ocr_par' dir='ltr' id='par_1_1' title="bbox 818 122 1968 162">
     <span class='ocr_line' id='line_1_1' title="bbox 818 122 1968 162; baseline 0.002 -11"><span class='ocrx_word' id='word_1_1' title='bbox 818 123 842 151; x_wconf 86' lang='lat' dir='ltr'>C</span> <span class='ocrx_word' id='word_1_2' title='bbox 864 123 891 151; x_wconf 91' lang='lat' dir='ltr'>A</span> <span class='ocrx_word' id='word_1_3' title='bbox 912 125 950 153; x_wconf 89' lang='lat' dir='ltr'>P.</span> <span class='ocrx_word' id='word_1_4' title='bbox 989 123 1115 153; x_wconf 83' lang='lat' dir='ltr'>XXIII.</span> <span class='ocrx_word' id='word_1_5' title='bbox 1144 122 1169 162; x_wconf 65' lang='grc' dir='ltr'>ς.</span> <span class='ocrx_word' id='word_1_6' title='bbox 1199 129 1244 154; x_wconf 82' lang='grc'>55.</span> <span class='ocrx_word' id='word_1_7' title='bbox 1916 131 1968 155; x_wconf 68' lang='lat'>1513</span> 
     </span>
    </p>
   </div>
   <div class='ocr_carea' id='block_1_2' title="bbox 75 196 1967 2398">
    <p class='ocr_par' dir='ltr' id='par_1_2' title="bbox 75 196 1967 2398">
     <span class='ocr_line' id='line_1_2' title="bbox 92 196 1967 242; baseline 0.001 -11"><span class='ocrx_word' id='word_1_8' title='bbox 92 198 296 242; x_wconf 87' lang='lat' dir='ltr'>nestatisque</span> <span class='ocrx_word' id='word_1_9' title='bbox 327 198 523 242; x_wconf 78' lang='lat' dir='ltr'>opinionem</span> <span class='ocrx_word' id='word_1_10' title='bbox 553 209 590 229; x_wconf 87' lang='lat' dir='ltr'>ac</span> <span class='ocrx_word' id='word_1_11' title='bbox 620 196 834 228; x_wconf 83' lang='lat' dir='ltr'>meritorum.</span> <span class='ocrx_word' id='word_1_12' title='bbox 880 197 969 231; x_wconf 87' lang='lat' dir='ltr'>Uide</span> <span class='ocrx_word' id='word_1_13' title='bbox 1001 198 1075 229; x_wconf 83' lang='lat' dir='ltr'>Ind.</span> <span class='ocrx_word' id='word_1_14' title='bbox 1107 198 1212 240; x_wconf 85' lang='lat' dir='ltr'>ipsius</span> <span class='ocrx_word' id='word_1_15' title='bbox 1240 197 1323 228; x_wconf 89' lang='lat' dir='ltr'>Ern.</span> <span class='ocrx_word' id='word_1_16' title='bbox 1354 209 1388 240; x_wconf 88' lang='lat' dir='ltr'>p.</span> <span class='ocrx_word' id='word_1_17' title='bbox 1413 198 1504 239; x_wconf 55' lang='grc' dir='ltr'>ὄις-ο..</span> <span class='ocrx_word' id='word_1_18' title='bbox 1549 199 1625 230; x_wconf 91' lang='lat' dir='ltr'>Hoc</span> <span class='ocrx_word' id='word_1_19' title='bbox 1650 211 1809 232; x_wconf 75' lang='lat' dir='ltr'>maxume</span> <span class='ocrx_word' id='word_1_20' title='bbox 1833 202 1967 232; x_wconf 86' lang='lat' dir='ltr'>Tullia·-</span> 
     </span>
     <span class='ocr_line' id='line_1_3' title="bbox 90 250 1965 293; baseline 0.001 -9"><span class='ocrx_word' id='word_1_21' title='bbox 90 264 172 284; x_wconf 89' lang='lat' dir='ltr'>num</span> <span class='ocrx_word' id='word_1_22' title='bbox 198 259 265 290; x_wconf 88' lang='lat' dir='ltr'>est,</span> <span class='ocrx_word' id='word_1_23' title='bbox 302 252 443 293; x_wconf 87' lang='lat' dir='ltr'>locoque</span> <span class='ocrx_word' id='word_1_24' title='bbox 473 250 551 282; x_wconf 91' lang='lat' dir='ltr'>huic</span> <span class='ocrx_word' id='word_1_25' title='bbox 579 261 739 281; x_wconf 78' lang='lat' dir='ltr'>maxume</span> <span class='ocrx_word' id='word_1_26' title='bbox 767 256 902 292; x_wconf 81' lang='lat' dir='ltr'>aptum3</span> <span class='ocrx_word' id='word_1_27' title='bbox 936 251 1000 282; x_wconf 88' lang='lat' dir='ltr'>hoc</span> <span class='ocrx_word' id='word_1_28' title='bbox 1030 251 1089 283; x_wconf 88' lang='lat' dir='ltr'>illa</span> <span class='ocrx_word' id='word_1_29' title='bbox 1124 250 1383 293; x_wconf 73' lang='lat' dir='ltr'>praepositionis</span> <span class='ocrx_word' id='word_1_30' title='bbox 1413 250 1575 281; x_wconf 85' lang='lat' dir='ltr'>eiectione</span> <span class='ocrx_word' id='word_1_31' title='bbox 1605 252 1788 284; x_wconf 74' lang='lat' dir='ltr'>obtinetur.</span> <span class='ocrx_word' id='word_1_32' title='bbox 1833 255 1965 285; x_wconf 77' lang='lat' dir='ltr'>&#39;samen</span> 
     </span>
     <span class='ocr_line' id='line_1_4' title="bbox 87 302 1964 348; baseline 0 -11"><span class='ocrx_word' id='word_1_33' title='bbox 87 317 125 337; x_wconf 87' lang='lat' dir='ltr'>eo</span> <span class='ocrx_word' id='word_1_34' title='bbox 139 304 291 348; x_wconf 72' lang='lat' dir='ltr'>facilius</span> <span class='ocrx_word' id='word_1_35' title='bbox 313 305 355 337; x_wconf 77' lang='lat' dir='ltr'>ab</span> <span class='ocrx_word' id='word_1_36' title='bbox 378 317 453 336; x_wconf 83' lang='lat' dir='ltr'>eam</span> <span class='ocrx_word' id='word_1_37' title='bbox 475 315 649 341; x_wconf 78' lang='lat' dir='ltr'><em>caussam,</em></span> <span class='ocrx_word' id='word_1_38' title='bbox 682 302 715 333; x_wconf 90' lang='lat' dir='ltr'>id</span> <span class='ocrx_word' id='word_1_39' title='bbox 746 315 827 334; x_wconf 89' lang='lat' dir='ltr'>uero</span> <span class='ocrx_word' id='word_1_40' title='bbox 859 304 958 335; x_wconf 84' lang='lat' dir='ltr'>babet</span> <span class='ocrx_word' id='word_1_41' title='bbox 987 316 1063 335; x_wconf 87' lang='lat' dir='ltr'>meo</span> <span class='ocrx_word' id='word_1_42' title='bbox 1095 303 1219 335; x_wconf 88' lang='lat' dir='ltr'>iudicio</span> <span class='ocrx_word' id='word_1_43' title='bbox 1250 303 1508 334; x_wconf 72' lang='lat' dir='ltr'>redundantiam</span> <span class='ocrx_word' id='word_1_44' title='bbox 1540 305 1706 346; x_wconf 88' lang='lat' dir='ltr'>quandam</span> <span class='ocrx_word' id='word_1_45' title='bbox 1737 307 1826 337; x_wconf 84' lang='lat' dir='ltr'>ultra</span> <span class='ocrx_word' id='word_1_46' title='bbox 1849 306 1964 348; x_wconf 84' lang='lat' dir='ltr'>copiae</span> 
     </span>
     <span class='ocr_line' id='line_1_5' title="bbox 85 353 1965 403; baseline 0.001 -15"><span class='ocrx_word' id='word_1_47' title='bbox 85 357 265 388; x_wconf 77' lang='lat' dir='ltr'>Tullianae</span> <span class='ocrx_word' id='word_1_48' title='bbox 286 356 438 388; x_wconf 87' lang='lat' dir='ltr'>modum.</span> <span class='ocrx_word' id='word_1_49' title='bbox 484 355 570 387; x_wconf 87' lang='lat' dir='ltr'>Satis</span> <span class='ocrx_word' id='word_1_50' title='bbox 591 353 743 397; x_wconf 86' lang='lat' dir='ltr'>profecto</span> <span class='ocrx_word' id='word_1_51' title='bbox 766 363 851 396; x_wconf 87' lang='lat' dir='ltr'>erat,</span> <span class='ocrx_word' id='word_1_52' title='bbox 886 363 949 389; x_wconf 81' lang='lat' dir='ltr'>ant</span> <span class='ocrx_word' id='word_1_53' title='bbox 975 357 1177 401; x_wconf 69' lang='lat' dir='ltr'>cefaz-ilius</span> <span class='ocrx_word' id='word_1_54' title='bbox 1201 357 1429 400; x_wconf 79' lang='lat' dir='ltr'>dignitatem,</span> <span class='ocrx_word' id='word_1_55' title='bbox 1460 369 1561 400; x_wconf 80' lang='lat' dir='ltr'>quam</span> <span class='ocrx_word' id='word_1_56' title='bbox 1585 357 1727 397; x_wconf 79' lang='lat' dir='ltr'>nolant,</span> <span class='ocrx_word' id='word_1_57' title='bbox 1756 371 1965 403; x_wconf 74' lang='lat' dir='ltr'>consequan-</span> 
     </span>
     <span class='ocr_line' id='line_1_6' title="bbox 85 408 1964 454; baseline 0.001 -13"><span class='ocrx_word' id='word_1_58' title='bbox 85 415 155 443; x_wconf 79' lang='lat' dir='ltr'>tur.</span> <span class='ocrx_word' id='word_1_59' title='bbox 197 411 313 451; x_wconf 74' lang='lat' dir='ltr'>Itaque</span> <span class='ocrx_word' id='word_1_60' title='bbox 336 409 374 441; x_wconf 85' lang='lat' dir='ltr'>ob</span> <span class='ocrx_word' id='word_1_61' title='bbox 396 422 471 441; x_wconf 79' lang='lat' dir='ltr'>eam</span> <span class='ocrx_word' id='word_1_62' title='bbox 497 421 654 440; x_wconf 75' lang='lat' dir='ltr'>caussam</span> <span class='ocrx_word' id='word_1_63' title='bbox 676 408 854 451; x_wconf 86' lang='lat' dir='ltr'>interpreti</span> <span class='ocrx_word' id='word_1_64' title='bbox 876 409 1124 452; x_wconf 64' lang='lat' dir='ltr'>adscripserim:</span> <span class='ocrx_word' id='word_1_65' title='bbox 1149 410 1202 440; x_wconf 90' lang='lat' dir='ltr'>cui</span> <span class='ocrx_word' id='word_1_66' title='bbox 1225 408 1407 451; x_wconf 87' lang='lat' dir='ltr'>suspicioni</span> <span class='ocrx_word' id='word_1_67' title='bbox 1431 409 1560 440; x_wconf 87' lang='lat' dir='ltr'>aditum</span> <span class='ocrx_word' id='word_1_68' title='bbox 1584 410 1691 441; x_wconf 84' lang='lat' dir='ltr'>codex</span> <span class='ocrx_word' id='word_1_69' title='bbox 1716 411 1775 442; x_wconf 87' lang='lat' dir='ltr'>ille</span> <span class='ocrx_word' id='word_1_70' title='bbox 1797 410 1964 454; x_wconf 84' lang='lat' dir='ltr'>patefacit.</span> 
     </span>
     <span class='ocr_line' id='line_1_7' title="bbox 84 461 1964 505; baseline 0.001 -12"><span class='ocrx_word' id='word_1_71' title='bbox 84 462 143 493; x_wconf 87' lang='lat' dir='ltr'>Set</span> <span class='ocrx_word' id='word_1_72' title='bbox 171 463 213 494; x_wconf 84' lang='lat' dir='ltr'>ab</span> <span class='ocrx_word' id='word_1_73' title='bbox 245 462 397 501; x_wconf 84' lang='lat' dir='ltr'>eiecisse,</span> <span class='ocrx_word' id='word_1_74' title='bbox 436 461 479 492; x_wconf 85' lang='lat' dir='ltr'>sit</span> <span class='ocrx_word' id='word_1_75' title='bbox 505 461 594 492; x_wconf 83' lang='lat' dir='ltr'>satis.</span> <span class='ocrx_word' id='word_1_76' title='bbox 634 462 893 493; x_wconf 63' lang='lat' dir='ltr'>GARATox&#39;ius.</span> <span class='ocrx_word' id='word_1_77' title='bbox 940 463 1026 494; x_wconf 92' lang='lat' dir='ltr'>Cum</span> <span class='ocrx_word' id='word_1_78' title='bbox 1055 462 1148 493; x_wconf 83' lang='lat' dir='ltr'>nulla</span> <span class='ocrx_word' id='word_1_79' title='bbox 1172 474 1310 505; x_wconf 89' lang='lat' dir='ltr'>prorsus</span> <span class='ocrx_word' id='word_1_80' title='bbox 1335 461 1433 492; x_wconf 88' lang='lat' dir='ltr'>unius</span> <span class='ocrx_word' id='word_1_81' title='bbox 1457 462 1576 492; x_wconf 87' lang='lat' dir='ltr'>Franci</span> <span class='ocrx_word' id='word_1_82' title='bbox 1600 463 1678 493; x_wconf 86' lang='lat' dir='ltr'>libri</span> <span class='ocrx_word' id='word_1_83' title='bbox 1701 464 1879 495; x_wconf 80' lang='lat' dir='ltr'>auctoritas</span> <span class='ocrx_word' id='word_1_84' title='bbox 1910 463 1964 502; x_wconf 77' lang='lat' dir='ltr'>sit,</span> 
     </span>
     <span class='ocr_line' id='line_1_8' title="bbox 82 513 1963 556; baseline 0.002 -11"><span class='ocrx_word' id='word_1_85' title='bbox 82 514 117 545; x_wconf 89' lang='lat' dir='ltr'>id</span> <span class='ocrx_word' id='word_1_86' title='bbox 145 514 234 556; x_wconf 89' lang='lat' dir='ltr'>quod</span> <span class='ocrx_word' id='word_1_87' title='bbox 258 514 293 545; x_wconf 89' lang='lat' dir='ltr'>in</span> <span class='ocrx_word' id='word_1_88' title='bbox 317 514 448 556; x_wconf 88' lang='lat' dir='ltr'>Proleg.</span> <span class='ocrx_word' id='word_1_89' title='bbox 474 515 515 545; x_wconf 90' lang='lat' dir='ltr'>L.</span> <span class='ocrx_word' id='word_1_90' title='bbox 538 514 581 544; x_wconf 90' lang='lat' dir='ltr'>II.</span> <span class='ocrx_word' id='word_1_91' title='bbox 607 513 644 545; x_wconf 88' lang='lat' dir='ltr'>C.</span> <span class='ocrx_word' id='word_1_92' title='bbox 666 514 692 544; x_wconf 91' lang='lat' dir='ltr'>I.</span> <span class='ocrx_word' id='word_1_93' title='bbox 718 515 823 555; x_wconf 48' lang='lat'>§.142</span> <span class='ocrx_word' id='word_1_94' title='bbox 848 521 1066 551; x_wconf 84' lang='lat' dir='ltr'>ostensumst‚</span> <span class='ocrx_word' id='word_1_95' title='bbox 1088 515 1307 556; x_wconf 85' lang='lat' dir='ltr'>minumeque</span> <span class='ocrx_word' id='word_1_96' title='bbox 1330 513 1525 545; x_wconf 88' lang='lat' dir='ltr'>uerosimile</span> <span class='ocrx_word' id='word_1_97' title='bbox 1551 514 1611 553; x_wconf 87' lang='lat' dir='ltr'>sit,</span> <span class='ocrx_word' id='word_1_98' title='bbox 1644 515 1819 556; x_wconf 82' lang='lat' dir='ltr'>librarios,</span> <span class='ocrx_word' id='word_1_99' title='bbox 1850 516 1877 548; x_wconf 86' lang='lat' dir='ltr'>si</span> <span class='ocrx_word' id='word_1_100' title='bbox 1901 522 1963 548; x_wconf 78' lang='lat' dir='ltr'>aut</span> 
     </span>
     <span class='ocr_line' id='line_1_9' title="bbox 81 565 1963 610; baseline 0 -11"><span class='ocrx_word' id='word_1_101' title='bbox 81 579 118 599; x_wconf 88' lang='lat' dir='ltr'>eo</span> <span class='ocrx_word' id='word_1_102' title='bbox 131 566 284 610; x_wconf 78' lang='lat' dir='ltr'>facilins</span> <span class='ocrx_word' id='word_1_103' title='bbox 313 566 475 608; x_wconf 88' lang='lat' dir='ltr'>scriptum</span> <span class='ocrx_word' id='word_1_104' title='bbox 506 565 750 608; x_wconf 84' lang='lat' dir='ltr'>repperissent,</span> <span class='ocrx_word' id='word_1_105' title='bbox 787 578 824 597; x_wconf 87' lang='lat' dir='ltr'>ea</span> <span class='ocrx_word' id='word_1_106' title='bbox 848 567 882 598; x_wconf 87' lang='lat' dir='ltr'>in</span> <span class='ocrx_word' id='word_1_107' title='bbox 910 567 1080 599; x_wconf 88' lang='lat' dir='ltr'>locutione</span> <span class='ocrx_word' id='word_1_108' title='bbox 1104 568 1290 599; x_wconf 78' lang='lat' dir='ltr'>offensuros</span> <span class='ocrx_word' id='word_1_109' title='bbox 1314 573 1347 598; x_wconf 90' lang='lat' dir='ltr'>et</span> <span class='ocrx_word' id='word_1_110' title='bbox 1369 566 1654 609; x_wconf 77' lang='lat' dir='ltr'>praepositionem</span> <span class='ocrx_word' id='word_1_111' title='bbox 1678 569 1719 601; x_wconf 82' lang='lat' dir='ltr'>ab</span> <span class='ocrx_word' id='word_1_112' title='bbox 1744 569 1845 601; x_wconf 85' lang='lat' dir='ltr'>fuisse</span> <span class='ocrx_word' id='word_1_113' title='bbox 1868 569 1963 600; x_wconf 85' lang='lat' dir='ltr'>addi-</span> 
     </span>
     <span class='ocr_line' id='line_1_10' title="bbox 82 618 1962 664; baseline 0.001 -12"><span class='ocrx_word' id='word_1_114' title='bbox 82 625 194 659; x_wconf 85' lang='lat' dir='ltr'>turos,</span> <span class='ocrx_word' id='word_1_115' title='bbox 229 618 387 661; x_wconf 84' lang='lat' dir='ltr'>equidem</span> <span class='ocrx_word' id='word_1_116' title='bbox 416 618 502 649; x_wconf 89' lang='lat' dir='ltr'>nihil</span> <span class='ocrx_word' id='word_1_117' title='bbox 532 618 670 659; x_wconf 83' lang='lat' dir='ltr'>dubito,</span> <span class='ocrx_word' id='word_1_118' title='bbox 709 618 790 660; x_wconf 89' lang='lat' dir='ltr'>quin</span> <span class='ocrx_word' id='word_1_119' title='bbox 820 620 862 651; x_wconf 81' lang='lat' dir='ltr'>ab</span> <span class='ocrx_word' id='word_1_120' title='bbox 892 633 929 652; x_wconf 80' lang='lat' dir='ltr'>eo</span> <span class='ocrx_word' id='word_1_121' title='bbox 958 632 1000 651; x_wconf 77' lang='lat' dir='ltr'>ex</span> <span class='ocrx_word' id='word_1_122' title='bbox 1023 619 1095 661; x_wconf 87' lang='lat' dir='ltr'>ipsa</span> <span class='ocrx_word' id='word_1_123' title='bbox 1119 621 1162 652; x_wconf 84' lang='lat' dir='ltr'>sit</span> <span class='ocrx_word' id='word_1_124' title='bbox 1184 619 1355 652; x_wconf 83' lang='lat' dir='ltr'>Ciceronis</span> <span class='ocrx_word' id='word_1_125' title='bbox 1379 630 1480 649; x_wconf 87' lang='lat' dir='ltr'>manu</span> <span class='ocrx_word' id='word_1_126' title='bbox 1509 619 1713 660; x_wconf 75' lang='lat' dir='ltr'>profectum.</span> <span class='ocrx_word' id='word_1_127' title='bbox 1759 623 1880 664; x_wconf 86' lang='lat' dir='ltr'>Neque</span> <span class='ocrx_word' id='word_1_128' title='bbox 1903 628 1962 660; x_wconf 80' lang='lat' dir='ltr'>est,</span> 
     </span>
     <span class='ocr_line' id='line_1_11' title="bbox 81 672 1963 716; baseline 0.001 -12"><span class='ocrx_word' id='word_1_129' title='bbox 81 672 170 716; x_wconf 88' lang='lat' dir='ltr'>quod</span> <span class='ocrx_word' id='word_1_130' title='bbox 197 672 340 704; x_wconf 89' lang='lat' dir='ltr'>uerbum</span> <span class='ocrx_word' id='word_1_131' title='bbox 363 672 551 715; x_wconf 73' lang='lat' dir='ltr'>dignitatis</span> <span class='ocrx_word' id='word_1_132' title='bbox 574 683 612 702; x_wconf 90' lang='lat' dir='ltr'>eo</span> <span class='ocrx_word' id='word_1_133' title='bbox 637 683 703 713; x_wconf 91' lang='lat' dir='ltr'>quo</span> <span class='ocrx_word' id='word_1_134' title='bbox 729 672 933 703; x_wconf 84' lang='lat' dir='ltr'>Garatonius</span> <span class='ocrx_word' id='word_1_135' title='bbox 961 672 1035 702; x_wconf 85' lang='lat' dir='ltr'>uolt</span> <span class='ocrx_word' id='word_1_136' title='bbox 1057 683 1156 703; x_wconf 87' lang='lat' dir='ltr'>sensu</span> <span class='ocrx_word' id='word_1_137' title='bbox 1182 672 1308 702; x_wconf 88' lang='lat' dir='ltr'>dictum</span> <span class='ocrx_word' id='word_1_138' title='bbox 1340 672 1559 714; x_wconf 66' lang='lat' dir='ltr'>accipiamusg</span> <span class='ocrx_word' id='word_1_139' title='bbox 1601 684 1666 713; x_wconf 84' lang='lat' dir='ltr'>quo</span> <span class='ocrx_word' id='word_1_140' title='bbox 1698 673 1784 705; x_wconf 90' lang='lat' dir='ltr'>sacto</span> <span class='ocrx_word' id='word_1_141' title='bbox 1814 685 1892 705; x_wconf 84' lang='lat' dir='ltr'>sane</span> <span class='ocrx_word' id='word_1_142' title='bbox 1921 674 1963 706; x_wconf 83' lang='lat' dir='ltr'>ab</span> 
     </span>
     <span class='ocr_line' id='line_1_12' title="bbox 80 723 1963 767; baseline 0 -9"><span class='ocrx_word' id='word_1_143' title='bbox 80 739 117 759; x_wconf 87' lang='lat' dir='ltr'>eo</span> <span class='ocrx_word' id='word_1_144' title='bbox 138 725 204 757; x_wconf 87' lang='lat' dir='ltr'>dici</span> <span class='ocrx_word' id='word_1_145' title='bbox 226 737 296 756; x_wconf 86' lang='lat' dir='ltr'>non</span> <span class='ocrx_word' id='word_1_146' title='bbox 318 724 441 767; x_wconf 86' lang='lat' dir='ltr'>potuit.</span> <span class='ocrx_word' id='word_1_147' title='bbox 486 724 681 762; x_wconf 82' lang='lat' dir='ltr'>Ernestius,</span> <span class='ocrx_word' id='word_1_148' title='bbox 720 724 778 766; x_wconf 89' lang='lat' dir='ltr'>qui</span> <span class='ocrx_word' id='word_1_149' title='bbox 801 725 835 756; x_wconf 89' lang='lat' dir='ltr'>in</span> <span class='ocrx_word' id='word_1_150' title='bbox 860 725 954 756; x_wconf 81' lang='lat' dir='ltr'>Clau.</span> <span class='ocrx_word' id='word_1_151' title='bbox 980 724 1135 755; x_wconf 89' lang='lat' dir='ltr'>Ciceron.</span> <span class='ocrx_word' id='word_1_152' title='bbox 1158 724 1285 755; x_wconf 90' lang='lat' dir='ltr'>multus</span> <span class='ocrx_word' id='word_1_153' title='bbox 1310 730 1359 755; x_wconf 84' lang='lat' dir='ltr'>est</span> <span class='ocrx_word' id='word_1_154' title='bbox 1384 725 1418 754; x_wconf 87' lang='lat' dir='ltr'>in</span> <span class='ocrx_word' id='word_1_155' title='bbox 1443 723 1651 766; x_wconf 83' lang='lat' dir='ltr'>explicandis</span> <span class='ocrx_word' id='word_1_156' title='bbox 1675 726 1773 758; x_wconf 87' lang='lat' dir='ltr'>huius</span> <span class='ocrx_word' id='word_1_157' title='bbox 1797 727 1893 758; x_wconf 88' lang='lat' dir='ltr'>uerbi</span> <span class='ocrx_word' id='word_1_158' title='bbox 1916 727 1963 758; x_wconf 88' lang='lat' dir='ltr'>si-</span> 
     </span>
     <span class='ocr_line' id='line_1_13' title="bbox 79 776 1962 822; baseline -0.001 -12"><span class='ocrx_word' id='word_1_159' title='bbox 79 778 368 822; x_wconf 85' lang='lat' dir='ltr'>gnificationibus,</span> <span class='ocrx_word' id='word_1_160' title='bbox 393 788 465 807; x_wconf 89' lang='lat' dir='ltr'>eam</span> <span class='ocrx_word' id='word_1_161' title='bbox 489 776 596 819; x_wconf 85' lang='lat' dir='ltr'>ipsam</span> <span class='ocrx_word' id='word_1_162' title='bbox 617 788 871 809; x_wconf 85' lang='lat' dir='ltr'>conmemorare</span> <span class='ocrx_word' id='word_1_163' title='bbox 893 777 1023 816; x_wconf 88' lang='lat' dir='ltr'>omisit,</span> <span class='ocrx_word' id='word_1_164' title='bbox 1058 788 1123 818; x_wconf 87' lang='lat' dir='ltr'>qua</span> <span class='ocrx_word' id='word_1_165' title='bbox 1146 788 1221 807; x_wconf 88' lang='lat' dir='ltr'>cum</span> <span class='ocrx_word' id='word_1_166' title='bbox 1244 776 1325 807; x_wconf 83' lang='lat' dir='ltr'>alibi</span> <span class='ocrx_word' id='word_1_167' title='bbox 1349 782 1420 807; x_wconf 89' lang='lat' dir='ltr'>tum</span> <span class='ocrx_word' id='word_1_168' title='bbox 1445 776 1499 806; x_wconf 89' lang='lat' dir='ltr'>hic</span> <span class='ocrx_word' id='word_1_169' title='bbox 1523 783 1765 819; x_wconf 86' lang='lat' dir='ltr'>usurpatumst.</span> <span class='ocrx_word' id='word_1_170' title='bbox 1811 781 1962 811; x_wconf 86' lang='lat' dir='ltr'>Conten-</span> 
     </span>
     <span class='ocr_line' id='line_1_14' title="bbox 81 828 1961 872; baseline 0.002 -10"><span class='ocrx_word' id='word_1_171' title='bbox 81 832 130 863; x_wconf 89' lang='lat' dir='ltr'>dit</span> <span class='ocrx_word' id='word_1_172' title='bbox 155 831 328 864; x_wconf 84' lang='lat' dir='ltr'>Manutius</span> <span class='ocrx_word' id='word_1_173' title='bbox 358 829 399 860; x_wconf 82' lang='lat' dir='ltr'>ad</span> <span class='ocrx_word' id='word_1_174' title='bbox 424 829 492 860; x_wconf 88' lang='lat' dir='ltr'>Cic.</span> <span class='ocrx_word' id='word_1_175' title='bbox 516 830 604 871; x_wconf 90' lang='lat' dir='ltr'>Epp.</span> <span class='ocrx_word' id='word_1_176' title='bbox 631 829 672 859; x_wconf 89' lang='lat' dir='ltr'>ad</span> <span class='ocrx_word' id='word_1_177' title='bbox 696 829 776 860; x_wconf 90' lang='lat' dir='ltr'>Diu.</span> <span class='ocrx_word' id='word_1_178' title='bbox 801 830 849 869; x_wconf 86' lang='lat' dir='ltr'>II,</span> <span class='ocrx_word' id='word_1_179' title='bbox 885 841 934 871; x_wconf 84' lang='lat'>9.,</span> <span class='ocrx_word' id='word_1_180' title='bbox 991 829 1081 872; x_wconf 87' lang='lat' dir='ltr'>quod</span> <span class='ocrx_word' id='word_1_181' title='bbox 1104 830 1161 860; x_wconf 86' lang='lat' dir='ltr'>alii</span> <span class='ocrx_word' id='word_1_182' title='bbox 1198 829 1352 860; x_wconf 89' lang='lat' dir='ltr'>homines</span> <span class='ocrx_word' id='word_1_183' title='bbox 1384 828 1473 859; x_wconf 84' lang='lat' dir='ltr'>docti</span> <span class='ocrx_word' id='word_1_184' title='bbox 1504 837 1723 870; x_wconf 84' lang='lat' dir='ltr'>negauerant,</span> <span class='ocrx_word' id='word_1_185' title='bbox 1767 834 1871 864; x_wconf 88' lang='lat' dir='ltr'>uerbo</span> <span class='ocrx_word' id='word_1_186' title='bbox 1906 834 1961 865; x_wconf 77' lang='lat' dir='ltr'>‹li-</span> 
     </span>
     <span class='ocr_line' id='line_1_15' title="bbox 76 880 1960 929; baseline 0.001 -13"><span class='ocrx_word' id='word_1_187' title='bbox 76 885 228 929; x_wconf 79' lang='lat' dir='ltr'>gnitatis</span> <span class='ocrx_word' id='word_1_188' title='bbox 250 894 505 924; x_wconf 87' lang='lat' dir='ltr'>nonnumquam</span> <span class='ocrx_word' id='word_1_189' title='bbox 529 882 578 912; x_wconf 87' lang='lat' dir='ltr'>nil</span> <span class='ocrx_word' id='word_1_190' title='bbox 600 882 685 913; x_wconf 83' lang='lat' dir='ltr'>aliut</span> <span class='ocrx_word' id='word_1_191' title='bbox 706 881 771 913; x_wconf 88' lang='lat' dir='ltr'>nisi</span> <span class='ocrx_word' id='word_1_192' title='bbox 794 883 972 921; x_wconf 75' lang='lat' dir='ltr'>honorem,</span> <span class='ocrx_word' id='word_1_193' title='bbox 1004 881 1039 913; x_wconf 86' lang='lat' dir='ltr'>id</span> <span class='ocrx_word' id='word_1_194' title='bbox 1063 887 1132 921; x_wconf 81' lang='lat' dir='ltr'>est,</span> <span class='ocrx_word' id='word_1_195' title='bbox 1168 882 1418 925; x_wconf 78' lang='lat' dir='ltr'>magistratum</span> <span class='ocrx_word' id='word_1_196' title='bbox 1440 880 1631 922; x_wconf 76' lang='lat' dir='ltr'>significari.</span> <span class='ocrx_word' id='word_1_197' title='bbox 1678 884 1774 924; x_wconf 84' lang='lat' dir='ltr'>Quae</span> <span class='ocrx_word' id='word_1_198' title='bbox 1796 886 1960 917; x_wconf 82' lang='lat' dir='ltr'>sententia</span> 
     </span>
     <span class='ocr_line' id='line_1_16' title="bbox 78 933 1959 979; baseline -0.001 -11"><span class='ocrx_word' id='word_1_199' title='bbox 78 948 189 979; x_wconf 88' lang='lat' dir='ltr'>neque</span> <span class='ocrx_word' id='word_1_200' title='bbox 211 948 292 967; x_wconf 88' lang='lat' dir='ltr'>uera</span> <span class='ocrx_word' id='word_1_201' title='bbox 315 935 408 966; x_wconf 87' lang='lat' dir='ltr'>omni</span> <span class='ocrx_word' id='word_1_202' title='bbox 431 946 473 965; x_wconf 80' lang='lat' dir='ltr'>ex</span> <span class='ocrx_word' id='word_1_203' title='bbox 499 940 627 976; x_wconf 82' lang='lat' dir='ltr'>partest</span> <span class='ocrx_word' id='word_1_204' title='bbox 652 946 761 976; x_wconf 87' lang='lat' dir='ltr'>neque</span> <span class='ocrx_word' id='word_1_205' title='bbox 784 934 877 966; x_wconf 83' lang='lat' dir='ltr'>falsa.</span> <span class='ocrx_word' id='word_1_206' title='bbox 922 936 989 966; x_wconf 86' lang='lat' dir='ltr'>Res</span> <span class='ocrx_word' id='word_1_207' title='bbox 1014 936 1095 966; x_wconf 90' lang='lat' dir='ltr'>haec</span> <span class='ocrx_word' id='word_1_208' title='bbox 1118 940 1177 964; x_wconf 85' lang='lat' dir='ltr'>est.</span> <span class='ocrx_word' id='word_1_209' title='bbox 1203 935 1288 965; x_wconf 88' lang='lat' dir='ltr'>Cum</span> <span class='ocrx_word' id='word_1_210' title='bbox 1313 934 1469 976; x_wconf 74' lang='lat' dir='ltr'>dignitas</span> <span class='ocrx_word' id='word_1_211' title='bbox 1496 933 1567 975; x_wconf 79' lang='lat' dir='ltr'>ipso</span> <span class='ocrx_word' id='word_1_212' title='bbox 1592 934 1772 967; x_wconf 75' lang='lat' dir='ltr'>definiente</span> <span class='ocrx_word' id='word_1_213' title='bbox 1797 938 1959 969; x_wconf 80' lang='lat' dir='ltr'>Cicerone</span> 
     </span>
     <span class='ocr_line' id='line_1_17' title="bbox 79 986 1957 1030; baseline 0.001 -9"><span class='ocrx_word' id='word_1_214' title='bbox 79 990 121 1021; x_wconf 90' lang='lat' dir='ltr'>de</span> <span class='ocrx_word' id='word_1_215' title='bbox 150 990 224 1020; x_wconf 91' lang='lat' dir='ltr'>Inu.</span> <span class='ocrx_word' id='word_1_216' title='bbox 255 990 303 1028; x_wconf 89' lang='lat' dir='ltr'>II,</span> <span class='ocrx_word' id='word_1_217' title='bbox 333 990 390 1026; x_wconf 85' lang='lat'>55,</span> <span class='ocrx_word' id='word_1_218' title='bbox 424 987 493 1019; x_wconf 81' lang='lat'>166.</span> <span class='ocrx_word' id='word_1_219' title='bbox 523 987 674 1018; x_wconf 76' lang='lat' dir='ltr'>alicuius</span> <span class='ocrx_word' id='word_1_220' title='bbox 704 988 846 1019; x_wconf 75' lang='lat' dir='ltr'>honesta</span> <span class='ocrx_word' id='word_1_221' title='bbox 879 993 911 1019; x_wconf 83' lang='lat' dir='ltr'>et</span> <span class='ocrx_word' id='word_1_222' title='bbox 941 988 1038 1019; x_wconf 75' lang='lat' dir='ltr'>cultu</span> <span class='ocrx_word' id='word_1_223' title='bbox 1062 987 1240 1018; x_wconf 77' lang='lat' dir='ltr'>ethonore</span> <span class='ocrx_word' id='word_1_224' title='bbox 1263 992 1295 1018; x_wconf 82' lang='lat' dir='ltr'>et</span> <span class='ocrx_word' id='word_1_225' title='bbox 1318 986 1527 1018; x_wconf 75' lang='lat' dir='ltr'>uerecundia</span> <span class='ocrx_word' id='word_1_226' title='bbox 1550 988 1660 1030; x_wconf 76' lang='lat' dir='ltr'>(ligna</span> <span class='ocrx_word' id='word_1_227' title='bbox 1683 991 1875 1022; x_wconf 75' lang='lat' dir='ltr'>(tuetoritas</span> <span class='ocrx_word' id='word_1_228' title='bbox 1904 991 1957 1029; x_wconf 86' lang='lat' dir='ltr'>sit,</span> 
     </span>
     <span class='ocr_line' id='line_1_18' title="bbox 79 1038 1959 1082; baseline 0 -8"><span class='ocrx_word' id='word_1_229' title='bbox 79 1054 179 1074; x_wconf 89' lang='lat' dir='ltr'>nemo</span> <span class='ocrx_word' id='word_1_230' title='bbox 202 1053 270 1073; x_wconf 90' lang='lat' dir='ltr'>non</span> <span class='ocrx_word' id='word_1_231' title='bbox 293 1039 476 1081; x_wconf 82' lang='lat' dir='ltr'>intellegit,</span> <span class='ocrx_word' id='word_1_232' title='bbox 500 1038 572 1069; x_wconf 84' lang='lat' dir='ltr'>fieri</span> <span class='ocrx_word' id='word_1_233' title='bbox 596 1039 765 1077; x_wconf 84' lang='lat' dir='ltr'>debuisse,</span> <span class='ocrx_word' id='word_1_234' title='bbox 796 1046 833 1070; x_wconf 90' lang='lat' dir='ltr'>ut</span> <span class='ocrx_word' id='word_1_235' title='bbox 856 1039 998 1082; x_wconf 83' lang='lat' dir='ltr'>dignitas</span> <span class='ocrx_word' id='word_1_236' title='bbox 1023 1051 1098 1070; x_wconf 89' lang='lat' dir='ltr'>cum</span> <span class='ocrx_word' id='word_1_237' title='bbox 1122 1039 1157 1069; x_wconf 88' lang='lat' dir='ltr'>in</span> <span class='ocrx_word' id='word_1_238' title='bbox 1181 1050 1220 1069; x_wconf 89' lang='lat' dir='ltr'>eo</span> <span class='ocrx_word' id='word_1_239' title='bbox 1244 1050 1314 1070; x_wconf 87' lang='lat' dir='ltr'>esse</span> <span class='ocrx_word' id='word_1_240' title='bbox 1339 1039 1517 1077; x_wconf 80' lang='lat' dir='ltr'>diceretur,</span> <span class='ocrx_word' id='word_1_241' title='bbox 1544 1040 1601 1080; x_wconf 86' lang='lat' dir='ltr'>qui</span> <span class='ocrx_word' id='word_1_242' title='bbox 1623 1040 1867 1073; x_wconf 84' lang='lat' dir='ltr'>honestissuma</span> <span class='ocrx_word' id='word_1_243' title='bbox 1890 1043 1959 1074; x_wconf 82' lang='lat' dir='ltr'>uita</span> 
     </span>
     <span class='ocr_line' id='line_1_19' title="bbox 78 1090 1959 1134; baseline -0.001 -7"><span class='ocrx_word' id='word_1_244' title='bbox 78 1094 293 1127; x_wconf 80' lang='lat' dir='ltr'>maxumisue</span> <span class='ocrx_word' id='word_1_245' title='bbox 316 1093 350 1124; x_wconf 83' lang='lat' dir='ltr'>in</span> <span class='ocrx_word' id='word_1_246' title='bbox 371 1103 444 1122; x_wconf 86' lang='lat' dir='ltr'>rem</span> <span class='ocrx_word' id='word_1_247' title='bbox 466 1090 638 1134; x_wconf 85' lang='lat' dir='ltr'>publicam</span> <span class='ocrx_word' id='word_1_248' title='bbox 661 1091 790 1122; x_wconf 87' lang='lat' dir='ltr'>meritis</span> <span class='ocrx_word' id='word_1_249' title='bbox 814 1091 1022 1131; x_wconf 80' lang='lat' dir='ltr'>istiusmodi,</span> <span class='ocrx_word' id='word_1_250' title='bbox 1054 1103 1154 1134; x_wconf 89' lang='lat' dir='ltr'>quam</span> <span class='ocrx_word' id='word_1_251' title='bbox 1179 1091 1297 1123; x_wconf 84' lang='lat' dir='ltr'>Cicero</span> <span class='ocrx_word' id='word_1_252' title='bbox 1321 1097 1503 1130; x_wconf 84' lang='lat' dir='ltr'>memorat,</span> <span class='ocrx_word' id='word_1_253' title='bbox 1533 1093 1766 1125; x_wconf 83' lang='lat' dir='ltr'>auctoritatem</span> <span class='ocrx_word' id='word_1_254' title='bbox 1793 1096 1855 1126; x_wconf 84' lang='lat' dir='ltr'>sibi</span> <span class='ocrx_word' id='word_1_255' title='bbox 1878 1108 1959 1126; x_wconf 89' lang='lat' dir='ltr'>con-</span> 
     </span>
     <span class='ocr_line' id='line_1_20' title="bbox 78 1143 1957 1192; baseline -0.001 -13"><span class='ocrx_word' id='word_1_256' title='bbox 78 1153 245 1192; x_wconf 87' lang='lat' dir='ltr'>parasset,</span> <span class='ocrx_word' id='word_1_257' title='bbox 276 1153 348 1177; x_wconf 89' lang='lat' dir='ltr'>tum</span> <span class='ocrx_word' id='word_1_258' title='bbox 374 1156 456 1176; x_wconf 89' lang='lat' dir='ltr'>uero</span> <span class='ocrx_word' id='word_1_259' title='bbox 483 1143 583 1175; x_wconf 81' lang='lat' dir='ltr'>etiam</span> <span class='ocrx_word' id='word_1_260' title='bbox 607 1143 643 1174; x_wconf 88' lang='lat' dir='ltr'>iu</span> <span class='ocrx_word' id='word_1_261' title='bbox 667 1155 723 1183; x_wconf 87' lang='lat' dir='ltr'>eo,</span> <span class='ocrx_word' id='word_1_262' title='bbox 754 1144 810 1185; x_wconf 90' lang='lat' dir='ltr'>qui</span> <span class='ocrx_word' id='word_1_263' title='bbox 835 1156 976 1176; x_wconf 88' lang='lat' dir='ltr'>munere</span> <span class='ocrx_word' id='word_1_264' title='bbox 1000 1145 1055 1177; x_wconf 88' lang='lat' dir='ltr'>uel</span> <span class='ocrx_word' id='word_1_265' title='bbox 1078 1145 1274 1187; x_wconf 82' lang='lat' dir='ltr'>magistratu</span> <span class='ocrx_word' id='word_1_266' title='bbox 1297 1144 1462 1176; x_wconf 89' lang='lat' dir='ltr'>eiusmodi</span> <span class='ocrx_word' id='word_1_267' title='bbox 1486 1143 1702 1187; x_wconf 83' lang='lat' dir='ltr'>fungeretur,</span> <span class='ocrx_word' id='word_1_268' title='bbox 1732 1147 1789 1189; x_wconf 89' lang='lat' dir='ltr'>qui</span> <span class='ocrx_word' id='word_1_269' title='bbox 1813 1148 1957 1178; x_wconf 86' lang='lat' dir='ltr'>admini-</span> 
     </span>
     <span class='ocr_line' id='line_1_21' title="bbox 77 1197 1957 1242; baseline -0.001 -9"><span class='ocrx_word' id='word_1_270' title='bbox 77 1207 241 1234; x_wconf 87' lang='lat' dir='ltr'>strantem</span> <span class='ocrx_word' id='word_1_271' title='bbox 267 1209 386 1240; x_wconf 81' lang='lat' dir='ltr'>magna</span> <span class='ocrx_word' id='word_1_272' title='bbox 409 1197 552 1239; x_wconf 87' lang='lat' dir='ltr'>quadam</span> <span class='ocrx_word' id='word_1_273' title='bbox 576 1203 609 1228; x_wconf 85' lang='lat' dir='ltr'>et</span> <span class='ocrx_word' id='word_1_274' title='bbox 633 1197 724 1228; x_wconf 88' lang='lat' dir='ltr'>cultu</span> <span class='ocrx_word' id='word_1_275' title='bbox 749 1203 782 1228; x_wconf 85' lang='lat' dir='ltr'>et</span> <span class='ocrx_word' id='word_1_276' title='bbox 808 1197 1011 1229; x_wconf 88' lang='lat' dir='ltr'>uerecundia</span> <span class='ocrx_word' id='word_1_277' title='bbox 1040 1197 1139 1239; x_wconf 83' lang='lat' dir='ltr'>digna</span> <span class='ocrx_word' id='word_1_278' title='bbox 1162 1198 1362 1229; x_wconf 81' lang='lat' dir='ltr'>auctoritate</span> <span class='ocrx_word' id='word_1_279' title='bbox 1396 1203 1542 1228; x_wconf 86' lang='lat' dir='ltr'>ornaret.</span> <span class='ocrx_word' id='word_1_280' title='bbox 1586 1197 1639 1230; x_wconf 82' lang='lat' dir='ltr'>Ae</span> <span class='ocrx_word' id='word_1_281' title='bbox 1666 1198 1790 1241; x_wconf 86' lang='lat' dir='ltr'>prioris</span> <span class='ocrx_word' id='word_1_282' title='bbox 1822 1201 1957 1242; x_wconf 66' lang='lat' dir='ltr'>quidem</span> 
     </span>
     <span class='ocr_line' id='line_1_22' title="bbox 78 1250 1956 1297; baseline -0.001 -12"><span class='ocrx_word' id='word_1_283' title='bbox 78 1252 330 1297; x_wconf 82' lang='lat' dir='ltr'>significationis</span> <span class='ocrx_word' id='word_1_284' title='bbox 358 1251 514 1293; x_wconf 80' lang='lat' dir='ltr'>exempla</span> <span class='ocrx_word' id='word_1_285' title='bbox 544 1250 655 1282; x_wconf 90' lang='lat' dir='ltr'>ubiuis</span> <span class='ocrx_word' id='word_1_286' title='bbox 685 1256 763 1281; x_wconf 84' lang='lat' dir='ltr'>sunt</span> <span class='ocrx_word' id='word_1_287' title='bbox 788 1251 905 1289; x_wconf 84' lang='lat' dir='ltr'>obuia,</span> <span class='ocrx_word' id='word_1_288' title='bbox 938 1251 978 1281; x_wconf 89' lang='lat' dir='ltr'>ab</span> <span class='ocrx_word' id='word_1_289' title='bbox 1003 1251 1160 1282; x_wconf 87' lang='lat' dir='ltr'>Ernestio</span> <span class='ocrx_word' id='word_1_290' title='bbox 1185 1250 1285 1281; x_wconf 87' lang='lat' dir='ltr'>etiam</span> <span class='ocrx_word' id='word_1_291' title='bbox 1314 1251 1336 1281; x_wconf 88' lang='lat' dir='ltr'>l.</span> <span class='ocrx_word' id='word_1_292' title='bbox 1360 1251 1383 1281; x_wconf 87' lang='lat' dir='ltr'>l.</span> <span class='ocrx_word' id='word_1_293' title='bbox 1407 1250 1571 1281; x_wconf 83' lang='lat' dir='ltr'>nonnulla</span> <span class='ocrx_word' id='word_1_294' title='bbox 1597 1250 1724 1286; x_wconf 74' lang='lat' dir='ltr'>adlata:v</span> <span class='ocrx_word' id='word_1_295' title='bbox 1760 1252 1956 1294; x_wconf 80' lang='lat' dir='ltr'>posterioiis</span> 
     </span>
     <span class='ocr_line' id='line_1_23' title="bbox 79 1301 1957 1348; baseline -0.001 -11"><span class='ocrx_word' id='word_1_296' title='bbox 79 1305 276 1348; x_wconf 79' lang='lat' dir='ltr'>exemplum</span> <span class='ocrx_word' id='word_1_297' title='bbox 299 1310 392 1336; x_wconf 83' lang='lat' dir='ltr'>extat</span> <span class='ocrx_word' id='word_1_298' title='bbox 413 1303 450 1334; x_wconf 86' lang='lat' dir='ltr'>iu</span> <span class='ocrx_word' id='word_1_299' title='bbox 472 1303 644 1335; x_wconf 87' lang='lat' dir='ltr'>Ciceronis</span> <span class='ocrx_word' id='word_1_300' title='bbox 667 1303 754 1345; x_wconf 86' lang='lat' dir='ltr'>Epp.</span> <span class='ocrx_word' id='word_1_301' title='bbox 784 1302 825 1333; x_wconf 88' lang='lat' dir='ltr'>ad</span> <span class='ocrx_word' id='word_1_302' title='bbox 850 1303 931 1334; x_wconf 90' lang='lat' dir='ltr'>Diu.</span> <span class='ocrx_word' id='word_1_303' title='bbox 957 1304 1007 1342; x_wconf 83' lang='lat' dir='ltr'>II,</span> <span class='ocrx_word' id='word_1_304' title='bbox 1041 1315 1086 1346; x_wconf 75' lang='grc'>9.,</span> <span class='ocrx_word' id='word_1_305' title='bbox 1124 1303 1159 1333; x_wconf 90' lang='lat' dir='ltr'>iu</span> <span class='ocrx_word' id='word_1_306' title='bbox 1189 1315 1254 1344; x_wconf 87' lang='lat' dir='ltr'>qua</span> <span class='ocrx_word' id='word_1_307' title='bbox 1279 1303 1412 1341; x_wconf 87' lang='lat' dir='ltr'>Caelio,</span> <span class='ocrx_word' id='word_1_308' title='bbox 1452 1301 1539 1343; x_wconf 88' lang='lat' dir='ltr'>quod</span> <span class='ocrx_word' id='word_1_309' title='bbox 1572 1308 1657 1333; x_wconf 78' lang='lat' dir='ltr'>esset</span> <span class='ocrx_word' id='word_1_310' title='bbox 1687 1303 1803 1335; x_wconf 87' lang='lat' dir='ltr'>aedilis</span> <span class='ocrx_word' id='word_1_311' title='bbox 1832 1305 1957 1337; x_wconf 84' lang='lat' dir='ltr'>curulis</span> 
     </span>
     <span class='ocr_line' id='line_1_24' title="bbox 78 1356 1957 1399; baseline -0.001 -8"><span class='ocrx_word' id='word_1_312' title='bbox 78 1359 203 1398; x_wconf 88' lang='lat' dir='ltr'>sactus,</span> <span class='ocrx_word' id='word_1_313' title='bbox 230 1358 282 1389; x_wconf 87' lang='lat' dir='ltr'>his</span> <span class='ocrx_word' id='word_1_314' title='bbox 304 1357 418 1388; x_wconf 85' lang='lat' dir='ltr'>uerbis</span> <span class='ocrx_word' id='word_1_315' title='bbox 441 1356 647 1398; x_wconf 82' lang='lat' dir='ltr'>gratulatur:</span> <span class='ocrx_word' id='word_1_316' title='bbox 678 1356 840 1387; x_wconf 78' lang='lat' dir='ltr'>Primam</span> <span class='ocrx_word' id='word_1_317' title='bbox 864 1357 947 1395; x_wconf 79' lang='lat' dir='ltr'>tibi,</span> <span class='ocrx_word' id='word_1_318' title='bbox 973 1362 1012 1388; x_wconf 77' lang='lat' dir='ltr'>ut</span> <span class='ocrx_word' id='word_1_319' title='bbox 1038 1357 1153 1396; x_wconf 76' lang='lat' dir='ltr'>debeo,</span> <span class='ocrx_word' id='word_1_320' title='bbox 1175 1357 1340 1399; x_wconf 75' lang='lat' dir='ltr'>gratulor</span> <span class='ocrx_word' id='word_1_321' title='bbox 1363 1356 1538 1398; x_wconf 72' lang='lat' dir='ltr'>laetorque</span> <span class='ocrx_word' id='word_1_322' title='bbox 1564 1368 1639 1386; x_wconf 81' lang='lat' dir='ltr'>cnm</span> <span class='ocrx_word' id='word_1_323' title='bbox 1656 1359 1852 1398; x_wconf 75' lang='lat' dir='ltr'>praesenti,</span> <span class='ocrx_word' id='word_1_324' title='bbox 1884 1364 1957 1389; x_wconf 72' lang='lat' dir='ltr'>tum</span> 
     </span>
     <span class='ocr_line' id='line_1_25' title="bbox 78 1408 1955 1454; baseline -0.002 -9"><span class='ocrx_word' id='word_1_325' title='bbox 78 1413 184 1445; x_wconf 79' lang='lat' dir='ltr'>etiam</span> <span class='ocrx_word' id='word_1_326' title='bbox 211 1415 351 1454; x_wconf 75' lang='lat' dir='ltr'>sperata</span> <span class='ocrx_word' id='word_1_327' title='bbox 383 1415 445 1440; x_wconf 78' lang='lat' dir='ltr'>tua</span> <span class='ocrx_word' id='word_1_328' title='bbox 473 1409 658 1452; x_wconf 76' lang='lat' dir='ltr'>dignitate.</span> <span class='ocrx_word' id='word_1_329' title='bbox 704 1408 782 1448; x_wconf 86' lang='lat' dir='ltr'>Quo</span> <span class='ocrx_word' id='word_1_330' title='bbox 812 1408 846 1439; x_wconf 88' lang='lat' dir='ltr'>iu</span> <span class='ocrx_word' id='word_1_331' title='bbox 869 1409 942 1440; x_wconf 81' lang='lat' dir='ltr'>loco</span> <span class='ocrx_word' id='word_1_332' title='bbox 972 1410 1159 1452; x_wconf 78' lang='lat' dir='ltr'>dignitatis</span> <span class='ocrx_word' id='word_1_333' title='bbox 1183 1409 1302 1440; x_wconf 87' lang='lat' dir='ltr'>maluit</span> <span class='ocrx_word' id='word_1_334' title='bbox 1325 1408 1467 1439; x_wconf 86' lang='lat' dir='ltr'>uerbum</span> <span class='ocrx_word' id='word_1_335' title='bbox 1491 1419 1618 1449; x_wconf 84' lang='lat' dir='ltr'>ponere</span> <span class='ocrx_word' id='word_1_336' title='bbox 1642 1420 1742 1450; x_wconf 85' lang='lat' dir='ltr'>quam</span> <span class='ocrx_word' id='word_1_337' title='bbox 1765 1411 1955 1452; x_wconf 78' lang='lat' dir='ltr'>magistra-</span> 
     </span>
     <span class='ocr_line' id='line_1_26' title="bbox 79 1459 1954 1504; baseline -0.002 -7"><span class='ocrx_word' id='word_1_338' title='bbox 79 1471 154 1502; x_wconf 78' lang='lat' dir='ltr'>tus,</span> <span class='ocrx_word' id='word_1_339' title='bbox 190 1462 267 1504; x_wconf 87' lang='lat' dir='ltr'>quia</span> <span class='ocrx_word' id='word_1_340' title='bbox 297 1461 354 1503; x_wconf 89' lang='lat' dir='ltr'>qui</span> <span class='ocrx_word' id='word_1_341' title='bbox 384 1461 589 1492; x_wconf 83' lang='lat' dir='ltr'>aedilitatem</span> <span class='ocrx_word' id='word_1_342' title='bbox 613 1459 764 1491; x_wconf 86' lang='lat' dir='ltr'>curulem</span> <span class='ocrx_word' id='word_1_343' title='bbox 787 1460 928 1503; x_wconf 85' lang='lat' dir='ltr'>adeptus</span> <span class='ocrx_word' id='word_1_344' title='bbox 953 1468 1040 1500; x_wconf 86' lang='lat' dir='ltr'>erat,</span> <span class='ocrx_word' id='word_1_345' title='bbox 1081 1463 1156 1504; x_wconf 89' lang='lat' dir='ltr'>plus</span> <span class='ocrx_word' id='word_1_346' title='bbox 1181 1462 1394 1499; x_wconf 82' lang='lat' dir='ltr'>auctoritate,</span> <span class='ocrx_word' id='word_1_347' title='bbox 1435 1472 1534 1502; x_wconf 87' lang='lat' dir='ltr'>quam</span> <span class='ocrx_word' id='word_1_348' title='bbox 1558 1460 1690 1490; x_wconf 88' lang='lat' dir='ltr'>muneri</span> <span class='ocrx_word' id='word_1_349' title='bbox 1721 1460 1775 1492; x_wconf 88' lang='lat' dir='ltr'>isti</span> <span class='ocrx_word' id='word_1_350' title='bbox 1799 1462 1954 1494; x_wconf 84' lang='lat' dir='ltr'>admotus</span> 
     </span>
     <span class='ocr_line' id='line_1_27' title="bbox 76 1512 1953 1558; baseline -0.002 -9"><span class='ocrx_word' id='word_1_351' title='bbox 76 1515 360 1558; x_wconf 85' lang='lat' dir='ltr'>consequebatur,</span> <span class='ocrx_word' id='word_1_352' title='bbox 405 1525 503 1555; x_wconf 88' lang='lat' dir='ltr'>quam</span> <span class='ocrx_word' id='word_1_353' title='bbox 537 1512 696 1555; x_wconf 82' lang='lat' dir='ltr'>negotiis,</span> <span class='ocrx_word' id='word_1_354' title='bbox 735 1525 819 1554; x_wconf 86' lang='lat' dir='ltr'>quae</span> <span class='ocrx_word' id='word_1_355' title='bbox 847 1514 947 1544; x_wconf 88' lang='lat' dir='ltr'>aedili</span> <span class='ocrx_word' id='word_1_356' title='bbox 976 1515 1121 1555; x_wconf 83' lang='lat' dir='ltr'>gerenda</span> <span class='ocrx_word' id='word_1_357' title='bbox 1152 1521 1262 1552; x_wconf 87' lang='lat' dir='ltr'>erant,</span> <span class='ocrx_word' id='word_1_358' title='bbox 1308 1513 1436 1545; x_wconf 86' lang='lat' dir='ltr'>solebat</span> <span class='ocrx_word' id='word_1_359' title='bbox 1473 1512 1629 1554; x_wconf 83' lang='lat' dir='ltr'>gaudere.</span> <span class='ocrx_word' id='word_1_360' title='bbox 1676 1514 1953 1555; x_wconf 86' lang='lat' dir='ltr'>Consequebatur</span> 
     </span>
     <span class='ocr_line' id='line_1_28' title="bbox 77 1565 1953 1608; baseline -0.002 -7"><span class='ocrx_word' id='word_1_361' title='bbox 77 1570 167 1602; x_wconf 87' lang='lat' dir='ltr'>enim</span> <span class='ocrx_word' id='word_1_362' title='bbox 190 1568 306 1600; x_wconf 89' lang='lat' dir='ltr'>aedilis</span> <span class='ocrx_word' id='word_1_363' title='bbox 330 1567 471 1605; x_wconf 87' lang='lat' dir='ltr'>curulis,</span> <span class='ocrx_word' id='word_1_364' title='bbox 502 1572 586 1597; x_wconf 85' lang='lat' dir='ltr'>teste</span> <span class='ocrx_word' id='word_1_365' title='bbox 610 1565 773 1597; x_wconf 88' lang='lat' dir='ltr'>Cicerone</span> <span class='ocrx_word' id='word_1_366' title='bbox 796 1566 830 1597; x_wconf 88' lang='lat' dir='ltr'>in</span> <span class='ocrx_word' id='word_1_367' title='bbox 854 1568 954 1598; x_wconf 90' lang='lat' dir='ltr'>Uerr.</span> <span class='ocrx_word' id='word_1_368' title='bbox 980 1567 1028 1605; x_wconf 69' lang='lat' dir='ltr'>V,</span> <span class='ocrx_word' id='word_1_369' title='bbox 1064 1567 1117 1605; x_wconf 67' lang='lat'>14,</span> <span class='ocrx_word' id='word_1_370' title='bbox 1148 1567 1217 1604; x_wconf 60' lang='lat'>56„</span> <span class='ocrx_word' id='word_1_371' title='bbox 1248 1566 1473 1608; x_wconf 87' lang='lat' dir='ltr'>antiquiorem</span> <span class='ocrx_word' id='word_1_372' title='bbox 1498 1566 1532 1595; x_wconf 89' lang='lat' dir='ltr'>in</span> <span class='ocrx_word' id='word_1_373' title='bbox 1553 1571 1670 1596; x_wconf 87' lang='lat' dir='ltr'>senatu</span> <span class='ocrx_word' id='word_1_374' title='bbox 1693 1567 1876 1597; x_wconf 87' lang='lat' dir='ltr'>sententiae</span> <span class='ocrx_word' id='word_1_375' title='bbox 1901 1567 1953 1597; x_wconf 88' lang='lat' dir='ltr'>di-</span> 
     </span>
     <span class='ocr_line' id='line_1_29' title="bbox 77 1617 1955 1661; baseline -0.002 -7"><span class='ocrx_word' id='word_1_376' title='bbox 77 1622 201 1654; x_wconf 87' lang='lat' dir='ltr'>cendae</span> <span class='ocrx_word' id='word_1_377' title='bbox 224 1621 355 1658; x_wconf 85' lang='lat' dir='ltr'>locum,</span> <span class='ocrx_word' id='word_1_378' title='bbox 386 1625 497 1661; x_wconf 82' lang='lat' dir='ltr'>togam</span> <span class='ocrx_word' id='word_1_379' title='bbox 518 1624 747 1661; x_wconf 79' lang='lat' dir='ltr'>praetextam,</span> <span class='ocrx_word' id='word_1_380' title='bbox 777 1617 893 1647; x_wconf 90' lang='lat' dir='ltr'>sellam</span> <span class='ocrx_word' id='word_1_381' title='bbox 918 1619 1087 1655; x_wconf 74' lang='lat' dir='ltr'>curulem,</span> <span class='ocrx_word' id='word_1_382' title='bbox 1120 1619 1171 1650; x_wconf 81' lang='lat' dir='ltr'>ius</span> <span class='ocrx_word' id='word_1_383' title='bbox 1196 1619 1348 1660; x_wconf 80' lang='lat' dir='ltr'>imaginis</span> <span class='ocrx_word' id='word_1_384' title='bbox 1371 1617 1411 1648; x_wconf 86' lang='lat' dir='ltr'>ad</span> <span class='ocrx_word' id='word_1_385' title='bbox 1434 1618 1633 1648; x_wconf 84' lang='lat' dir='ltr'>memoriam</span> <span class='ocrx_word' id='word_1_386' title='bbox 1656 1619 1955 1660; x_wconf 83' lang='lat' dir='ltr'>posteritatemque</span> 
     </span>
     <span class='ocr_line' id='line_1_30' title="bbox 78 1670 1954 1719; baseline -0.002 -13"><span class='ocrx_word' id='word_1_387' title='bbox 78 1673 283 1719; x_wconf 85' lang='lat' dir='ltr'>prodendae.</span> <span class='ocrx_word' id='word_1_388' title='bbox 328 1673 445 1713; x_wconf 83' lang='lat' dir='ltr'>ltaque</span> <span class='ocrx_word' id='word_1_389' title='bbox 475 1671 620 1703; x_wconf 89' lang='lat' dir='ltr'>uerbum</span> <span class='ocrx_word' id='word_1_390' title='bbox 643 1670 830 1714; x_wconf 76' lang='lat' dir='ltr'>dignitatis</span> <span class='ocrx_word' id='word_1_391' title='bbox 853 1681 920 1700; x_wconf 88' lang='lat' dir='ltr'>non</span> <span class='ocrx_word' id='word_1_392' title='bbox 944 1671 1143 1714; x_wconf 77' lang='lat' dir='ltr'>simpliciter</span> <span class='ocrx_word' id='word_1_393' title='bbox 1170 1683 1233 1713; x_wconf 90' lang='lat' dir='ltr'>pro</span> <span class='ocrx_word' id='word_1_394' title='bbox 1256 1671 1453 1713; x_wconf 82' lang='lat' dir='ltr'>magistratu</span> <span class='ocrx_word' id='word_1_395' title='bbox 1476 1681 1494 1700; x_wconf 88' lang='lat' dir='ltr'>a</span> <span class='ocrx_word' id='word_1_396' title='bbox 1519 1670 1681 1701; x_wconf 86' lang='lat' dir='ltr'>Cicerone</span> <span class='ocrx_word' id='word_1_397' title='bbox 1706 1683 1775 1702; x_wconf 89' lang='lat' dir='ltr'>esse</span> <span class='ocrx_word' id='word_1_398' title='bbox 1806 1672 1954 1714; x_wconf 86' lang='lat' dir='ltr'>positum</span> 
     </span>
     <span class='ocr_line' id='line_1_31' title="bbox 75 1723 1953 1766; baseline -0.002 -6"><span class='ocrx_word' id='word_1_399' title='bbox 75 1727 248 1761; x_wconf 84' lang='lat' dir='ltr'>Manutius</span> <span class='ocrx_word' id='word_1_400' title='bbox 272 1725 414 1756; x_wconf 84' lang='lat' dir='ltr'>debebat</span> <span class='ocrx_word' id='word_1_401' title='bbox 436 1723 657 1762; x_wconf 83' lang='lat' dir='ltr'>contendere,</span> <span class='ocrx_word' id='word_1_402' title='bbox 696 1729 746 1754; x_wconf 89' lang='lat' dir='ltr'>set</span> <span class='ocrx_word' id='word_1_403' title='bbox 769 1723 814 1753; x_wconf 91' lang='lat' dir='ltr'>ita</span> <span class='ocrx_word' id='word_1_404' title='bbox 838 1723 918 1764; x_wconf 90' lang='lat' dir='ltr'>poni</span> <span class='ocrx_word' id='word_1_405' title='bbox 942 1735 1004 1765; x_wconf 87' lang='lat' dir='ltr'>pro</span> <span class='ocrx_word' id='word_1_406' title='bbox 1028 1724 1241 1765; x_wconf 80' lang='lat' dir='ltr'>magistratu,</span> <span class='ocrx_word' id='word_1_407' title='bbox 1284 1731 1320 1755; x_wconf 87' lang='lat' dir='ltr'>ut</span> <span class='ocrx_word' id='word_1_408' title='bbox 1346 1724 1450 1765; x_wconf 79' lang='lat' dir='ltr'>magis</span> <span class='ocrx_word' id='word_1_409' title='bbox 1473 1723 1698 1762; x_wconf 80' lang='lat' dir='ltr'>auctoritatis,</span> <span class='ocrx_word' id='word_1_410' title='bbox 1741 1736 1824 1766; x_wconf 84' lang='lat' dir='ltr'>quae</span> <span class='ocrx_word' id='word_1_411' title='bbox 1847 1732 1895 1756; x_wconf 89' lang='lat' dir='ltr'>est</span> <span class='ocrx_word' id='word_1_412' title='bbox 1918 1726 1953 1756; x_wconf 87' lang='lat' dir='ltr'>iu</span> 
     </span>
     <span class='ocr_line' id='line_1_32' title="bbox 76 1776 1951 1823; baseline -0.002 -11"><span class='ocrx_word' id='word_1_413' title='bbox 76 1781 290 1823; x_wconf 83' lang='lat' dir='ltr'>magistratu,</span> <span class='ocrx_word' id='word_1_414' title='bbox 315 1789 414 1819; x_wconf 88' lang='lat' dir='ltr'>quam</span> <span class='ocrx_word' id='word_1_415' title='bbox 437 1787 633 1815; x_wconf 85' lang='lat' dir='ltr'>munerum,</span> <span class='ocrx_word' id='word_1_416' title='bbox 659 1787 743 1817; x_wconf 87' lang='lat' dir='ltr'>quae</span> <span class='ocrx_word' id='word_1_417' title='bbox 765 1776 897 1818; x_wconf 90' lang='lat' dir='ltr'>inponit</span> <span class='ocrx_word' id='word_1_418' title='bbox 921 1776 1150 1818; x_wconf 78' lang='lat' dir='ltr'>magistratus,</span> <span class='ocrx_word' id='word_1_419' title='bbox 1174 1778 1258 1808; x_wconf 81' lang='lat' dir='ltr'>ratio</span> <span class='ocrx_word' id='word_1_420' title='bbox 1282 1777 1454 1814; x_wconf 79' lang='lat' dir='ltr'>habeatur3</span> <span class='ocrx_word' id='word_1_421' title='bbox 1480 1787 1680 1818; x_wconf 85' lang='lat' dir='ltr'>quamquam</span> <span class='ocrx_word' id='word_1_422' title='bbox 1704 1777 1846 1809; x_wconf 86' lang='lat' dir='ltr'>seriores</span> <span class='ocrx_word' id='word_1_423' title='bbox 1869 1778 1951 1809; x_wconf 78' lang='lat' dir='ltr'>scri-</span> 
     </span>
     <span class='ocr_line' id='line_1_33' title="bbox 75 1828 1949 1878; baseline -0.001 -14"><span class='ocrx_word' id='word_1_424' title='bbox 75 1841 190 1878; x_wconf 84' lang='lat' dir='ltr'>ptores</span> <span class='ocrx_word' id='word_1_425' title='bbox 226 1830 396 1873; x_wconf 83' lang='lat' dir='ltr'>dignitatis</span> <span class='ocrx_word' id='word_1_426' title='bbox 425 1829 530 1860; x_wconf 78' lang='lat' dir='ltr'>uerbo</span> <span class='ocrx_word' id='word_1_427' title='bbox 560 1828 699 1858; x_wconf 84' lang='lat' dir='ltr'>eandem</span> <span class='ocrx_word' id='word_1_428' title='bbox 728 1828 964 1859; x_wconf 86' lang='lat' dir='ltr'>adtribuerunt</span> <span class='ocrx_word' id='word_1_429' title='bbox 987 1829 1159 1860; x_wconf 87' lang='lat' dir='ltr'>notionem</span> <span class='ocrx_word' id='word_1_430' title='bbox 1187 1836 1287 1871; x_wconf 80' lang='lat' dir='ltr'>atque</span> <span class='ocrx_word' id='word_1_431' title='bbox 1316 1830 1539 1871; x_wconf 75' lang='lat' dir='ltr'>magistratus.</span> <span class='ocrx_word' id='word_1_432' title='bbox 1587 1828 1641 1858; x_wconf 85' lang='lat' dir='ltr'>Sic</span> <span class='ocrx_word' id='word_1_433' title='bbox 1671 1828 1800 1860; x_wconf 88' lang='lat' dir='ltr'>Plinius</span> <span class='ocrx_word' id='word_1_434' title='bbox 1834 1831 1879 1861; x_wconf 78' lang='lat' dir='ltr'>H.</span> <span class='ocrx_word' id='word_1_435' title='bbox 1905 1832 1949 1862; x_wconf 87' lang='lat' dir='ltr'>N.</span> 
     </span>
     <span class='ocr_line' id='line_1_34' title="bbox 76 1881 1952 1926; baseline -0.002 -9"><span class='ocrx_word' id='word_1_436' title='bbox 76 1887 154 1920; x_wconf 88' lang='lat' dir='ltr'>Lib.</span> <span class='ocrx_word' id='word_1_437' title='bbox 178 1885 222 1917; x_wconf 87' lang='lat' dir='ltr'>V.</span> <span class='ocrx_word' id='word_1_438' title='bbox 256 1885 292 1914; x_wconf 79' lang='lat' dir='ltr'>C.</span> <span class='ocrx_word' id='word_1_439' title='bbox 318 1884 342 1914; x_wconf 90' lang='lat' dir='ltr'>I.</span> <span class='ocrx_word' id='word_1_440' title='bbox 372 1895 406 1925; x_wconf 88' lang='lat' dir='ltr'>p.</span> <span class='ocrx_word' id='word_1_441' title='bbox 431 1882 502 1913; x_wconf 54' lang='lat'>2433.</span> <span class='ocrx_word' id='word_1_442' title='bbox 532 1881 580 1911; x_wconf 87' lang='lat' dir='ltr'>ed.</span> <span class='ocrx_word' id='word_1_443' title='bbox 605 1881 722 1911; x_wconf 86' lang='lat' dir='ltr'>Franz.</span> <span class='ocrx_word' id='word_1_444' title='bbox 753 1881 846 1921; x_wconf 77' lang='lat' dir='ltr'>Quia</span> <span class='ocrx_word' id='word_1_445' title='bbox 870 1882 1079 1924; x_wconf 75' lang='lat' dir='ltr'>dignitates,</span> <span class='ocrx_word' id='word_1_446' title='bbox 1114 1882 1238 1923; x_wconf 83' lang='lat' dir='ltr'>inquit,</span> <span class='ocrx_word' id='word_1_447' title='bbox 1275 1895 1351 1914; x_wconf 74' lang='lat' dir='ltr'>cnm</span> <span class='ocrx_word' id='word_1_448' title='bbox 1373 1883 1543 1924; x_wconf 74' lang='lat' dir='ltr'>indagare</span> <span class='ocrx_word' id='word_1_449' title='bbox 1572 1892 1656 1912; x_wconf 77' lang='lat' dir='ltr'>uera</span> <span class='ocrx_word' id='word_1_450' title='bbox 1673 1881 1816 1924; x_wconf 78' lang='lat' dir='ltr'>pigeat,</span> <span class='ocrx_word' id='word_1_451' title='bbox 1852 1884 1952 1926; x_wconf 76' lang='lat' dir='ltr'>igne..</span> 
     </span>
     <span class='ocr_line' id='line_1_35' title="bbox 77 1933 1949 1980; baseline -0.003 -8"><span class='ocrx_word' id='word_1_452' title='bbox 77 1940 213 1973; x_wconf 72' lang='lat' dir='ltr'>rantiae</span> <span class='ocrx_word' id='word_1_453' title='bbox 237 1937 372 1980; x_wconf 76' lang='lat' dir='ltr'>pudore</span> <span class='ocrx_word' id='word_1_454' title='bbox 397 1935 537 1966; x_wconf 80' lang='lat' dir='ltr'>mentiri</span> <span class='ocrx_word' id='word_1_455' title='bbox 568 1946 634 1965; x_wconf 75' lang='lat' dir='ltr'>non</span> <span class='ocrx_word' id='word_1_456' title='bbox 658 1934 770 1977; x_wconf 69' lang='lat' dir='ltr'>piget.</span> <span class='ocrx_word' id='word_1_457' title='bbox 814 1934 868 1965; x_wconf 83' lang='lat' dir='ltr'>Ad</span> <span class='ocrx_word' id='word_1_458' title='bbox 900 1935 1097 1965; x_wconf 81' lang='lat' dir='ltr'>l’lancianae</span> <span class='ocrx_word' id='word_1_459' title='bbox 1128 1935 1285 1965; x_wconf 83' lang='lat' dir='ltr'>orationis</span> <span class='ocrx_word' id='word_1_460' title='bbox 1309 1935 1419 1964; x_wconf 88' lang='lat' dir='ltr'>locum</span> <span class='ocrx_word' id='word_1_461' title='bbox 1449 1940 1479 1964; x_wconf 86' lang='lat' dir='ltr'>ut</span> <span class='ocrx_word' id='word_1_462' title='bbox 1506 1939 1727 1971; x_wconf 84' lang='lat' dir='ltr'>reuertamur,</span> <span class='ocrx_word' id='word_1_463' title='bbox 1762 1933 1859 1964; x_wconf 67' lang='lat' dir='ltr'>filcile</span> <span class='ocrx_word' id='word_1_464' title='bbox 1883 1935 1949 1966; x_wconf 85' lang='lat' dir='ltr'>iam</span> 
     </span>
     <span class='ocr_line' id='line_1_36' title="bbox 76 1985 1950 2032; baseline -0.001 -12"><span class='ocrx_word' id='word_1_465' title='bbox 76 1992 296 2032; x_wconf 81' lang='lat' dir='ltr'>intellegetur,</span> <span class='ocrx_word' id='word_1_466' title='bbox 322 1994 498 2031; x_wconf 81' lang='lat' dir='ltr'>propterea</span> <span class='ocrx_word' id='word_1_467' title='bbox 522 1986 717 2018; x_wconf 81' lang='lat' dir='ltr'>Ciceronem</span> <span class='ocrx_word' id='word_1_468' title='bbox 741 1987 915 2018; x_wconf 80' lang='lat' dir='ltr'>conmunis</span> <span class='ocrx_word' id='word_1_469' title='bbox 940 1988 1014 2018; x_wconf 89' lang='lat' dir='ltr'>illos</span> <span class='ocrx_word' id='word_1_470' title='bbox 1037 1999 1170 2018; x_wconf 86' lang='lat' dir='ltr'>reorum</span> <span class='ocrx_word' id='word_1_471' title='bbox 1195 1987 1347 2018; x_wconf 88' lang='lat' dir='ltr'>inimicos</span> <span class='ocrx_word' id='word_1_472' title='bbox 1370 1987 1492 2017; x_wconf 72' lang='lat' dir='ltr'>‹lixis-se</span> <span class='ocrx_word' id='word_1_473' title='bbox 1515 1997 1657 2028; x_wconf 74' lang='lat' dir='ltr'>sperare,</span> <span class='ocrx_word' id='word_1_474' title='bbox 1682 1985 1764 2024; x_wconf 87' lang='lat' dir='ltr'>sore,</span> <span class='ocrx_word' id='word_1_475' title='bbox 1790 1994 1824 2019; x_wconf 81' lang='lat' dir='ltr'>ut</span> <span class='ocrx_word' id='word_1_476' title='bbox 1846 2000 1863 2018; x_wconf 89' lang='lat' dir='ltr'>a</span> <span class='ocrx_word' id='word_1_477' title='bbox 1886 1999 1950 2030; x_wconf 89' lang='lat' dir='ltr'>po-</span> 
     </span>
     <span class='ocr_line' id='line_1_37' title="bbox 75 2038 1948 2089; baseline -0.003 -14"><span class='ocrx_word' id='word_1_478' title='bbox 75 2045 157 2089; x_wconf 86' lang='lat' dir='ltr'>pulo</span> <span class='ocrx_word' id='word_1_479' title='bbox 180 2044 223 2074; x_wconf 86' lang='lat' dir='ltr'>R.</span> <span class='ocrx_word' id='word_1_480' title='bbox 247 2042 455 2085; x_wconf 77' lang='lat' dir='ltr'>(lignitatem</span> <span class='ocrx_word' id='word_1_481' title='bbox 478 2052 581 2083; x_wconf 40' lang='lat' dir='ltr'>qusam</span> <span class='ocrx_word' id='word_1_482' title='bbox 603 2039 731 2070; x_wconf 78' lang='lat' dir='ltr'>uellent</span> <span class='ocrx_word' id='word_1_483' title='bbox 753 2047 1050 2081; x_wconf 79' lang='lat' dir='ltr'>consequerentur,</span> <span class='ocrx_word' id='word_1_484' title='bbox 1082 2052 1150 2071; x_wconf 90' lang='lat' dir='ltr'>non</span> <span class='ocrx_word' id='word_1_485' title='bbox 1173 2046 1282 2071; x_wconf 82' lang='lat' dir='ltr'>autem</span> <span class='ocrx_word' id='word_1_486' title='bbox 1307 2041 1573 2082; x_wconf 75' lang='lat' dir='ltr'>magistratum,</span> <span class='ocrx_word' id='word_1_487' title='bbox 1603 2038 1690 2080; x_wconf 86' lang='lat' dir='ltr'>quod</span> <span class='ocrx_word' id='word_1_488' title='bbox 1715 2038 1770 2080; x_wconf 88' lang='lat' dir='ltr'>qui</span> <span class='ocrx_word' id='word_1_489' title='bbox 1794 2039 1837 2070; x_wconf 87' lang='lat' dir='ltr'>ita</span> <span class='ocrx_word' id='word_1_490' title='bbox 1860 2051 1948 2070; x_wconf 86' lang='lat' dir='ltr'>sem-</span> 
     </span>
     <span class='ocr_line' id='line_1_38' title="bbox 76 2090 1947 2141; baseline -0.003 -14"><span class='ocrx_word' id='word_1_491' title='bbox 76 2109 138 2141; x_wconf 82' lang='lat' dir='ltr'>per</span> <span class='ocrx_word' id='word_1_492' title='bbox 159 2102 195 2126; x_wconf 91' lang='lat' dir='ltr'>ut</span> <span class='ocrx_word' id='word_1_493' title='bbox 217 2095 267 2125; x_wconf 83' lang='lat' dir='ltr'>illi</span> <span class='ocrx_word' id='word_1_494' title='bbox 290 2093 516 2125; x_wconf 83' lang='lat' dir='ltr'>testimonium</span> <span class='ocrx_word' id='word_1_495' title='bbox 547 2092 586 2122; x_wconf 83' lang='lat' dir='ltr'>de</span> <span class='ocrx_word' id='word_1_496' title='bbox 609 2091 735 2122; x_wconf 86' lang='lat' dir='ltr'>ambitu</span> <span class='ocrx_word' id='word_1_497' title='bbox 759 2091 887 2130; x_wconf 80' lang='lat' dir='ltr'>dicunt,</span> <span class='ocrx_word' id='word_1_498' title='bbox 928 2105 1000 2124; x_wconf 87' lang='lat' dir='ltr'>cam</span> <span class='ocrx_word' id='word_1_499' title='bbox 1025 2093 1066 2124; x_wconf 90' lang='lat' dir='ltr'>ob</span> <span class='ocrx_word' id='word_1_500' title='bbox 1090 2105 1236 2123; x_wconf 83' lang='lat' dir='ltr'>caussam</span> <span class='ocrx_word' id='word_1_501' title='bbox 1260 2092 1485 2122; x_wconf 74' lang='lat' dir='ltr'>auctoritatem</span> <span class='ocrx_word' id='word_1_502' title='bbox 1516 2090 1619 2132; x_wconf 75' lang='lat' dir='ltr'>inagis</span> <span class='ocrx_word' id='word_1_503' title='bbox 1650 2096 1681 2121; x_wconf 83' lang='lat' dir='ltr'>et</span> <span class='ocrx_word' id='word_1_504' title='bbox 1703 2092 1793 2122; x_wconf 89' lang='lat' dir='ltr'>cultu</span> <span class='ocrx_word' id='word_1_505' title='bbox 1816 2092 1947 2133; x_wconf 75' lang='lat' dir='ltr'>diguam</span> 
     </span>
     <span class='ocr_line' id='line_1_39' title="bbox 77 2144 1947 2187; baseline -0.005 -5"><span class='ocrx_word' id='word_1_506' title='bbox 77 2158 109 2182; x_wconf 82' lang='lat' dir='ltr'>et</span> <span class='ocrx_word' id='word_1_507' title='bbox 134 2147 345 2185; x_wconf 82' lang='lat' dir='ltr'>uerecundia,</span> <span class='ocrx_word' id='word_1_508' title='bbox 374 2158 457 2187; x_wconf 87' lang='lat' dir='ltr'>quae</span> <span class='ocrx_word' id='word_1_509' title='bbox 480 2145 564 2175; x_wconf 82' lang='lat' dir='ltr'>inest</span> <span class='ocrx_word' id='word_1_510' title='bbox 585 2144 618 2175; x_wconf 84' lang='lat' dir='ltr'>iu</span> <span class='ocrx_word' id='word_1_511' title='bbox 643 2144 900 2185; x_wconf 76' lang='lat' dir='ltr'>magistratibus,</span> <span class='ocrx_word' id='word_1_512' title='bbox 927 2158 1026 2187; x_wconf 81' lang='lat' dir='ltr'>quain</span> <span class='ocrx_word' id='word_1_513' title='bbox 1051 2145 1157 2176; x_wconf 78' lang='lat' dir='ltr'>osslcia</span> <span class='ocrx_word' id='word_1_514' title='bbox 1181 2145 1235 2175; x_wconf 81' lang='lat' dir='ltr'>uel</span> <span class='ocrx_word' id='word_1_515' title='bbox 1258 2156 1413 2182; x_wconf 87' lang='lat' dir='ltr'>munera,</span> <span class='ocrx_word' id='word_1_516' title='bbox 1440 2155 1522 2185; x_wconf 86' lang='lat' dir='ltr'>quae</span> <span class='ocrx_word' id='word_1_517' title='bbox 1546 2144 1754 2185; x_wconf 85' lang='lat' dir='ltr'>inponuntur</span> <span class='ocrx_word' id='word_1_518' title='bbox 1776 2144 1947 2186; x_wconf 77' lang='lat' dir='ltr'>Inagistia-</span> 
     </span>
     <span class='ocr_line' id='line_1_40' title="bbox 77 2196 1944 2239; baseline -0.004 -4"><span class='ocrx_word' id='word_1_519' title='bbox 77 2204 181 2239; x_wconf 85' lang='lat' dir='ltr'>tibus,</span> <span class='ocrx_word' id='word_1_520' title='bbox 219 2199 282 2230; x_wconf 86' lang='lat' dir='ltr'>sibi</span> <span class='ocrx_word' id='word_1_521' title='bbox 312 2198 484 2230; x_wconf 82' lang='lat' dir='ltr'>tribuenda</span> <span class='ocrx_word' id='word_1_522' title='bbox 516 2209 584 2228; x_wconf 83' lang='lat' dir='ltr'>esse</span> <span class='ocrx_word' id='word_1_523' title='bbox 615 2209 633 2227; x_wconf 87' lang='lat' dir='ltr'>a</span> <span class='ocrx_word' id='word_1_524' title='bbox 658 2197 785 2239; x_wconf 90' lang='lat' dir='ltr'>populo</span> <span class='ocrx_word' id='word_1_525' title='bbox 812 2197 985 2229; x_wconf 84' lang='lat' dir='ltr'>declarant.</span> <span class='ocrx_word' id='word_1_526' title='bbox 1029 2199 1109 2229; x_wconf 84' lang='lat' dir='ltr'>Non</span> <span class='ocrx_word' id='word_1_527' title='bbox 1140 2197 1229 2227; x_wconf 86' lang='lat' dir='ltr'>enim</span> <span class='ocrx_word' id='word_1_528' title='bbox 1257 2202 1323 2226; x_wconf 83' lang='lat' dir='ltr'>tam</span> <span class='ocrx_word' id='word_1_529' title='bbox 1348 2197 1482 2226; x_wconf 86' lang='lat' dir='ltr'>idoneos</span> <span class='ocrx_word' id='word_1_530' title='bbox 1513 2208 1582 2227; x_wconf 85' lang='lat' dir='ltr'>sese</span> <span class='ocrx_word' id='word_1_531' title='bbox 1605 2208 1642 2226; x_wconf 87' lang='lat' dir='ltr'>ea</span> <span class='ocrx_word' id='word_1_532' title='bbox 1671 2208 1706 2227; x_wconf 90' lang='lat' dir='ltr'>re</span> <span class='ocrx_word' id='word_1_533' title='bbox 1729 2196 1768 2227; x_wconf 89' lang='lat' dir='ltr'>ad</span> <span class='ocrx_word' id='word_1_534' title='bbox 1794 2196 1944 2228; x_wconf 78' lang='lat' dir='ltr'>obeunda</span> 
     </span>
     <span class='ocr_line' id='line_1_41' title="bbox 77 2248 1945 2297; baseline -0.004 -11"><span class='ocrx_word' id='word_1_535' title='bbox 77 2255 328 2297; x_wconf 84' lang='lat' dir='ltr'>magistratuum</span> <span class='ocrx_word' id='word_1_536' title='bbox 351 2262 489 2282; x_wconf 83' lang='lat' dir='ltr'>munera</span> <span class='ocrx_word' id='word_1_537' title='bbox 514 2250 703 2287; x_wconf 79' lang='lat' dir='ltr'>ostendunt,</span> <span class='ocrx_word' id='word_1_538' title='bbox 730 2262 828 2291; x_wconf 89' lang='lat' dir='ltr'>quam</span> <span class='ocrx_word' id='word_1_539' title='bbox 852 2251 984 2292; x_wconf 76' lang='lat' dir='ltr'>(lignos,</span> <span class='ocrx_word' id='word_1_540' title='bbox 1010 2250 1130 2291; x_wconf 85' lang='lat' dir='ltr'>quibus</span> <span class='ocrx_word' id='word_1_541' title='bbox 1153 2249 1327 2280; x_wconf 79' lang='lat' dir='ltr'>auctoritas</span> <span class='ocrx_word' id='word_1_542' title='bbox 1350 2249 1408 2279; x_wconf 81' lang='lat' dir='ltr'>ista</span> <span class='ocrx_word' id='word_1_543' title='bbox 1432 2248 1672 2290; x_wconf 82' lang='lat' dir='ltr'>magistratibus</span> <span class='ocrx_word' id='word_1_544' title='bbox 1696 2261 1777 2291; x_wconf 84' lang='lat' dir='ltr'>quos</span> <span class='ocrx_word' id='word_1_545' title='bbox 1799 2249 1945 2291; x_wconf 85' lang='lat' dir='ltr'>populns</span> 
     </span>
     <span class='ocr_line' id='line_1_42' title="bbox 77 2301 1942 2343; baseline -0.005 -3"><span class='ocrx_word' id='word_1_546' title='bbox 77 2308 183 2340; x_wconf 72' lang='lat' dir='ltr'>defert</span> <span class='ocrx_word' id='word_1_547' title='bbox 204 2305 375 2336; x_wconf 84' lang='lat' dir='ltr'>tribuatur.</span> <span class='ocrx_word' id='word_1_548' title='bbox 398 2321 440 2327; x_wconf 89' lang='lat'>—</span> <span class='ocrx_word' id='word_1_549' title='bbox 484 2303 639 2334; x_wconf 84' lang='lat' dir='ltr'>Ceterum</span> <span class='ocrx_word' id='word_1_550' title='bbox 663 2303 763 2333; x_wconf 85' lang='lat' dir='ltr'>uerba</span> <span class='ocrx_word' id='word_1_551' title='bbox 794 2303 831 2334; x_wconf 78' lang='lat' dir='ltr'>ob</span> <span class='ocrx_word' id='word_1_552' title='bbox 855 2316 928 2334; x_wconf 83' lang='lat' dir='ltr'>eam</span> <span class='ocrx_word' id='word_1_553' title='bbox 952 2315 1125 2339; x_wconf 75' lang='lat' dir='ltr'>caussam,</span> <span class='ocrx_word' id='word_1_554' title='bbox 1158 2313 1240 2342; x_wconf 87' lang='lat' dir='ltr'>quae</span> <span class='ocrx_word' id='word_1_555' title='bbox 1265 2301 1448 2332; x_wconf 68' lang='lat' dir='ltr'>Gai-atomio</span> <span class='ocrx_word' id='word_1_556' title='bbox 1471 2313 1540 2332; x_wconf 88' lang='lat' dir='ltr'>nou</span> <span class='ocrx_word' id='word_1_557' title='bbox 1562 2301 1673 2332; x_wconf 84' lang='lat' dir='ltr'>minus</span> <span class='ocrx_word' id='word_1_558' title='bbox 1696 2307 1844 2343; x_wconf 83' lang='lat' dir='ltr'>suspecta</span> <span class='ocrx_word' id='word_1_559' title='bbox 1870 2308 1942 2331; x_wconf 86' lang='lat' dir='ltr'>sunt</span> 
     </span>
     <span class='ocr_line' id='line_1_43' title="bbox 77 2354 1943 2398; baseline -0.006 -4"><span class='ocrx_word' id='word_1_560' title='bbox 77 2362 167 2394; x_wconf 77' lang='lat' dir='ltr'>uisa,</span> <span class='ocrx_word' id='word_1_561' title='bbox 207 2364 242 2389; x_wconf 86' lang='lat' dir='ltr'>ut</span> <span class='ocrx_word' id='word_1_562' title='bbox 272 2356 378 2388; x_wconf 81' lang='lat' dir='ltr'>omitti</span> <span class='ocrx_word' id='word_1_563' title='bbox 408 2356 553 2398; x_wconf 85' lang='lat' dir='ltr'>potuisse</span> <span class='ocrx_word' id='word_1_564' title='bbox 582 2356 673 2387; x_wconf 86' lang='lat' dir='ltr'>salua</span> <span class='ocrx_word' id='word_1_565' title='bbox 701 2356 860 2386; x_wconf 83' lang='lat' dir='ltr'>sententia</span> <span class='ocrx_word' id='word_1_566' title='bbox 889 2354 1047 2388; x_wconf 75' lang='lat' dir='ltr'>concedo,</span> <span class='ocrx_word' id='word_1_567' title='bbox 1081 2354 1123 2385; x_wconf 79' lang='lat' dir='ltr'>ita</span> <span class='ocrx_word' id='word_1_568' title='bbox 1148 2361 1234 2385; x_wconf 84' lang='lat' dir='ltr'>recte</span> <span class='ocrx_word' id='word_1_569' title='bbox 1257 2354 1329 2384; x_wconf 85' lang='lat' dir='ltr'>addi</span> <span class='ocrx_word' id='word_1_570' title='bbox 1353 2354 1451 2384; x_wconf 88' lang='lat' dir='ltr'>etiam</span> <span class='ocrx_word' id='word_1_571' title='bbox 1474 2366 1492 2384; x_wconf 87' lang='lat' dir='ltr'>a</span> <span class='ocrx_word' id='word_1_572' title='bbox 1515 2354 1674 2385; x_wconf 90' lang='lat' dir='ltr'>Cicerone</span> <span class='ocrx_word' id='word_1_573' title='bbox 1696 2354 1840 2397; x_wconf 80' lang='lat' dir='ltr'>potuisse</span> <span class='ocrx_word' id='word_1_574' title='bbox 1863 2365 1943 2384; x_wconf 89' lang='lat' dir='ltr'>con-</span> 
     </span>
    </p>
   </div>
   <div class='ocr_carea' id='block_1_3' title="bbox 230 2406 1942 2490">
    <p class='ocr_par' dir='ltr' id='par_1_3' title="bbox 230 2406 1942 2490">
     <span class='ocr_line' id='line_1_44' title="bbox 230 2406 1942 2448; baseline -0.002 -6"><span class='ocrx_word' id='word_1_575' title='bbox 230 2410 438 2442; x_wconf 85' lang='lat' dir='ltr'>Simillumus</span> <span class='ocrx_word' id='word_1_576' title='bbox 465 2408 557 2440; x_wconf 88' lang='lat' dir='ltr'>locus</span> <span class='ocrx_word' id='word_1_577' title='bbox 585 2415 674 2440; x_wconf 74' lang='lat' dir='ltr'>extat</span> <span class='ocrx_word' id='word_1_578' title='bbox 702 2409 736 2439; x_wconf 91' lang='lat' dir='ltr'>in</span> <span class='ocrx_word' id='word_1_579' title='bbox 760 2417 839 2440; x_wconf 79' lang='lat' dir='ltr'>orat.</span> <span class='ocrx_word' id='word_1_580' title='bbox 872 2409 980 2440; x_wconf 79' lang='lat' dir='ltr'>l‘ison.</span> <span class='ocrx_word' id='word_1_581' title='bbox 1014 2408 1051 2438; x_wconf 91' lang='lat' dir='ltr'>C.</span> <span class='ocrx_word' id='word_1_582' title='bbox 1079 2407 1214 2439; x_wconf 76' lang='lat' dir='ltr'>XXIV.</span> <span class='ocrx_word' id='word_1_583' title='bbox 1240 2407 1269 2448; x_wconf 61' lang='grc' dir='ltr'>ς.</span> <span class='ocrx_word' id='word_1_584' title='bbox 1293 2408 1343 2447; x_wconf 81' lang='lat'>57.</span> <span class='ocrx_word' id='word_1_585' title='bbox 1374 2406 1484 2446; x_wconf 80' lang='lat' dir='ltr'>Quom</span> <span class='ocrx_word' id='word_1_586' title='bbox 1507 2408 1657 2440; x_wconf 78' lang='lat' dir='ltr'>omnium</span> <span class='ocrx_word' id='word_1_587' title='bbox 1680 2414 1818 2440; x_wconf 76' lang='lat' dir='ltr'>tuorum</span> <span class='ocrx_word' id='word_1_588' title='bbox 1839 2407 1942 2438; x_wconf 73' lang='lat' dir='ltr'>scele-</span> 
     </span>
     <span class='ocr_line' id='line_1_45' title="bbox 1493 2464 1528 2490; baseline 0 0"><span class='ocrx_word' id='word_1_589' title='bbox 1493 2464 1528 2490; x_wconf 74' lang='lat'>32</span> 
     </span>
    </p>
   </div>
   <div class='ocr_carea' id='block_1_4' title="bbox 77 2414 185 2446">
    <p class='ocr_par' dir='ltr' id='par_1_4' title="bbox 77 2414 185 2446">
     <span class='ocr_line' id='line_1_46' title="bbox 77 2414 185 2446; baseline -0.028 0"><span class='ocrx_word' id='word_1_590' title='bbox 77 2414 185 2446; x_wconf 86' lang='lat' dir='ltr'>tendo.</span> 
     </span>
    </p>
   </div>
  </div>
 </body>
</html>
