2264 2746
291 102 471 132 LXXVIII
957 97 1486 128 PROLEGOMENA.

286 190 376 217 posse
396 179 460 216 lege
479 176 607 204 Licinia
626 174 810 209 Plancium,
845 172 968 211 quando
987 174 1051 201 sint
1077 173 1161 201 aliae
1188 173 1288 202 tribus
1308 174 1426 209 editae,
1460 185 1514 203 nec
1541 176 1615 203 illae
1637 178 1860 212 potissumum,
1893 186 1970 214 qnae
1990 179 2152 215 sumpsisse

287 227 454 264 pecuniam
474 225 666 254 dicerentur,
694 226 723 248 et
742 230 819 258 quas
838 220 905 248 ideo
926 221 977 248 uel
1001 230 1143 249 maxume
1172 227 1299 250 senatus
1328 222 1378 250 edi
1402 223 1563 257 uoluisset,
1598 228 1632 250 nt
1653 229 1682 251 et
1701 223 1876 251 iudicarent.
1896 230 1924 251 et
1945 227 2153 253 iesu-,nonnam

291 275 342 302 uel
359 280 466 301 contra
486 282 571 300 reum
591 269 642 296 uel
653 278 713 306 pro
732 278 783 296 reo
803 278 839 296 ex
858 269 926 305 ipsa
946 270 1077 296 ueritate
1099 268 1314 307 perhiberent,
1343 271 1397 307 qai
1416 272 1483 298 sine
1511 270 1618 304 dubio,
1640 270 1717 308 quid
1740 276 1816 298 esset
1836 277 1913 307 aput
1939 271 2061 300 tribulis
2085 282 2154 300 snos

286 327 404 358 gestum
415 341 423 355 ,
444 326 564 357 optume
583 317 705 343 scirent.

363 377 468 414 Itaque
495 379 604 413 sponte
633 373 693 401 iam
721 372 901 409 concidunt,
935 384 1010 412 quac
1036 373 1195 403 Manutius
1230 378 1261 402 et
1290 373 1493 409 Garatonius,
1527 373 1647 413 decepti
1680 375 1828 404 uarietate
1855 375 2043 415 scripturae,
2077 387 2153 414 quae

290 425 323 453 C.
345 425 436 453 XVI.
455 422 481 462 ᾗ.
502 424 547 451 38.
568 423 600 450 in
620 421 725 450 uerbis
746 431 819 449 nam
838 422 1014 456 Maeniam,
1047 432 1104 461 pro
1126 421 1238 460 quibus
1264 421 1377 449 nitiosc
1406 421 1438 449 in
1458 421 1548 449 libris
1568 422 1663 450 malae
1683 428 1772 451 notae
1793 435 1866 452 nam
1886 427 2012 453 tertiam
2030 425 2153 462 legitur,

289 472 325 499 de
346 471 443 499 tribus
471 471 612 498 tribubus
639 470 675 498 ab
704 474 893 497 accussatorc
921 469 1012 498 editis
1040 470 1205 498 commenti
1232 474 1310 498 sunt.
1351 470 1420 507 Qua
1447 469 1484 497 de
1511 480 1612 498 caussa
1640 470 1851 499 adnotationes
1880 482 1986 500 corum
2006 472 2039 500 in
2059 472 2153 501 imum

287 519 451 556 marginem
471 517 521 545 hic
541 518 660 546 reicere
680 516 752 545 satis
772 516 879 555 putaui
897 515 934 556 *).

361 577 505 605 Ceterum
526 581 617 605 crunt
643 577 788 609 fortasse,
820 574 872 612 qui
899 574 958 604 boc
977 581 1137 614 praeterea
1163 576 1313 614 scriptum
1340 575 1374 604 in
1394 575 1460 613 lege
1481 574 1607 603 Licinia
1632 576 1726 604 fuisse
1754 582 1880 615 putent,
1910 587 1958 605 cas
1978 582 2095 606 tantum
2115 577 2152 606 ab

285 629 472 653 accussatore
492 625 592 653 tribus
612 624 724 652 debere
746 621 812 658 edi,
833 632 903 660 quas
924 624 949 651 is
971 634 986 651 a
1006 634 1059 652 reo
1081 630 1240 663 corruptas
1262 623 1494 657 criminaretur,
1520 633 1588 650 cum
1609 623 1642 650 id
1660 624 1838 662 frequenter
1859 625 1968 654 Cicero
1990 625 2152 653 Laterensi

289 673 474 711 exprobret,
504 672 602 710 quod,
630 682 698 699 cum
725 680 789 698 non
811 671 942 699 ediderit
963 681 1034 709 quas
1055 671 1217 709 largitione
1247 675 1406 709 corruptas
1427 669 1605 699 criminatus
1627 676 1721 708 essct,
1751 678 1855 701 contra
1873 673 1949 711 legis
1970 673 2153 702 sententiam

283 720 400 748 fecerit.
439 720 591 748 Adferent
611 719 659 746 illi
679 719 716 747 ad
735 719 949 747 stabiliendam
970 720 1152 747 sententiam
1179 730 1263 747 suam
1282 719 1338 747 hos
1359 719 1460 746 locos:

359 778 393 807 C.
413 777 505 806 XVI.
526 776 553 817 §.
574 778 619 814 39.
659 776 818 805 Dabimus
845 779 963 815 igitur,
988 777 1121 811 imlices,
1149 779 1224 814 quin
1251 788 1305 805 uos
1324 779 1372 805 M.
1392 777 1572 806 Laterensis
1591 788 1645 805 suo
1671 777 1804 813 iudicio,
1830 788 1891 806 non
1917 777 1969 806 acl
1993 783 2153 805 senten-

281 829 381 856 tiam
399 827 524 863 legiS,
543 830 588 853 set
607 825 652 852 ad
668 835 757 852 suam
776 835 860 862 spem
879 825 1018 862 aliquam
1038 824 1074 852 cle
1094 826 1223 852 ciailate
1243 824 1413 863 delegerit?

356 884 389 913 C.
410 882 517 912 XVII.
538 880 565 921 §.
586 882 630 910 42.
667 884 776 920 ,Neque
796 893 849 920 ego
873 893 956 910 nunc
975 883 1050 919 leg-is
1070 883 1269 920 iniquitatem
1288 893 1412 921 queror,
1437 887 1483 910 set
1501 881 1631 920 factam
1651 887 1738 910 mum
1765 893 1785 910 α
1811 893 1825 910 s
1834 894 1847 911 e
1857 894 1877 911 η
1886 889 1898 910 t
1908 895 1922 911 e
1931 894 1951 911 η
1961 889 1973 910 t
1982 885 1993 911 ι’
2002 892 2022 910 α
2047 883 2110 920 leg
2118 884 2130 912 i
2137 893 2152 909 s

281 933 369 961 doceo
390 932 563 968 discrepare
572 940 584 965 ;
610 935 639 958 et
658 931 732 959 illut
751 930 895 959 acerbam
914 930 1066 958 iudicium
1085 930 1126 965 si,
1163 941 1181 968 t]
1190 941 1209 958 u
1220 942 1234 958 e
1243 941 1273 958 m
1282 940 1302 958 a
1311 931 1369 959 clm
1377 940 1393 958 o
1402 929 1450 958 du
1460 940 1491 957 m
1516 940 1530 957 s
1539 939 1554 956 e
1562 940 1583 957 n
1593 939 1612 956 α
1620 935 1631 956 t
1640 939 1661 957 ιι
1669 939 1683 956 s
1708 940 1724 957 c
1734 941 1748 958 e
1757 940 1777 957 ιι
1785 940 1799 957 s
1808 941 1829 958 ιι
1837 931 1848 957 i
1856 936 1869 958 t
1888 941 1912 968 p
1923 941 1966 969 op
1976 941 1996 959 ιι
2007 931 2047 959 lu
2057 941 2071 959 s
2081 941 2098 969 q
2108 941 2128 959 ιι
2137 940 2152 958 e

348 1086 369 1118 *)
392 1084 536 1110 Manutius:
564 1084 679 1116 „indicat
697 1084 740 1109 hic
758 1084 846 1116 locus,
871 1084 917 1108 ubi
935 1083 981 1108 tris
998 1083 1082 1108 tribus
1101 1088 1250 1109 accussator
1268 1084 1377 1116 ederet,
1403 1083 1506 1108 tertiam
1526 1092 1539 1108 a
1558 1091 1606 1107 reo
1624 1083 1689 1107 reici
1707 1084 1854 1117 potuisse.“
1889 1084 2016 1109 Similiter
2034 1085 2149 1110 Garato-

279 1132 335 1157 nius
361 1131 422 1155 Cur.
447 1130 505 1154 Sec.
524 1139 550 1162 p.
569 1130 691 1155 28—50.
709 1129 793 1160 „Bau-
811 1137 875 1153 nam
894 1128 976 1153 etium
1001 1137 1058 1153 cum
1077 1129 1134 1153 aliis
1153 1130 1294 1161 mendose,
1320 1135 1408 1154 tamen
1428 1138 1459 1154 ex
1478 1137 1541 1152 uera
1559 1128 1676 1152 lectione
1695 1127 1844 1159 Maeciam,⁷
1871 1137 1947 1162 qnam
1965 1129 2020 1154 Ers.
2040 1138 2148 1154 conser-

278 1176 365 1207 uauit,
385 1175 425 1199 cui
445 1174 550 1206 quidem
568 1173 675 1206 propius
696 1173 825 1198 accedunt
843 1172 932 1199 Oxou.
952 1173 1078 1207 quinque.
1113 1174 1180 1198 Tres
1201 1175 1268 1198 enim
1286 1174 1385 1199 habent
1401 1173 1525 1202 Maiam,
1542 1181 1609 1197 unus
1627 1173 1740 1197 mociam
1760 1177 1785 1197 et
1804 1173 1871 1197 alter
1889 1172 1917 1197 ιιί
1935 1174 2029 1199 eciam.
2059 1174 2147 1206 Atque

277 1220 337 1244 illut
355 1219 383 1242 ui
403 1228 434 1243 ex
452 1219 485 1243 M
501 1226 546 1241 seu
566 1226 591 1241 m
609 1216 747 1250 profluxit,
775 1226 807 1242 ex
825 1227 876 1251 quo
897 1218 940 1242 alii
955 1218 1123 1243 numeralem
1141 1223 1230 1243 notam
1248 1218 1295 1242 ΙΙΙ.
1314 1218 1477 1248 effecerunt,
1504 1226 1571 1250 quae.
1591 1217 1677 1241 multis
1696 1217 1780 1241 fraudi
1798 1218 1860 1246 fuit3
1884 1217 2001 1251 inprimis
2021 1217 2071 1250 ipsi
2087 1217 2148 1242 Ma—

277 1265 367 1294 nutio,
386 1263 429 1296 qui
449 1271 505 1286 cum
525 1261 635 1285 tertiam
652 1261 809 1294 inuenisset,
833 1263 866 1287 de
887 1263 1053 1288 Crustumina
1078 1262 1226 1294 intellexit,
1251 1271 1317 1295 quae
1340 1261 1420 1285 tertio
1439 1261 1588 1285 nominatur
1605 1261 1681 1290 loco;
1708 1260 1811 1285 Maecia
1830 1266 1923 1294 quarto
1939 1270 2007 1287 nunc
2026 1262 2145 1286 additast.

279 1309 443 1341 Quamquam
462 1307 528 1330 liaec
548 1315 605 1330 cum
623 1306 796 1339 sequentibus
814 1307 936 1332 uidentur
954 1316 1077 1340 pugnare.
1113 1307 1214 1339 Quodsi
1233 1307 1300 1331 duae
1320 1311 1417 1331 tantum
1436 1306 1518 1330 tribus
1538 1305 1569 1330 ad
1588 1304 1756 1330 indicandum
1776 1311 1850 1330 erant
1868 1306 2000 1339 edendae,
2017 1311 2046 1330 ut
2063 1306 2150 1339 suspi-

278 1353 331 1377 cari
358 1352 437 1383 licet,
464 1350 582 1375 consulto
602 1349 734 1374 Manutius
752 1351 895 1376 lectionem
914 1352 984 1376 illam
1003 1361 1074 1376 suam
1094 1351 1241 1384 delegerit,
1267 1360 1350 1384 eaque
1368 1351 1457 1375 uerior
1475 1349 1661 1376 existumantla.
1698 1349 1770 1381 Quid
1789 1354 1828 1374 est
1846 1350 1929 1383 enim,
1951 1351 2021 1384 quod
2036 1351 2062 1376 in
2081 1351 2149 1375 dua-

277 1397 325 1421 bus
344 1401 444 1421 tantum
467 1395 548 1420 omnis
567 1395 633 1419 haec
654 1395 796 1428 disputatio
816 1396 955 1421 uersatur?
986 1396 1029 1420 hic
1051 1400 1137 1420 autem
1155 1396 1229 1420 locus
1247 1405 1298 1421 non
1318 1404 1413 1428 auceps
1435 1395 1494 1419 est?
1526 1394 1731 1428 permutationes
1749 1402 1801 1418 non
1825 1393 1891 1419 licet
1915 1395 1961 1420 has
1978 1396 2005 1421 in
2022 1396 2146 1421 utramuis

276 1446 376 1474 partem
397 1440 523 1465 trahere?
548 1440 615 1464 Mihi
633 1445 720 1464 tamen
740 1440 827 1465 omnia
846 1442 1021 1466 consideranti
1040 1449 1126 1474 neque
1146 1439 1275 1465 dubitatio
1293 1439 1397 1472 penitus
1417 1439 1541 1472 eripitur,
1569 1447 1655 1471 neque
1677 1438 1775 1462 codicis
1796 1438 1852 1465 Ers.
1879 1440 2036 1473 auctoritas,
2066 1448 2145 1473 quam

275 1485 446 1518 praecipuam
465 1485 547 1515 duco,
575 1489 601 1508 et
620 1484 729 1509 aliorum
747 1485 848 1509 mendis
866 1486 954 1518 augeri
977 1485 1142 1519 probabilius
1166 1488 1232 1517 puto
1256 1492 1332 1516 quam
1356 1483 1444 1508 minui.
1479 1483 1574 1516 Neque
1603 1491 1682 1514 uero,
1708 1483 1779 1515 quod
1804 1483 1847 1507 hic
1864 1483 1981 1508 Uoltinia
1997 1489 2096 1509 tantum
2114 1493 2144 1509 ac

275 1529 422 1554 Terentina
439 1530 586 1562 profertur,
610 1529 760 1553 necessario
780 1530 965 1562 consequitur,
993 1530 1057 1554 duas
1077 1529 1140 1554 alias
1158 1528 1241 1553 tribus
1261 1528 1304 1552 edi
1322 1537 1373 1553 non
1391 1527 1524 1561 potuisse,
1551 1532 1580 1551 ut
1597 1536 1648 1552 una
1666 1528 1765 1552 reiecta
1785 1531 1837 1551 tres
1857 1527 1969 1560 denique
1986 1528 2142 1554 iudicarent.

275 1573 320 1597 Set
337 1582 370 1598 ne
390 1573 439 1597 alia
458 1573 541 1597 maior
560 1577 586 1597 et
604 1573 773 1606 apertissuma
792 1574 927 1598 exoriatur
944 1574 1129 1607 repugnantia,
1156 1573 1320 1598 statuendum
1338 1572 1482 1603 omninost,
1508 1578 1699 1597 accussatorem
1717 1572 1803 1606 primo
1822 1572 1951 1603 tribuum,
1971 1581 2033 1606 quas
2052 1572 2143 1605 uellet,

275 1618 377 1643 nomina
397 1617 454 1650 lege
481 1617 585 1642 Licinia
609 1617 737 1650 edidisse,
761 1627 868 1651 quarum
891 1618 992 1642 reicere
1018 1626 1093 1642 unam
1118 1627 1164 1642 reo
1183 1617 1305 1646 licuerit·⁷
1332 1626 1363 1641 ex
1389 1617 1499 1649 reliquis
1524 1617 1619 1642 deinde
1642 1617 1716 1641 illum
1741 1617 1842 1641 iudices
1861 1617 2007 1650 delegisse,
2031 1626 2141 1650 quorum

274 1663 337 1687 rviei
357 1672 433 1687 nemo
452 1667 549 1696 posset.
584 1662 726 1695 Postquam
745 1662 837 1696 igitur,
866 1662 922 1686 siue
943 1662 1132 1687 Crustuminam
1155 1661 1228 1686 malis
1252 1661 1309 1685 siue
1327 1661 1454 1685 Maeciam
1473 1660 1593 1685 Plancius
1612 1661 1761 1692 reiecisset,
1782 1670 1815 1686 ex
1833 1662 1889 1686 aliis
1907 1662 2025 1686 tribubus
2041 1662 2141 1687 iudices

275 1708 364 1732 habuit
381 1707 544 1741 repentinos.
579 1706 614 1731 At
632 1707 683 1731 lioe
702 1711 819 1740 apertum
838 1712 891 1735 est3
910 1707 969 1731 illut
987 1707 1140 1738 obscurum,
1167 1706 1300 1739 quomodo
1318 1705 1468 1729 Laterensis
1488 1711 1586 1730 certam
1604 1706 1716 1737 tribum,
1743 1715 1809 1739 quae
1829 1716 1843 1731 a
1861 1706 1969 1731 Plancio
1985 1706 2140 1738 reficeretur,

275 1752 409 1784 designare
427 1752 554 1785 potuerit.
588 1751 687 1776 Eratne
705 1751 760 1784 ipse
780 1752 806 1776 iu
825 1760 856 1776 ea
875 1751 963 1775 tribu?
992 1761 1023 1776 an
1042 1752 1161 1777 homines
1180 1750 1289 1775 Plancio
1317 1758 1435 1774 maxume
1455 1749 1573 1775 inimici?
1597 1750 1671 1774 Ilaec
1692 1755 1763 1774 certe
1781 1750 1892 1775 reiectio
1910 1759 1984 1774 reum
2001 1749 2064 1774 haut
2081 1759 2140 1775 me-

274 1796 399 1820 diocriter
417 1796 580 1821 subleuabat.
617 1796 718 1820 Tamen
736 1804 787 1820 non
806 1800 845 1820 est
864 1805 896 1820 eo
916 1801 1055 1821 contentus
1075 1801 1178 1827 orator,
1204 1799 1230 1819 et
1248 1794 1330 1818 tribus
1349 1803 1396 1819 reo
1415 1795 1549 1819 deuinctas
1568 1795 1764 1820 necessitudine
1785 1795 1854 1820 omni
1871 1794 1983 1827 flagitat,
2000 1794 2138 1828 legemque

272 1841 355 1873 ipsam
374 1840 519 1873 Liciniam,
546 1841 595 1866 etsi
616 1840 700 1865 uideri
724 1849 778 1864 non
802 1840 876 1872 uolt,
901 1841 1057 1866 auctoritate
1082 1845 1186 1865 senatus
1210 1839 1389 1872 expromenda
1409 1840 1488 1864 tacite
1508 1839 1692 1872 reprehendit,
1723 1848 1789 1872 quae
1815 1839 1847 1863 ad
1865 1839 2026 1864 uoluntatem
2043 1838 2138 1864 summi

275 1884 367 1909 consili
385 1885 527 1918 perscripta
546 1895 597 1910 nou
617 1889 698 1916 esset,
717 1889 908 1909 accussatorem
925 1885 983 1909 uolt
999 1885 1125 1909 senatoris
1142 1885 1168 1909 in
1187 1884 1286 1908 iudicio
1305 1893 1442 1916 personam
1460 1892 1575 1908 sumere.
1610 1883 1657 1908 Set
1675 1883 1716 1909 lex
1734 1892 1817 1916 aequa
1835 1888 1907 1911 erat3
1934 1883 2070 1914 ambitum,
2088 1891 2139 1916 pe-

275 1934 341 1953 stem
359 1928 398 1952 rei
417 1937 442 1961 p.
461 1933 662 1961 taeterrumam,
679 1933 719 1953 tot
736 1929 808 1961 leges
827 1938 954 1954 coercere
972 1939 1026 1954 non
1045 1934 1182 1963 poterant3
1201 1929 1316 1953 honesto
1338 1928 1414 1952 etiam
1433 1928 1620 1953 sodaliciorum
1631 1929 1739 1953 inuento
1756 1927 1861 1952 nomine
1879 1927 2032 1961 tegebatur,
2049 1936 2138 1952 reme-

274 1973 318 1997 dio
339 1978 394 1997 erat
413 1981 476 2005 opus
497 1973 584 1998 ualido
605 1979 631 1998 et
649 1973 770 2002 salutari;
795 1982 880 2007 neque
900 1979 987 1999 tamen
1006 1974 1059 1999 ulla
1078 1974 1126 1998 suit
1151 1982 1272 2006 umquam
1299 1978 1369 1998 tanta
1393 1973 1478 2006 legum
1498 1973 1641 2004 acerbitas,
1672 1981 1737 2006 quae
1755 1977 1856 2005 pestem
1874 1972 1942 1997 illam
1963 1972 2136 2005 extingueret.

270 2017 349 2041 Plebs
368 2016 463 2041 etenim
481 2016 619 2048 largitione
636 2018 859 2051 corrumpebatur,
878 2027 965 2052 neque
983 2019 1009 2044 in
1024 2023 1159 2051 corruptos
1175 2027 1259 2051 poena
1275 2023 1339 2049 erat,
1357 2022 1398 2042 set
1416 2018 1443 2042 in
1463 2022 1644 2050 corruptores;
1663 2016 1689 2042 in
1707 2016 1738 2041 iis
1757 2021 1843 2041 autem
1862 2017 2002 2049 ordinibus,
2017 2017 2061 2051 qui
2078 2022 2134 2042 tum

272 2061 433 2092 indicabant,
446 2060 520 2085 multi
536 2066 615 2091 erant,
635 2062 677 2093 qui
694 2062 855 2094 magistratus
869 2063 967 2087 ambitu
984 2064 1105 2096 consequi
1120 2063 1228 2088 uellent.
1247 2062 1274 2087 In
1288 2062 1337 2087 hac
1350 2062 1464 2095 denique
1477 2061 1661 2086 sodaliciorum
1677 2070 1764 2086 caussa
1778 2070 1835 2085 cum
1850 2062 1947 2087 crimen
1960 2067 2028 2087 esset
2043 2062 2136 2088 occul-

272 2106 331 2137 tius,
350 2106 382 2130 ad
402 2113 527 2129 conmune
542 2105 636 2129 malum
649 2105 676 2129 id
691 2106 844 2139 accedebat,
863 2108 942 2140 quod,
954 2108 975 2132 si
992 2108 1075 2133 tribus
1088 2108 1232 2132 edebantur
1248 2116 1295 2132 reo
1312 2107 1466 2131 coniunctae
1482 2114 1608 2137 maxume,
1624 2105 1826 2138 indulgentiores
1840 2111 1949 2139 propter
1961 2107 2135 2132 necessitudi-

271 2159 331 2175 nem
346 2150 425 2174 futuri
439 2149 539 2174 iudices
553 2149 717 2174 uidebantur.
734 2149 791 2175 Lex
806 2151 894 2184 itaque
911 2158 1101 2177 accussatorum
1118 2152 1278 2184 diligentiam
1293 2152 1434 2176 seueritate
1450 2150 1621 2175 adiuuandam
1637 2149 1749 2178 censuit}
1767 2159 1814 2174 nos
1830 2152 1968 2176 oratoriam
1983 2151 2134 2176 illamHor-

269 2194 336 2219 tensi
349 2193 551 2227 disputationem
570 2198 671 2218 acutam
692 2199 719 2218 et
736 2196 890 2228 speciosam,
907 2202 947 2221 set
963 2196 1119 2222 aecussatori
1136 2197 1198 2221 haut
1211 2196 1272 2221 satis
1287 2197 1379 2221 utilem
1398 2196 1595 2224 existumamus;
1615 2203 1690 2228 quam
1703 2194 1807 2228 quidem
1823 2195 1918 2219 Cicero
1936 2200 2020 2221 astute
2034 2195 2059 2220 in
2072 2204 2131 2221 rem

270 2248 342 2264 suam
361 2239 504 2269 conuertit,
531 2237 601 2271 quod
621 2244 768 2264 accussator
786 2240 878 2272 dabat,
901 2241 1037 2274 arripiens.
1072 2241 1139 2266 Nam
1158 2241 1202 2266 ille
1222 2241 1255 2266 de
1275 2241 1420 2265 Terentina
1439 2245 1465 2264 et
1481 2239 1613 2271 Uoltinia,
1633 2249 1695 2272 quas
1713 2248 1765 2264 non
1785 2239 1916 2271 ediderat,
1934 2239 2131 2269 criminabatur3

272 2288 420 2317 suspectam
437 2283 541 2307 scilicet
559 2291 647 2308 earum
666 2284 779 2309 tribuum
798 2286 902 2317 plebem
920 2286 1043 2318 habebat,
1062 2291 1136 2311 caute
1154 2287 1254 2311 iudices
1273 2286 1468 2320 repudiauerat.
1500 2285 1552 2309 Hic
1571 2284 1755 2309 auctoritatem
1772 2289 1884 2314 senatus,
1903 2292 1959 2308 cum
1976 2284 2061 2317 legem
2079 2293 2130 2309 non

269 2334 374 2362 posset,
400 2327 525 2362 opponit,
552 2327 622 2360 quod
642 2328 751 2353 eaedem
771 2329 877 2354 Plancio
895 2336 965 2356 totae
985 2336 1070 2356 essent
1088 2331 1202 2356 deditae.
1237 2331 1296 2356 Hoc
1315 2336 1354 2356 est
1379 2331 1499 2364 profecto
1524 2330 1555 2354 ad
1573 2329 1749 2354 innocentiam
1770 2329 1894 2353 tuendam
1919 2329 2062 2362 egregium3
2088 2333 2128 2353 set

269 2372 369 2397 crimini
388 2372 545 2397 uindicando
557 2392 563 2403 ‚
582 2380 657 2404 qnam
675 2372 709 2396 ob
733 2382 788 2398 rem
806 2373 849 2399 lex
871 2381 926 2401 erat
944 2377 1012 2411 lata,
1039 2385 1093 2402 non
1113 2381 1191 2401 esset.
1226 2376 1266 2402 Ita
1284 2375 1374 2401 summi
1394 2375 1507 2400 oratoris
1525 2374 1660 2399 artificium
1678 2374 1761 2399 latens
1781 2374 1893 2406 eruitur,
1918 2382 1971 2406 qno
1989 2372 2058 2398 uiam
2076 2372 2125 2398 sibi

268 2417 402 2442 coninunit
421 2416 577 2441 defensionis
596 2416 811 2449 amplissumam.“
