2264 2746
843 103 1299 130 PRAEFATIO.
1954 101 2000 124 lx

131 199 167 228 et
193 192 368 238 genuinas
404 197 439 226 et
465 195 652 235 corruptas
689 189 887 234 scripturas
923 189 999 222 eius
1026 188 1221 233 diligenter
1253 186 1373 229 noris,
1410 185 1573 219 minume
1606 190 1839 230 perspectum
1866 183 1999 216 habere

130 267 280 313 poteris.
332 266 482 300 Penitus
507 269 628 298 autem
655 263 820 307 cognitos
847 263 980 296 habere
1007 262 1148 295 codices
1175 266 1323 307 apparet
1350 273 1432 293 eum
1460 260 1603 303 debere,
1633 259 1691 303 qui
1723 257 1903 303 quomodo
1932 269 1996 289 co-

130 341 227 385 gnati
257 340 329 372 sint
354 340 451 372 inter
478 350 517 371 se
542 337 764 383 perscrutari
791 337 891 371 uelit.

233 414 291 447 De
318 412 599 455 commentario,
628 411 689 455 qui
716 412 882 456 sequitur
908 416 990 455 post
1018 411 1219 444 orationem
1245 407 1469 451 Tullianam,
1496 408 1585 440 haec
1611 407 1702 440 mihi
1728 408 1996 453 praemonenda

128 492 222 522 sunt.
275 486 413 530 Recepi
440 485 479 518 in
508 497 589 518 cum
616 486 755 528 omnia,
798 496 889 529 quae
913 485 957 517 ad
986 482 1248 516 inlustrandam
1281 482 1483 514 orationem
1516 482 1745 515 Plancianam
1780 483 1897 515 facere
1930 482 1992 514 ui-

128 562 322 603 derentur,
349 559 427 592 siue
453 559 495 592 ab
523 559 601 592 aliis
626 559 714 592 uiris
741 559 856 592 doctis
883 563 966 591 ante
994 568 1052 589 me
1078 556 1233 597 monita,
1262 555 1340 588 siue
1367 568 1387 588 a
1412 568 1470 588 me
1497 555 1642 587 demum
1670 556 1868 590 obseruata.
1906 555 1991 588 Non

125 646 218 680 nego
247 633 421 679 quaedam
449 633 598 666 breuius
627 633 698 666 diei
723 633 903 678 potuisse,
930 641 1100 663 maxume
1128 641 1186 671 ca,
1214 640 1306 673 quae
1332 641 1352 661 a
1379 628 1580 661 Garatonio
1609 629 1740 673 scripta
1767 634 1862 671 sunt,
1890 629 1992 661 cuius

123 708 383 742 uerbositatem
410 707 571 739 minume
598 707 724 752 probo.
776 705 914 737 Uerum
941 703 1037 736 illius
1072 703 1165 746 uiri,
1209 703 1312 735 euius
1347 715 1516 736 maxuma
1549 708 1636 746 aput
1668 702 1832 735 homines
1866 702 1991 735 doctos

124 782 321 817 auctoritas
349 786 421 820 est,
464 781 715 814 adnotationes
750 779 779 811 si
806 778 844 810 in
870 778 1019 810 breuius
1047 777 1327 820 contraxissem,
1367 777 1404 809 in
1430 787 1575 819 magnas
1602 776 1800 809 multorum
1826 776 1989 807 uirorum

122 854 429 901 reprehensiones
454 854 674 896 incidissem,
702 852 763 897 qui
780 852 849 885 nisi
872 852 1028 895 integras
1056 852 1318 884 commentario
1346 862 1427 884 meo
1444 850 1598 883 insertas
1613 850 1872 895 repperissent,
1900 848 1987 881 alia-

122 941 205 963 rum
233 928 339 961 etiam
366 926 582 969 editionum,
620 927 658 958 in
686 926 815 971 quibus
842 926 1040 958 immutatae
1066 930 1150 958 sunt
1175 925 1370 970 repetitae,
1411 936 1516 957 usum
1544 924 1612 957 sibi
1638 923 1884 956 necessarium
1912 934 1989 956 esse

124 1005 374 1048 quererentur.
426 998 521 1032 Mihi
547 1005 670 1033 autem
696 1000 734 1033 id
760 999 971 1032 faciundum
995 999 1205 1043 uidebatur,
1232 1004 1274 1032 ut
1300 998 1361 1043 qui
1388 1010 1468 1031 mea
1494 1004 1686 1032 uterentur
1713 997 1888 1039 editione,
1924 1008 1988 1029 re-

122 1076 230 1122 liquis
256 1085 378 1107 carere
404 1073 574 1107 omnibus
606 1079 766 1118 possent.
817 1073 942 1117 Itaque
968 1085 1015 1107 ne
1041 1073 1195 1106 uerbum
1222 1072 1368 1118 quidem
1396 1072 1474 1105 eius
1500 1085 1593 1106 ame
1611 1072 1820 1105 omissumst
1844 1075 1988 1115 praeter

124 1161 183 1193 ea,
223 1147 352 1193 quibus
377 1147 502 1180 uariae
529 1147 695 1180 codicum
722 1147 923 1192 scripturae
949 1146 1162 1192 simpliciter
1192 1147 1415 1180 referuntur.
1469 1147 1568 1190 Quas
1602 1158 1711 1192 quom
1744 1146 1782 1178 in
1815 1148 1987 1188 apparatu

118 1222 244 1257 critico
270 1222 342 1254 iam
361 1222 671 1266 percensuissem,
696 1221 841 1266 ineptus
868 1221 1036 1264 fuissem,
1065 1221 1095 1254 si
1121 1221 1255 1255 iterum
1281 1220 1316 1252 in
1344 1221 1602 1254 commentario
1630 1219 1871 1253 Garatonium
1896 1228 1985 1250 uer-

115 1296 240 1330 bosius
276 1306 334 1328 eas
369 1301 705 1329 eonmemorantem
740 1295 1035 1328 introduxissem.
1087 1295 1147 1329 Ex
1188 1295 1416 1340 reliquorum
1455 1296 1698 1340 interpretum
1737 1291 1985 1326 recentiorum

116 1369 449 1415 explanationibus,
490 1369 657 1413 Manuti,
696 1368 887 1412 Lambini,
926 1368 1094 1413 Gruteri,
1133 1369 1291 1412 Graeui,
1335 1369 1503 1412 Ernesti,
1542 1367 1784 1410 Lallemandi,
1824 1364 1983 1407 Weiski‚

115 1443 280 1486 Schutzi,
320 1448 355 1476 et
380 1443 516 1487 Orelli,
559 1456 617 1477 eas
644 1444 787 1488 recepi,
831 1455 985 1489 quarum
1011 1443 1140 1488 aliquis
1166 1443 1306 1477 fructus
1334 1455 1411 1477 esse
1437 1448 1569 1488 posset.
1621 1442 1824 1487 Optumum
1849 1439 1982 1472 horum

117 1528 242 1551 omnes
275 1517 395 1550 sciunt
427 1518 669 1562 interpretem
706 1516 912 1551 Manutium
949 1529 1045 1560 esse,
1091 1517 1193 1550 cuius
1226 1517 1418 1562 plerasque
1444 1517 1694 1550 adnotationes
1727 1516 1765 1548 in
1792 1522 1982 1547 commen-

115 1591 209 1625 tario
233 1602 314 1623 meo
341 1591 511 1635 repetitas
538 1591 689 1624 uidebis.
740 1590 793 1624 Ac
821 1591 954 1624 multos
981 1591 1080 1624 locos
1107 1603 1325 1636 quamquam
1352 1592 1430 1636 ipse
1457 1603 1530 1624 non
1547 1591 1705 1623 monitus
1732 1589 1774 1622 ab
1790 1588 1866 1621 aliis
1882 1590 1980 1619 recte

114 1663 385 1706 intellexeram,
411 1665 577 1709 priorum
602 1671 724 1699 tamen
752 1665 934 1698 editorum
960 1665 1282 1710 interpretationes
1310 1678 1417 1710 quam
1443 1676 1559 1707 meaS,
1595 1676 1680 1709 quas
1708 1663 1894 1697 breuiores
1920 1658 1980 1691 se·-

115 1737 264 1779 eissem,
291 1737 456 1781 adposito
484 1750 611 1772 eorum
636 1739 786 1772 nominc
815 1739 1076 1772 commentario
1104 1739 1268 1771 inserere
1294 1739 1416 1782 malui,
1443 1751 1490 1771 ne
1517 1750 1599 1782 erga
1626 1751 1698 1779 eos,
1726 1737 1785 1781 qui
1813 1739 1894 1767 ante
1920 1743 1979 1764 me

113 1811 152 1844 in
179 1809 405 1855 explananda
429 1811 497 1844 hae
524 1814 688 1846 oratione
716 1812 954 1856 elaborarunt,
981 1814 1144 1858 ingratus
1170 1815 1357 1858 reperirer
1384 1825 1582 1857 eorumque
1609 1811 1818 1844 memoriam
1846 1813 1882 1840 et
1896 1817 1978 1839 me-

111 1885 181 1918 rita
215 1883 375 1917 uoluisse
410 1884 619 1918 oblitterare
651 1886 801 1919 dicerer.
853 1885 987 1931 Magna
1022 1900 1104 1920 eum
1140 1886 1247 1920 laude
1281 1886 1604 1921 conmemorantlus
1631 1885 1689 1917 hie
1716 1883 1822 1916 etiam
1849 1881 1876 1915 Ι.
1902 1881 1977 1914 Ba-

112 1957 194 1991 kius
218 1958 378 1992 Batauus
405 1964 476 2002 est,
520 1960 583 2004 qui
615 1960 652 1992 111
680 1971 830 1992 censura
858 1960 1028 1994 editionis
1059 1960 1286 2004 Orellianae,
1331 1972 1422 2006 quae
1456 1961 1493 1992 111
1521 1957 1779 1992 Bibliothecam
1806 1955 1977 1988 Criticam

111 2030 254 2066 Nouam
288 2032 576 2077 Lugdunensem
608 2038 788 2078 receptast
821 2033 902 2066 Uol.
934 2035 999 2068 ΙΙΙ.
1033 2047 1068 2080 p.
1104 2035 1148 2077 57
1168 2035 1312 2077 —88.,
1357 2035 1494 2079 aliquot
1525 2033 1632 2066 huius
1668 2030 1842 2064 orationis
1875 2028 1978 2062 locos

111 2110 261 2151 optume
287 2107 466 2140 tractauit.

208 2179 378 2224 Denique
412 2180 565 2227 integris
596 2181 763 2224 scholiis,
800 2194 890 2226 quae
925 2181 967 2214 ab
994 2180 1035 2214 A.
1064 2181 1161 2216 Maio
1199 2195 1245 2216 ex
1293 2182 1415 2215 codice
1447 2179 1687 2214 Ambrosiauo
1730 2184 1764 2212 et
1799 2178 1973 2211 Uaticano

112 2258 214 2286 eruta
239 2258 354 2297 erant,
380 2253 419 2286 in
447 2256 708 2289 commentario
734 2267 817 2289 meo
844 2255 964 2288 locum
991 2255 1084 2289 dedi.
1136 2255 1188 2290 Ac
1215 2256 1387 2289 Uaticana
1412 2255 1559 2298 scholia,
1587 2266 1680 2299 quae
1705 2264 1800 2286 anno
1828 2252 1973 2284 demum

109 2326 321 2361 uicensumo
347 2339 446 2362 nono
472 2329 581 2364 huius
607 2329 740 2364 saeculi
766 2328 807 2363 A.
835 2329 953 2364 Maius
979 2330 1118 2364 Romae
1146 2330 1276 2373 edidit,
1319 2330 1362 2363 ab
1390 2330 1516 2363 eodem
1544 2329 1677 2374 scripta
1703 2327 1868 2367 homine,
1913 2324 1974 2368 qui

1538 2385 1562 2412 B
