2264 2746
303 85 434 115 LXXII
958 83 1488 115 PROLEGOMENA.

303 167 334 190 et
353 161 467 190 Bibulo
488 170 564 189 coss.
584 159 616 188 in
638 168 750 187 anuum
768 162 963 196 sequentem;
1000 168 1090 196 quem
1111 157 1202 186 etiam
1225 158 1354 187 eundem
1374 159 1502 197 putabat
1522 169 1587 187 esse
1607 169 1674 187 cum
1695 169 1747 195 eo,
1775 158 1813 188 de
1833 170 1892 198 quo
1913 161 2025 189 Brutus
2045 160 2082 189 ad
2102 161 2168 189 Cic.

303 220 350 248 ep.
371 209 443 237 VL:
463 210 597 238 Flauius
616 212 717 235 noster
735 205 772 234 de
793 207 1021 242 controuersia,
1044 216 1138 244 qaam
1156 205 1249 234 habet
1269 216 1338 234 cum
1356 207 1588 245 Dyrrhachinis
1607 207 1868 242 haereditariam,
1887 211 2017 246 sumpsit
2037 216 2065 238 te
2086 210 2171 238 iadi-

303 268 367 285 cem
387 262 454 285 etc..
494 256 569 283 Noli
583 255 656 291 pati
682 263 701 279 α
728 255 910 282 necessariis
936 255 999 281 tuis
1027 255 1196 282 necessario
1223 263 1287 281 meo
1314 255 1466 282 iniuriam
1480 255 1566 290 fieri.
1604 254 1653 281 De
1674 254 1733 282 isto
1755 254 1903 292 denique,
1930 265 1991 284 non
2012 262 2113 285 autem
2133 256 2171 284 de

304 304 338 332 C.
360 305 468 332 Flauio
490 301 595 331 Planci
616 299 804 338 quaesitore,
824 300 874 328 uir
894 311 1027 329 summus
1048 311 1117 329 eum
1144 310 1302 329 nummum
1327 300 1541 339 intellegebat,
1572 301 1605 329 in
1633 312 1693 339 quo
1714 302 1826 338 legitur
1847 303 1877 331 O.
1897 303 2030 332 Flauias
2049 306 2171 342 legatus·

300 362 359 388 pro
374 357 528 389 praetore,
549 358 616 376 cum
634 348 748 375 Brutus
765 353 843 376 esset
856 348 888 376 in
909 349 1048 388 inperio3
1069 359 1158 387 quem
1178 359 1334 377 nummum
1355 358 1410 377 uos
1431 359 1551 387 quoque
1571 350 1609 377 ad
1629 350 1683 377 III.
1699 350 1730 377 in
1748 350 1838 378 Ucrr.
1864 352 1904 379 18.
1925 351 2171 380 conmemoraui-

303 409 378 427 mus.
404 399 447 426 At
467 397 561 425 celeb.
577 396 727 424 Ernestus
743 395 777 423 in
794 395 860 424 Iud.
878 397 962 425 Hist.
976 403 1021 426 est
1038 397 1220 436 suspicatus,
1236 396 1269 424 in
1283 396 1442 425 Plancium
1462 397 1614 435 quaesisse
1629 398 1663 426 C.
1683 398 1771 426 illum
1789 399 1940 435 Flauium,
1958 399 2047 427 Bruti
2067 399 2172 438 persa-

304 446 462 480 miliarem,
491 449 522 472 et
541 444 736 482 optimatium
757 453 877 472 caussae
897 444 1025 483 inpense
1045 445 1210 480 fauentem,
1231 443 1268 472 de
1289 454 1348 482 quo
1369 444 1562 481 Plutarchus,
1586 449 1617 472 et
1636 445 1741 483 Nepos
1762 446 1794 474 in
1816 446 1913 475 Attio.
1935 457 1960 475 c.
1981 446 2063 474 VII..
2102 446 2170 484 Ego

304 503 378 521 ucro
403 492 521 520 nullum
541 491 640 520 adhuc
660 492 751 520 uideo
774 492 807 520 C.
828 492 986 529 Flauium,
1013 503 1102 531 quenl
1122 503 1202 521 anno
1222 492 1404 521 DCXCIX.
1425 491 1532 532 (700.),
1559 503 1618 530 quo
1646 493 1814 522 iudicatum
1835 494 1872 522 de
1892 494 2018 523 Plancio
2038 493 2112 530 fuit,
2133 504 2170 523 eo

303 539 477 579 splendore,
494 539 644 578 dignitate
659 539 754 569 fuisse
768 540 907 576 sciamuS,
927 546 961 569 ut
977 541 1181 579 quaesitorem
1198 551 1214 568 a
1229 540 1400 568 Laterense
1417 540 1533 568 editum
1549 540 1590 568 sit
1605 541 1784 571 uerisimile.
1806 542 1921 571 Confer
1938 553 2014 581 quae
2033 542 2071 571 ad
2090 552 2115 570 c.
2128 551 2170 578 17.

303 587 534 626 disputauinius.
553 588 678 624 Nescio,
694 588 805 627 quibus
821 587 858 615 de
873 589 985 617 caussis
1000 589 1124 617 Flauios
1138 589 1208 616 illos
1217 589 1410 617 Burmannus
1427 588 1616 617 distinxerit.
1636 589 1699 625 Qui
1712 590 1803 618 XIII.
1821 590 1857 618 ad
1868 590 1942 618 Diu.
1957 591 2002 619 31.
2023 599 2170 618 conmen-

303 636 407 671 datur,
440 646 564 674 operam
584 646 655 665 sane
674 636 779 675 potuit
797 646 910 663 nauare
932 636 1038 664 Tullio
1060 636 1196 673 consuli3
1230 641 1276 665 set
1303 636 1384 665 idem
1411 636 1509 665 multo
1529 642 1600 675 post
1620 647 1711 675 eques
1731 643 1849 666 tantum
1870 637 2001 674 dicitur,
2035 637 2094 666 hoc
2115 641 2171 674 est,

302 683 387 710 nullo
408 683 518 722 populi
538 683 658 712 honore
678 694 759 712 usus.
798 683 899 720 Quem
918 684 1033 712 Brutus
1053 684 1250 720 conmendat,
1278 684 1303 712 is
1324 684 1405 712 idem
1424 684 1549 712 uidetur
1568 695 1649 721 esse,
1678 685 1714 713 de
1735 696 1794 723 quo
1816 685 2015 722 Plutarchus3
2040 690 2172 722 uterque

300 729 435 758 hominis
461 741 649 770 praenomen
677 731 810 767 omittit,
838 737 871 760 ut
900 737 973 770 aput
999 731 1130 760 Fabium
1152 731 1279 769 Cicero;
1306 737 1352 760 set
1371 730 1451 759 nihil
1472 731 1595 769 laboro,
1621 743 1689 762 cum
1717 743 1734 761 a
1753 732 1919 761 Plutarcho
1945 733 1977 761 in
1997 733 2095 761 Bruto
2115 731 2170 760 LI.

300 780 349 808 hic
371 780 463 808 homo
487 779 622 822 ἔπαρχος
643 780 704 812 τῶν
726 781 890 822 τεχνιτῶν,
914 783 1090 821 praejectus
1109 782 1243 821 fabrum
1264 781 1353 811 Bruti
1376 782 1550 819 appelletur
1571 783 1602 811 in
1626 788 1763 811 extremo
1790 783 1844 812 illo
1867 788 1897 812 et
1917 783 2057 811 luctuoso
2081 782 2171 812 Brun·

300 831 456 860 conflictu.
496 832 574 869 Quis
595 839 696 862 autem
717 833 837 862 credat.
870 832 963 861 huius
983 832 1100 860 iudicio
1121 832 1289 871 praefuisse
1309 832 1483 868 hominem,
1510 833 1562 870 qui
1583 839 1668 862 tanto
1689 839 1760 873 post
1779 839 1920 872 tempore
1939 833 2019 861 nihil
2039 833 2170 872 amplius

299 878 376 914 fuit,
396 890 484 917 quam
504 880 678 918 praefectus
698 881 843 910 sabrum'?
863 881 1016 909 Diuersus
1035 880 1072 908 ab
1093 879 1152 908 hoc
1172 880 1297 908 uidetur
1316 880 1388 915 ille,
1408 879 1461 918 qui
1481 880 1596 917 legatus
1617 892 1673 920 pro
1694 887 1837 920 praetore
1856 881 1933 917 suit,
1953 881 1986 909 in
2006 890 2066 919 quo
2086 886 2171 909 certe

299 927 397 955 maior
425 933 469 956 est
498 928 637 967 dignitas.
677 929 795 958 Uerum
821 935 950 958 aetatem
977 927 1069 956 huius
1097 927 1313 965 honorumque
1339 927 1449 965 gradus
1479 933 1541 957 tam
1568 927 1742 965 incognitos
1768 939 1833 957 esse
1861 929 1970 965 uideo,
1997 934 2032 958 ut
2058 929 2087 957 ei
2105 938 2170 957 non

300 976 437 1005 dubitem
458 977 492 1005 C.
512 976 628 1005 Alfium
648 978 822 1015 praeferre,
859 976 910 1005 cui
933 986 1013 1004 anno
1034 975 1165 1004 DCXC.
1185 974 1276 1014 (691.)
1298 980 1378 1003 aetas
1407 976 1580 1014 quaestoria
1607 985 1669 1004 non
1691 975 1811 1012 deerat,
1833 976 1984 1005 Cicerone
2004 987 2081 1013 cos,
2101 987 2170 1005 cum

299 1034 379 1052 anno
399 1024 580 1053 DCXCVI.
602 1023 706 1063 (697.),
726 1030 761 1053 ut
781 1024 819 1052 ad
838 1034 864 1052 c.
887 1033 929 1059 17.
950 1023 1101 1058 uidimus,
1122 1021 1294 1060 praetorius
1314 1022 1412 1051 fuerit
1434 1023 1629 1060 candidatus3
1650 1024 1742 1052 inuno
1764 1029 1829 1052 erat
1850 1033 1888 1052 cx
1907 1023 2028 1052 ratione
2048 1029 2171 1063 tempo-

299 1072 342 1101 ris
363 1078 504 1110 quaestor
524 1077 589 1100 tum
609 1072 799 1110 designatus,
827 1073 853 1101 si
873 1082 952 1101 anno
974 1081 1029 1099 suo
1051 1069 1243 1108 magistratus
1264 1075 1334 1098 ante
1352 1075 1527 1108 praeturam
1547 1071 1701 1107 obtinuit,
1727 1072 1857 1100 fortasse
1876 1076 1977 1100 tamen
1996 1071 2056 1100 iam
2077 1081 2171 1110 quae-

298 1119 423 1148 storius.
460 1120 570 1158 Neque
589 1129 665 1148 uero
686 1125 855 1156 necessest,
886 1125 921 1148 ut
941 1119 993 1147 hie
1013 1128 1135 1157 quoque
1155 1119 1186 1148 C.
1208 1118 1276 1154 Affi'
1304 1118 1456 1155 legamus,
1489 1119 1572 1157 quod
1596 1119 1762 1147 nonnullos
1782 1118 1891 1147 fecisse
1910 1118 2054 1148 uidimus.
2089 1120 2170 1148 Satis

300 1173 345 1196 est
365 1168 461 1203 enim,
487 1167 644 1196 facilluma
663 1167 858 1206 minumaque
885 1167 1056 1196 mutatione
1081 1166 1201 1204 legere,
1227 1168 1260 1196 C.
1280 1167 1401 1201 Flaue;
1428 1177 1497 1196 cum
1516 1167 1670 1196 Alfiorum
1690 1176 1860 1203 cognomen
1878 1167 1999 1195 Flauus·
2018 1177 2036 1195 a
2055 1168 2172 1195 Seneca

300 1214 440 1243 Rhetore
465 1214 624 1253 proditum
653 1214 693 1243 sit
713 1215 862 1243 Controu.
882 1215 968 1254 Epit.
988 1215 1020 1251 I,
1043 1224 1066 1243 1.
1088 1219 1118 1242 et
1138 1214 1202 1250 III,
1222 1223 1265 1251 7.‚
1294 1214 1381 1243 cuius
1407 1220 1507 1244 aetate
1526 1216 1631 1252 Alfius·
1658 1213 1780 1252 quidam
1800 1215 1923 1243 Flauus
1950 1214 2090 1251 uiuebat,
2117 1215 2171 1253 qui

299 1262 390 1291 huius
412 1263 595 1301 quaesitoris
616 1273 729 1301 nepos,
748 1268 801 1291 aut
827 1262 918 1292 etiam
938 1263 1020 1292 filius
1041 1272 1107 1290 esse
1126 1261 1240 1300 potuit.
1279 1261 1427 1292 Eiusdem
1454 1269 1556 1292 autem
1582 1262 1717 1292 hominis
1733 1261 1928 1300 praenomini
1947 1262 2038 1290 modo
2058 1272 2170 1292 nomen

300 1311 415 1347 subici,
435 1311 524 1339 modo
546 1321 732 1349 cognomen,
753 1317 783 1339 et
802 1311 894 1349 uolgo
914 1316 1024 1339 notum
1043 1316 1120 1349 puto
1143 1315 1174 1338 et
1192 1310 1258 1348 ipse
1279 1310 1444 1339 obseruaui
1463 1309 1490 1351 §.
1511 1312 1571 1341 IX.
1590 1311 1720 1340 Excurs.
1741 1309 1779 1338 ad
1799 1309 2049 1338 Cluentianam.“

371 1374 517 1412 Denique
539 1373 725 1402 Garatonius
746 1373 781 1401 ad
801 1373 876 1401 haee
898 1373 984 1402 Tulli
1004 1373 1110 1409 uerba,
1134 1373 1244 1411 Teque,
1266 1373 1296 1401 C.
1316 1373 1427 1409 Plane,
1447 1373 1481 1403 in
1502 1373 1593 1403 Curis
1614 1372 1764 1401 Secundis
1783 1383 1813 1411 p.
1834 1382 1879 1410 97.
1899 1371 1973 1401 haec
1993 1372 2169 1402 adnotauit:

372 1422 502 1458 „Omnis
528 1422 583 1450 illa
617 1422 654 1450 ‹Ie
688 1421 805 1450 Flauiis
835 1426 881 1450 est
914 1421 966 1450 hic
998 1421 1120 1450 inutilis
1156 1420 1334 1459 disputatiO.
1380 1421 1438 1450 Est
1470 1422 1552 1451 enim
1586 1421 1712 1450 omnino
1740 1420 1775 1449 C.
1803 1420 1902 1448 Alfius
1934 1420 2169 1458 intellegendus,

299 1481 388 1510 quem
413 1481 504 1509 supra
525 1480 549 1498 c.
571 1479 613 1507 17.
642 1469 847 1508 quaesitorem
874 1469 948 1498 huic
975 1470 1092 1499 iudicio
1120 1478 1262 1508 praeesse
1291 1468 1420 1498 dixerat.
1458 1470 1559 1498 Alfiae
1585 1468 1683 1507 gentis
1712 1478 1881 1506 cognomen
1908 1468 2003 1497 fuisse
2022 1469 2169 1504 Flauum,

298 1523 463 1558 propterea
483 1520 514 1547 C.
534 1519 635 1547 Flazce
654 1517 705 1546 hic
726 1517 887 1555 legendum
909 1518 1106 1546 ostendimus.
1127 1516 1219 1545 Nihil
1239 1516 1316 1544 mihi
1337 1517 1452 1545 certius
1473 1517 1606 1545 uidetur.
1627 1517 1756 1545 Praetor
1776 1515 1835 1544 hoe
1856 1515 2005 1544 iudicium
2025 1522 2169 1545 extraor-

299 1566 451 1595 dinarium
471 1566 611 1595 exercuit
631 1566 697 1604 lege
713 1566 838 1594 Licinia
860 1566 961 1595 editus
981 1567 1017 1594 ab
1038 1570 1228 1594 accussatore
1252 1563 1320 1602 ipso
1342 1565 1506 1602 quaesitor,
1527 1564 1584 1593 etsi
1605 1564 1730 1593 tribulis
1752 1569 1817 1592 erat
1832 1563 1939 1591 Planci
1962 1569 1992 1593 et
2008 1563 2169 1592 Ciceronis

298 1615 419 1643 amicus.
457 1614 582 1649 Ualuit,
603 1614 731 1652 opinor,
757 1613 893 1642 hominis
913 1615 993 1642 sama
1013 1620 1043 1643 et
1064 1612 1204 1652 probitas
1225 1621 1340 1639 summa
1361 1622 1429 1640 cum
1449 1612 1597 1650 dignitate
1619 1612 1791 1640 coniuncta.
1830 1611 1916 1639 Haec
1935 1611 1969 1639 in
1988 1616 2094 1640 uetere
2113 1611 2169 1640 ad-

299 1663 459 1691 notatione
478 1662 515 1690 ad
534 1672 560 1690 0.
585 1671 627 1696 17.
654 1661 830 1691 luculenter
859 1662 999 1700 exposui.
1038 1661 1128 1689 Addo
1155 1670 1253 1696 nunc,
1288 1665 1362 1698 aput
1382 1659 1519 1688 Plinium
1538 1659 1597 1688 IX.
1620 1661 1661 1688 H.
1683 1659 1722 1687 N.
1743 1661 1769 1688 8.
1790 1660 1886 1688 Flaui
1904 1660 2003 1697 Affii,
2030 1664 2061 1688 et
2086 1658 2167 1688 libro

300 1710 322 1738 I.
343 1710 375 1738 in
396 1715 554 1738 auctorum
574 1709 677 1737 indice
696 1711 782 1746 Alfio
801 1711 904 1739 Flauo
925 1710 1017 1738 MSos
1038 1714 1068 1737 et
1089 1708 1241 1737 editiones
1268 1714 1388 1737 ueteres
1416 1708 1561 1736 scribere.
1602 1706 1694 1743 Quod
1713 1707 1817 1734 nescio
1840 1707 1892 1746 qui
1911 1716 2072 1746 perperam
2092 1717 2168 1745 sup-

300 1763 468 1796 posuerunt
489 1757 600 1785 Flauii
621 1761 651 1784 et
669 1758 798 1793 Flauio,
819 1757 1013 1786 Harduinum
1035 1756 1200 1784 adsciuisse
1221 1755 1371 1791 demiror,
1393 1766 1461 1784 cum
1481 1756 1584 1783 locum
1611 1755 1700 1783 illum
1722 1754 1854 1783 Senecae
1873 1754 2021 1784 Rhetoris
2041 1754 2166 1792 uiderit,

301 1806 353 1844 qui
372 1806 448 1834 mihi
468 1805 584 1843 primus
604 1803 754 1833 indicium
775 1805 965 1843 cognominis
986 1804 1078 1832 huius
1098 1803 1181 1832 fecit.
1221 1803 1326 1840 Alfius
1346 1808 1447 1831 autem
1468 1812 1580 1831 nomen
1601 1808 1647 1831 est
1668 1802 1839 1841 Campanae
1861 1803 2040 1831 nobilitatis.
2081 1803 2166 1831 Con-—

301 1858 360 1881 stat
380 1863 418 1881 ex
438 1853 531 1881 Liuio
553 1851 680 1887 XXIII,
699 1853 761 1888 35„
780 1853 835 1881 ubi
854 1855 997 1882 stlat-ium
1016 1852 1138 1888 Alsium
1158 1851 1383 1889 Campanorum
1403 1861 1553 1879 summum
1573 1850 1780 1889 magistratum
1801 1850 1969 1890 ducemque
1990 1861 2165 1880 conmemo-

301 1907 355 1930 rat.
396 1901 470 1929 Erat
490 1901 522 1928 in
543 1910 576 1928 ca
597 1899 757 1928 uicinitate
777 1900 876 1929 tribus
897 1900 930 1929 C.
949 1899 1014 1929 Alfi
1033 1900 1123 1928 I'laui
1146 1899 1343 1928 Terentinafl

1119 2075 1237 2110 CAP.
1289 2075 1350 2109 111.

482 2170 549 2199 DE
582 2170 718 2199 LEGE
746 2171 969 2208 LICINIA,
998 2171 1103 2209 QUA
1132 2170 1206 2199 CN.
1234 2167 1496 2199 PLANCIUS
1528 2167 1557 2196 A
1591 2167 1634 2195 M.
1663 2166 1979 2196 LATERENSE

761 2224 1173 2254 SODALICIORUM
1206 2223 1340 2252 REUS
1368 2222 1461 2251 EST
1487 2219 1702 2249 FACTUS.

378 2309 464 2347 Quae
483 2309 582 2338 adhuc
602 2310 664 2338 uiri
688 2310 771 2338 docti
792 2309 829 2337 (10
848 2310 914 2349 Iege
934 2310 1076 2347 Licinia,
1105 2318 1181 2348 quac
1208 2308 1246 2337 de
1275 2308 1430 2337 sodaliciis
1450 2307 1525 2342 fuit,
1554 2305 1759 2344 scripserunt,
1787 2316 1822 2334 ea
1847 2311 1877 2334 et
1903 2314 2056 2345 perpauca
2082 2311 2163 2341 sunt,

303 2367 401 2396 neque
420 2368 494 2386 uera
513 2358 654 2393 omnino,
676 2358 718 2387 ita
738 2362 771 2385 ut
791 2357 827 2385 ad
848 2357 1088 2395 cognoscendam
1112 2357 1187 2395 legis
1209 2357 1294 2385 illius
1315 2356 1464 2385 rationem
1484 2354 1619 2383 minume
1638 2354 1797 2382 sufficiant.
1838 2354 1908 2390 Quo
1928 2353 2022 2391 magis
2040 2353 2162 2382 faciun-

304 2406 373 2434 dum
395 2405 471 2434 mihi
492 2406 616 2445 putaui,
649 2412 684 2435 ut
711 2416 800 2444 quam
821 2416 940 2444 possem
966 2406 1208 2445 diligentissume
1228 2405 1265 2434 de
1285 2415 1321 2434 ea
1340 2403 1391 2432 hic
1412 2412 1614 2442 exponerem,
1646 2401 1828 2441 praesertim
1849 2411 1918 2430 cum
1937 2401 2027 2430 multi
2047 2401 2109 2430 sint
2127 2401 2161 2430 in
