2264 2746
781 115 806 144 C
826 115 854 143 A
874 116 914 144 P.
953 115 1099 144 XXXII.
1127 114 1154 155 §.
1182 119 1228 149 78.
1886 120 1942 147 197

71 203 149 224 011111
172 190 368 223 constabant
389 190 528 231 merita,
567 190 696 223 animos
719 191 941 222 uehementer
965 191 1102 222 deberet
1124 190 1309 222 offendere.
1356 189 1447 220 Tum
1471 188 1560 220 enim
1583 188 1734 232 primum
1757 189 1945 221 necessario

70 245 175 276 uerba
197 243 463 288 magistratibus
489 250 522 275 et
539 244 875 287 prostzagisttatibus
905 243 1026 286 copula
1049 243 1209 285 coniungi
1239 243 1425 282 debebant,
1463 254 1524 273 nec
1556 242 1612 273 cui
1634 246 1774 273 senatus
1806 247 1867 272 etc.
1897 248 1947 273 set

70 298 194 342 quibus
216 302 356 329 senatus
379 296 480 327 scribi
504 295 656 327 debebat.
702 296 811 337 Atqui
834 308 895 327 nec
917 296 1051 338 scripsit
1080 296 1125 327 ita
1151 297 1270 334 Cicero
1294 307 1354 327 nec
1377 295 1490 338 potuit
1512 294 1559 326 sic
1581 293 1745 332 scribere,
1779 293 1948 335 siquidem

70 350 221 392 primum
245 361 287 380 ex
311 349 452 391 reliquis
478 349 576 389 locis,
614 349 648 380 111
674 349 794 390 quibus
818 356 950 381 senatus
980 350 1124 381 consulti
1152 348 1244 380 illius
1267 348 1395 379 mentio
1422 347 1477 387 fit,
1518 348 1564 379 eis
1588 353 1718 378 tantum
1741 345 1948 384 hominibus,

72 403 131 444 qui
153 409 250 434 extra
273 402 419 433 Romam
443 409 556 442 erant,
598 408 684 433 actas
707 402 828 443 gratias
857 413 921 444 pro
945 401 1080 433 defensa
1103 400 1199 433 Tulli
1229 401 1336 431 salute
1367 412 1437 432 esse
1468 406 1625 443 apparet,
1665 398 1787 430 deinde
1809 409 1949 440 prorsus

72 455 332 498 inprobabilest‚
365 454 400 485 111
425 466 463 486 eo
483 460 616 486 senatus
640 455 812 493 consulto,
846 454 937 496 quod
961 454 1086 486 exteris
1112 453 1266 496 gentibus
1290 453 1455 496 scriptum
1480 459 1568 492 erat,
1602 452 1859 494 magistratuum
1889 463 1951 482 ur-

72 507 238 539 banorum
261 507 295 538 in
320 507 520 538 Ciceronem
542 506 664 537 merita
687 507 878 548 praedicata
902 519 982 538 esse.
1031 507 1196 538 Omnium
1218 512 1330 537 autem
1354 506 1523 545 minume,
1553 505 1581 536 si
1605 511 1690 536 esset
1713 504 1858 544 factum,
1882 511 1950 536 sta-

73 560 122 591 tui
146 565 272 602 potest,
309 560 510 591 Ciceronem
540 560 622 590 adeo
647 559 818 601 ingratum
848 560 883 590 in
907 560 1053 591 urbanos
1079 560 1156 591 illos
1179 558 1394 600 magistratus
1426 570 1460 590 se
1486 564 1735 601 praestaturum
1759 557 1879 597 fuisse,
1913 563 1952 588 ut

72 612 236 654 depressis
260 623 378 642 eorum
408 612 443 643 in
473 625 508 644 se
531 612 660 644 meritis
684 624 791 643 unum
816 612 990 644 Plancium
1014 625 1109 644 suam
1133 610 1321 642 defendisse
1344 612 1488 643 salutem
1511 611 1738 642 contenderet.
1783 611 1859 641 Hoc
1886 610 1951 651 igi-

73 670 128 695 tur
152 675 226 694 cum
251 664 486 696 certissumum
509 665 570 703 sit,
601 665 673 696 siue
696 664 862 695 addantur
885 676 969 706 quae
993 665 1074 696 eieci
1098 665 1202 696 uerba
1224 663 1296 695 siue
1319 664 1540 702 omittantur,
1570 664 1674 694 uerba
1697 665 1738 695 de
1760 664 1952 706 magistra-

73 716 164 748 tibus
187 715 228 746 de
251 717 517 758 prouincialibus
541 718 664 749 debere
685 716 806 758 accipi,
832 728 898 758 quo
922 729 1021 748 sensu
1043 729 1141 760 saepe
1156 728 1281 748 nomen
1297 718 1530 760 magistratus
1551 723 1751 758 usurpatum
1778 727 1848 747 esse
1872 727 1953 747 0011-

73 775 156 807 stat,
180 768 278 800 facile
301 776 459 812 apparet,
484 771 587 802 uerba
609 775 673 802 azot
689 770 1026 813 promagistratihzffi
1051 770 1098 801 ita
1120 776 1251 801 tantum
1275 769 1420 810 genuina
1444 780 1514 799 esse
1539 766 1677 798 defendi
1699 779 1814 810 posse,
1849 774 1888 799 ut
1911 767 1953 799 ad

75 821 277 860 uerborum,
310 834 394 863 quae
417 823 638 864 praecedunt,
665 822 840 854 notionem
863 822 1048 853 accuratius
1073 822 1309 865 explicandam
1332 821 1461 851 adiecta
1484 831 1555 851 esse
1579 820 1745 851 dicantur.
1790 823 1954 852 Notumst

75 875 184 913 enim,
219 881 282 907 aut
304 875 505 917 particulam
529 887 786 917 nonnumquam
808 875 907 917 poni,
940 875 998 906 ubi
1022 875 1155 906 notioni
1178 875 1277 906 alicui
1300 873 1365 904 alia
1388 872 1482 903 notio
1507 872 1698 905 distinctior
1721 874 1954 905 substituatur.

77 926 150 958 Cfr.
173 927 289 959 Handi
312 928 527 959 Tursellinus
555 928 636 961 Uol.
658 928 685 959 Ι.
715 939 749 970 p.
774 928 846 969 539.
878 934 910 958 et
932 927 1022 969 Aug.
1059 927 1256 958 Grotefend.
1288 927 1322 957 in
1347 926 1539 957 Comment.
1569 937 1603 967 p.
1632 926 1688 957 155
1713 938 1778 968 sq..
1824 927 1955 959 Uerum

76 991 152 1011 cum
176 992 237 1011 nec
259 992 377 1012 uocem
395 981 697 1024 promagislratzcs
721 980 860 1011 latinam
884 991 954 1011 esse
978 980 1048 1010 ullo
1073 979 1311 1011 confirmatum
1334 978 1528 1009 testimonio
1553 978 1611 1016 sit,
1638 989 1749 1020 neque
1771 979 1955 1021 excogitari

75 1044 186 1064 caussa
217 1033 340 1075 possit,
380 1033 422 1064 ob
447 1044 547 1074 quam
572 1033 707 1072 Cicero,
750 1032 779 1064 si
801 1032 866 1063 fuit
895 1033 931 1063 in
954 1043 1015 1063 usu
1038 1044 1109 1063 uox
1132 1033 1207 1071 illa,
1243 1044 1311 1063 non
1336 1042 1408 1062 eam
1439 1031 1545 1073 ipsam
1568 1032 1722 1073 posuerit
1744 1032 1955 1074 uerbumque

75 1086 342 1128 „mgistratibzzs
365 1085 526 1123 omiserit,
550 1086 752 1127 praesertim
776 1097 852 1116 cum
875 1085 915 1116 ab
940 1085 1107 1116 eiusmodi
1129 1085 1275 1116 membri
1298 1083 1534 1127 parenthetici‚
1562 1084 1660 1126 quale
1682 1085 1748 1116 hoc
1763 1091 1821 1123 est,
1847 1085 1955 1117 onmis

75 1137 240 1168 sermonis
263 1138 487 1169 redundantia
509 1138 707 1177 abhorreat,
743 1149 888 1180 cumque
918 1144 1092 1181 postremo
1120 1138 1198 1169 huic
1223 1137 1360 1179 quidem
1384 1135 1546 1177 loquendi
1568 1137 1684 1179 generi
1706 1144 1769 1169 aut
1792 1138 1957 1180 particula

74 1202 144 1221 non
170 1190 309 1221 omnino
332 1190 531 1229 conueniat,
570 1201 639 1221 non
661 1197 782 1233 potero
807 1203 867 1233 ego
891 1202 1053 1232 umquam
1077 1190 1215 1229 adduci,
1254 1196 1292 1220 ut
1322 1189 1425 1220 uerba
1457 1196 1518 1221 ant
1535 1191 1874 1233 promagistratibus
1898 1202 1957 1233 ge-

75 1243 180 1274 nuina
201 1249 317 1285 putem
341 1255 422 1275 esse.
468 1244 558 1275 Nam
583 1243 749 1274 Garatoni
772 1244 1017 1286 suspicionem,
1055 1243 1254 1275 Ciceronem
1278 1241 1419 1273 sortasse
1445 1254 1554 1285 prone
1576 1243 1844 1285 magistratibus
1872 1243 1957 1275 scri-

74 1295 192 1339 psisse,
215 1307 284 1326 non
309 1303 358 1328 est
381 1296 471 1338 quod
496 1293 642 1325 refutem
666 1295 732 1326 alio
756 1302 966 1337 argumento,
992 1307 1092 1337 quam
1117 1295 1207 1338 quod
1230 1307 1299 1326 non
1324 1301 1373 1326 est
1395 1294 1601 1334 uerosimile,
1626 1301 1664 1326 ut
1686 1295 1719 1327 id
1743 1307 1761 1326 a
1785 1307 1956 1337 quoquam

76 1349 217 1380 librario
248 1348 284 1379 in
316 1361 407 1387 eam,
447 1358 532 1391 quae
554 1347 589 1377 in
613 1347 784 1378 codicibus
807 1354 872 1387 est,
912 1349 1114 1391 scripturam
1144 1355 1373 1381 conmutatum
1397 1348 1450 1379 sit.
1496 1347 1669 1379 Postremo
1692 1348 1770 1379 illut
1793 1355 1955 1388 notumst,

77 1402 282 1444 interpretes
306 1402 424 1444 glossis
447 1411 658 1444 praeponere
688 1407 751 1433 aut
773 1401 975 1444 particulam
999 1401 1222 1433 consueuissc.
1269 1399 1340 1432 Cfr.
1364 1400 1470 1444 praef.
1496 1401 1537 1432 ad
1560 1402 1660 1432 Uarr.
1683 1402 1789 1432 Lectt.
1814 1413 1856 1433 ex
1880 1402 1953 1433 cod.

76 1453 151 1486 Erf.
176 1460 265 1485 enot.
291 1466 324 1497 p.
350 1456 397 1486 LI
420 1466 512 1497 sqq..

162 1506 226 1538 Cui
251 1513 390 1539 senatus
407 1520 475 1550 pro
498 1519 550 1540 me
570 1508 710 1551 gratias
733 1508 887 1550 agendas
906 1508 1066 1551 putauit)
1111 1509 1167 1539 Ex
1189 1514 1354 1550 perpetua
1380 1507 1552 1539 Ciceronis
1580 1508 1824 1539 consuetudine
1852 1515 1881 1539 01
1904 1508 1955 1539 la-

81 1559 220 1591 tinitatis
244 1559 318 1600 lege
341 1560 554 1591 scribendum
578 1566 627 1591 est
649 1566 800 1603 putaret.
824 1560 1048 1591 ERNEsTn‘s.
1096 1561 1166 1591 Cur
1182 1570 1251 1589 11011
1268 1562 1436 1603 putarit?
1458 1567 1506 1592 set
1525 1561 1626 1592 etiam
1647 1562 1792 1604 putauit
1815 1572 1875 1602 ego
1898 1572 1956 1591 re-

79 1618 170 1644 ctum
194 1612 351 1643 arbitror.
390 1614 650 1644 GARATONIFS.
696 1612 881 1645 Aberrauit
914 1625 932 1643 a
955 1624 1053 1644 sensu
1077 1612 1177 1644 huius
1200 1612 1265 1643 loci
1289 1613 1482 1651 Ernestius,
1525 1614 1582 1655 qui
1607 1626 1682 1645 cum
1704 1613 1954 1645 coniunctiuom

77 1671 220 1709 putaret
243 1666 488 1698 restituendum
512 1666 610 1701 dixit,
635 1665 813 1697 manifesto
838 1666 902 1696 hoc
924 1665 1033 1696 dicere
1058 1665 1205 1697 uoluisse
1233 1665 1431 1697 Ciceronem
1456 1666 1692 1703 existumanit,
1723 1678 1829 1697 unum
1852 1667 1955 1698 Plan-

80 1718 170 1748 cium
194 1718 358 1749 eiusmodi
380 1718 482 1750 fuisse
506 1719 718 1750 defensorem
745 1718 859 1750 salutis
883 1730 979 1757 suae,
1015 1724 1052 1749 ut
1078 1718 1109 1748 ei
1132 1724 1263 1749 senatus
1289 1722 1411 1760 gratias
1435 1719 1577 1761 agendas
1601 1718 1740 1761 putarit.
1785 1719 1835 1751 At
1864 1719 1954 1750 enim

80 1771 145 1803 hoc
177 1771 255 1803 dicit
285 1771 421 1803 Cicero:
458 1771 615 1804 defensor
646 1773 735 1803 enim
767 1772 882 1804 salutis
913 1783 1025 1811 meae,
1060 1771 1114 1802 cui
1146 1777 1277 1802 senatus
1308 1782 1370 1813 pro
1399 1783 1454 1802 me
1482 1772 1603 1813 gratias
1635 1771 1779 1813 agendas
1810 1772 1954 1814 putauit,

80 1836 166 1856 unus
198 1824 239 1854 (10
267 1824 516 1865 magistratibus
547 1825 611 1856 fuit
640 1825 804 1856 Plancius.
850 1825 905 1856 Ex
937 1837 1003 1867 quo
1034 1825 1111 1855 illut
1140 1824 1301 1855 continuo
1332 1830 1489 1866 apparet.
1526 1824 1615 1866 quod
1645 1836 1707 1866 per
1733 1835 1768 1855 se
1790 1824 1857 1855 iam
1881 1836 1955 1856 cer-

81 1883 205 1917 tumst,
245 1889 313 1908 non
337 1877 448 1920 ipsum
472 1878 533 1909 Cn.
558 1877 731 1908 Plancium
754 1878 789 1908 111
813 1878 872 1908 1110
896 1878 929 1908 S.
956 1878 992 1909 C.
1017 1877 1218 1909 nominatim
1241 1877 1448 1919 appellatum
1470 1876 1590 1915 fuisse,
1626 1883 1672 1907 501
1698 1876 1732 1907 in
1756 1877 1953 1908 uniuersum

81 1930 346 1972 magistratibus,
383 1936 549 1971 quotquot
580 1935 677 1960 extra
705 1931 825 1961 urbem
846 1930 960 1962 Planci
991 1930 1133 1961 salutem
1158 1930 1402 1967 defendissent,
1440 1929 1561 1971 gratias
1584 1940 1602 1959 a
1624 1935 1739 1960 senatu
1763 1940 1833 1960 esse
1855 1936 1953 1961 actas.

82 1984 179 2016 Unus
209 1989 322 2014 autem
354 1983 395 2014 de
426 1983 669 2025 magistratibus
699 1983 767 2014 illis
797 1983 951 2014 Plancius
981 1994 1057 2013 011111
1086 1983 1121 2013 id
1148 1983 1296 2021 fecisset,
1340 1982 1458 2013 Cicero
1487 1982 1650 2023 temporis
1673 1992 1785 2012 caussa
1808 1981 1867 2012 uni
1891 1982 1952 2013 Cn.

83 2035 220 2066 Plancio
243 2036 362 2077 gratias
387 2047 457 2066 esse
481 2042 568 2067 actas
592 2036 632 2066 ab
657 2042 775 2067 senatu
799 2036 904 2078 ponit,
932 2035 1034 2077 idque
1058 2048 1124 2077 quo
1148 2036 1221 2066 iure
1243 2043 1344 2078 ponar
1367 2035 1520 2065 membro
1542 2034 1775 2076 parenthetico
1795 2035 1952 2077 explicat.

169 2088 281 2130 Atqui
312 2090 393 2120 llaec
426 2101 502 2120 cum
531 2089 643 2130 uides)
690 2088 744 2119 Sic
774 2099 817 2118 ex
840 2089 867 2118 B
892 2094 924 2118 et
946 2088 974 2118 Ε
1008 2088 1202 2119 auctoritate
1225 2087 1440 2119 scribendum
1463 2086 1599 2130 putaui,
1642 2098 1846 2129 quamquam
1869 2087 1954 2118 hanc

86 2140 259 2174 Ciceronis
282 2152 351 2172 esse
375 2153 530 2180 manum,
554 2153 616 2184 pro
641 2147 730 2172 certo
754 2140 929 2171 adfirmare
953 2151 1022 2171 non
1045 2141 1163 2171 ausim.
1208 2141 1298 2172 Mira
1322 2140 1411 2170 enim
1437 2145 1627 2171 ceterorum
1651 2140 1802 2171 codicum
1827 2139 1954 2171 discre-

85 2194 216 2237 pantia,
250 2192 307 2234 qui
328 2193 453 2235 partim
477 2206 552 2225 eum
577 2207 652 2225 cum
673 2193 798 2236 partim
819 2206 896 2225 cum
916 2204 979 2235 pro
1003 2194 1085 2226 haec
1109 2206 1185 2225 cum
1207 2193 1375 2230 scribunt,
1411 2198 1444 2223 et
1466 2192 1538 2234 ipse
1560 2192 1743 2224 uerborum
1765 2204 1879 2224 sensus
1901 2191 1954 2223 fa-

87 2247 149 2285 cit,
171 2251 210 2277 ut
232 2256 299 2276 11011
323 2245 395 2276 51110
419 2256 531 2277 caussa
555 2247 629 2288 quis
654 2247 758 2277 uerba
780 2246 909 2287 aliquot
931 2246 985 2277 hic
1011 2246 1175 2277 excidisse
1197 2246 1395 2289 suspicetur.
1439 2245 1649 2285 Uerborum,
1680 2256 1763 2287 quae
1786 2257 1875 2276 nunc
1902 2246 1953 2276 le-

87 2304 214 2342 guntur
236 2298 376 2340 scripta,
399 2298 480 2330 haec
503 2305 553 2330 est
575 2299 756 2331 sententia:
783 2299 869 2329 Cum
893 2299 1006 2338 uides,
1031 2309 1130 2340 quam
1154 2304 1267 2340 gratus
1294 2298 1329 2329 in
1351 2298 1525 2329 Plancium
1548 2298 1630 2337 sim,
1656 2307 1755 2340 quem
1778 2310 1876 2340 negas
1900 2309 1953 2329 sa-

86 2351 168 2384 lutis
197 2357 252 2381 aut
274 2350 442 2393 dignitatis
471 2363 564 2383 meae
590 2351 687 2382 ualde
718 2351 898 2382 studiosum
927 2350 1049 2389 fuisse,
1084 2363 1149 2393 quo
1172 2350 1306 2381 tandem
1334 2350 1367 2381 in
1392 2357 1421 2381 te
1444 2351 1555 2383 animo
1578 2363 1633 2382 me
1654 2358 1749 2394 putas
1773 2362 1858 2389 esse,
1894 2351 1951 2392 qui

88 2411 157 2437 tam
179 2402 310 2445 egregie
334 2402 375 2433 de
397 2414 452 2434 me
474 2404 517 2435 sis
539 2405 703 2436 meritus?
744 2402 813 2435 Cfr.
828 2404 866 2434 C.
884 2405 1003 2436 XXX.
1030 2405 1058 2444 §.
1084 2404 1132 2445 75.
1180 2404 1339 2434 Ceterum
1364 2403 1503 2434 alteram
1528 2404 1741 2446 scripturam.
1764 2415 1840 2435 eum
1863 2415 1951 2442 cum,
