2264 2746
228 108 282 137 180
865 95 1446 126 COMMENTARIUS.

230 188 305 209 cum
327 172 532 207 substantiuo
551 170 738 217 pecuniae,
774 174 811 199 ut
833 167 933 199 unius
956 166 1053 198 uerbi
1075 166 1181 198 instar
1204 166 1271 198 sint
1293 166 1451 210 idemque
1476 168 1574 200 ambo
1597 167 1800 211 significent,
1840 171 1927 212 quod
1955 172 2102 216 simplex

229 228 370 274 gratiae
391 227 533 258 uerbum
556 226 707 260 denotat,
750 220 1007 263 scripserisque:
1048 219 1491 264 pecaniamalteridebitam
1511 220 1634 254 habere
1655 227 1687 252 et
1705 221 1863 264 gratiam
1884 222 2014 257 habere.
2055 225 2104 256 Il-

232 285 279 314 lut
303 281 330 311 si
353 279 456 323 possis·
480 277 664 319 explicare,
701 274 737 305 ia
759 273 917 305 manibus
940 272 1063 305 habere
1086 272 1177 316 qaod
1198 277 1248 304 est
1270 273 1433 315 alterius,
1467 275 1532 306 1100
1553 285 1623 305 11011
1646 273 1758 316 inepte
1780 274 1816 305 in
1838 275 1953 306 animo
1975 275 2045 308 siue
2067 278 2104 309 in

231 335 395 369 memoria
416 331 537 363 hahere
563 328 655 371 quod
676 333 726 359 est
747 327 894 358 alterius
923 325 1083 368 explices.
1129 324 1200 355 Iam
1222 323 1367 366 liquebit
1397 327 1567 366 omnibus,
1602 332 1733 358 1311111111
1761 326 1889 366 abesse,
1927 333 1964 358 ut
1988 328 2105 360 Cicero

232 401 300 421 11011
325 392 461 429 optume
487 381 606 413 debere
630 379 815 423 pecaniam
844 384 874 409 et
897 378 1020 411 habere
1047 377 1204 421 gratiam
1233 376 1323 408 inter
1351 390 1386 409 se
1413 379 1609 422 opposuisse
1631 377 1882 410 existumandus
1905 380 1967 419 sit,
2006 381 2050 412 ita
2070 387 2108 412 ut

231 441 442 473 coniunctam
470 433 654 465 uerborum
685 430 803 463 debere
827 431 1015 475 pecaniam
1043 430 1218 461 notionem
1242 438 1430 473 opponeret
1452 432 1646 464 coniunctae
1671 431 1854 462 uerborum
1880 433 2002 467 habere
2021 445 2109 477 gra-

233 494 319 525 tiam
342 486 488 525 notioni,
513 491 561 524 ut,
584 484 613 516 si
632 485 790 528 gratiam
815 483 934 516 debere
958 482 1151 526 scripsisset,
1179 482 1437 516 concinnitatem
1459 485 1642 518 sententiae
1663 484 1744 515 adeo
1767 484 1956 516 sublaturus
1978 485 2110 528 inepte-

232 556 296 586 que
326 543 498 572 locuturus
528 537 630 569 fuisse
658 537 883 579 intellegatur.
928 537 1018 569 Nam
1048 547 1123 567 cum
1149 546 1192 566 ex
1215 535 1272 574 iis,
1313 548 1397 578 quae
1427 538 1467 569 de
1490 538 1620 581 origine
1645 536 1740 569 uerbi
1763 537 1882 569 debere
1904 538 2110 576 monuimus,

233 598 375 631 eluceat,
399 592 517 624 debere
539 591 677 634 aliquid
698 601 766 620 non
788 590 897 621 addito
921 589 1060 621 nomine
1083 588 1171 627 eius,
1195 589 1249 619 cui
1272 590 1345 631 quis
1368 590 1493 633 aliquid
1515 590 1641 628 debeat,
1664 600 1740 621 eum
1760 595 1892 621 1311111111
1916 590 1981 622 (1101
2003 602 2111 634 posse,

234 649 292 691 qui
316 645 459 688 aliquid,
484 643 571 686 quod
595 643 638 674 sit
660 643 811 680 alterius,
836 643 973 682 habeat,
1004 642 1111 674 ueluti
1133 642 1329 684 pecuniam:
1359 643 1559 686 simpliciter
1578 643 1736 686 gratiam
1758 642 1876 674 debere
1899 654 1941 674 ne
1964 643 2112 686 potuisse

234 700 371 744 quidem
397 697 461 728 dici
489 697 524 727 111
549 701 738 738 promptust
768 695 893 727 uidere.
937 697 1053 738 Atque
1083 695 1111 726 si
1134 694 1261 726 datiuos
1284 701 1342 726 aut
1366 696 1508 728 adiectus
1538 702 1623 728 esset
1644 701 1702 726 aut
1721 701 1810 726 certe
1833 695 2006 737 cogitando
2029 707 2113 739 sup-

234 753 393 798 plendus,
415 751 586 781 denotaret
610 749 673 779 1100
696 748 902 780 necessario:
929 748 1049 780 debere.
1073 749 1108 780 ia
1132 748 1284 792 aliquem
1303 755 1409 791 grato
1432 750 1548 781 animo
1570 761 1657 787 esse,
1689 748 1802 780 nobis:
1832 750 1887 780 die
1913 747 2113 793 Verpflz'clz-

236 815 324 850 tang
344 803 545 849 jemanslem
573 801 727 834 dauthar
751 814 795 833 za
820 813 902 845 seyn
925 801 1045 834 habea.
1089 801 1167 842 Quo
1193 812 1291 831 sensu
1319 802 1435 833 Cicero
1466 802 1554 833 Phil.
1581 802 1630 840 Il,
1666 813 1719 841 11,
1752 813 1801 843 27.
1828 801 1930 832 dixit:
1965 800 2040 840 an
2062 807 2115 833 et-

237 862 308 893 iam
339 858 504 890 maiorem
534 855 565 887 ei
589 866 642 886 res
666 852 806 896 publiea
834 855 992 896 gratiam
1021 853 1135 892 debet,
1172 854 1232 898 qui
1263 853 1456 887 libertatem
1479 855 1606 899 populi
1629 855 1781 887 Romani
1812 855 1915 886 unias
1939 854 2115 886 amicitiae

233 910 445 957 praeposuit.
490 908 620 940 Uerum
650 906 735 938 hanc
766 918 900 948 quoque
929 908 1128 938 sententiam
1161 907 1313 938 minume
1340 907 1419 938 111110
1448 908 1521 939 loco
1547 913 1659 949 aptam
1684 918 1771 943 esse,
1812 918 1880 938 11011
1904 917 1988 948 opus
2011 912 2116 938 estut

238 965 342 997 uerbo
369 962 603 993 demonstrem.
648 959 797 990 Iulianus
821 966 932 990 autem
957 967 993 991 ut
1015 971 1083 991 11011
1105 960 1315 1001 intellegeret
1340 971 1424 1001 quae
1447 960 1598 1003 exposui,
1622 960 1699 991 inde
1720 959 1865 991 arbitror
1886 958 2012 990 sactum
2034 970 2116 998 esse,

239 1017 328 1061 quod
351 1026 419 1047 non
442 1012 543 1051 uidit,
578 1011 698 1050 uerba⁷
736 1013 917 1045 dissimilis
940 1020 990 1046 est
1009 1013 1178 1058 pecuniae
1201 1012 1326 1044 debitio
1355 1018 1387 1044 et
1406 1014 1566 1056 gratiae,
1602 1012 1648 1043 sic
1674 1024 1742 1043 esse
1764 1024 1783 1043 a
1805 1012 1853 1044 M.
1877 1012 1993 1043 Tullio
2017 1011 2116 1050 dicta,

238 1078 278 1104 ut
300 1069 341 1101 ad
364 1077 489 1099 nomen
509 1065 650 1108 gratiae
672 1076 739 1095 11011
765 1071 866 1096 totam
889 1065 1071 1097 debitionis
1095 1066 1287 1103 notionem,
1316 1071 1366 1096 set
1388 1064 1574 1107 simplicem
1595 1064 1781 1097 habitionis
1804 1064 1924 1096 referri
1948 1064 2117 1095 uellet.—

241 1125 412 1155 Postremo
444 1124 531 1149 recte
560 1117 765 1149 Lambinum
799 1124 832 1148 et
855 1117 1079 1148 Garatonium
1109 1118 1308 1160 scripturam
1336 1130 1394 1150 aes
1422 1119 1546 1150 retinet
1576 1118 1774 1159 praetulisse
1803 1117 1899 1148 alteri
1928 1117 1957 1148 is
1980 1117 2116 1159 retinet,

243 1187 287 1207 ex
310 1186 349 1205 eo
371 1176 526 1215 apparet,
566 1169 675 1211 quod,
714 1169 742 1200 si
772 1169 826 1201 hic
852 1170 968 1201 Cicero
990 1181 1181 1212 pronomen
1208 1171 1286 1202 illut
1308 1170 1489 1212 posuisset,
1528 1181 1596 1200 11011
1619 1176 1727 1212 potest
1757 1170 1935 1212 quicquain
1959 1168 2116 1208 dubitari,

242 1228 325 1270 quin
356 1226 391 1256 111
425 1222 585 1254 membris
616 1221 716 1253 etiam
749 1222 910 1264 oppositis
940 1221 1126 1254 adiecturus
1150 1222 1262 1254 suerit.
1310 1223 1421 1264 Quam
1445 1223 1544 1264 igitur
1572 1223 1693 1254 inutile
1714 1223 1959 1265 molestumque
1982 1223 2012 1255 is
2034 1233 2116 1266 pro-

244 1290 368 1312 nomen
392 1283 454 1315 051,
484 1282 550 1306 13111
573 1281 688 1317 aptum
712 1287 770 1307 aes
796 1285 921 1305 nomen
944 1280 1005 1305 est.

328 1330 491 1363 Gratiam
513 1333 629 1360 alitem
652 1334 684 1360 et
707 1329 766 1372 qai
789 1326 897 1370 refert
919 1326 1038 1365 habet,
1062 1333 1094 1360 et
1117 1327 1177 1371 qui
1195 1327 1313 1366 habet,
1336 1328 1371 1359 ia
1394 1339 1431 1360 eo
1454 1328 1539 1371 ipse,
1562 1329 1653 1372 quod
1673 1328 1789 1366 habet,
1813 1326 1933 1370 refert)
1978 1329 2116 1359 Locus

244 1385 321 1418 etsi
353 1381 567 1426 generalis
597 1380 642 1411 de
665 1381 793 1412 animi
815 1380 1049 1423 religione,
1084 1380 1156 1422 qui
1185 1379 1370 1411 debitam
1395 1391 1469 1422 pro
1494 1380 1709 1413 beneficio
1735 1380 1913 1422 gratiam
1935 1380 2116 1419 referat,

244 1447 387 1471 tamen
417 1446 567 1466 causae
594 1433 821 1476 praesenti
848 1432 1088 1476 plurimum
1118 1433 1474 1476 patrocinabitur
1502 1434 1548 1465 ad
1578 1433 1770 1466 fauorem
1799 1432 2022 1476 copiosius
2051 1444 2118 1464 ra-

244 1489 481 1524 tiocinanti
505 1489 554 1520 M.
577 1487 740 1518 Tullio.
786 1487 976 1518 Necnon
999 1486 1120 1517 etiam
1144 1485 1261 1517 iuxta
1284 1493 1516 1530 praecepta
1545 1486 1822 1530 sapientium,
1859 1485 1931 1528 qui
1953 1485 2120 1517 animos

247 1545 521 1586 ingratorum
552 1552 635 1572 11011
664 1551 809 1582 parum
840 1538 1001 1569 cuidam
1023 1538 1201 1569 crimini
1231 1538 1440 1571 obnoxios
1469 1541 1754 1577 arbitrantur,
1796 1539 1960 1580 quando
1983 1545 2021 1570 et
2041 1550 2121 1582 pa-

246 1595 442 1628 rentibus
473 1601 511 1625 et
543 1594 692 1625 amicis
726 1599 763 1623 et
792 1591 1117 1634 protectoribus
1146 1591 1301 1622 salutis
1336 1599 1503 1624 nostrae
1534 1593 1611 1624 hoc
1641 1592 1932 1623 testimonium
1964 1591 2120 1622 debea-

248 1661 350 1687 111115,
387 1654 432 1679 zct
462 1659 536 1679 1105
567 1647 610 1677 111
641 1650 845 1688 quantum
874 1649 1019 1686 potest
1052 1650 1191 1685 gratos
1223 1643 1458 1687 adprobare
1487 1646 1679 1677 uelimus.
1724 1646 1783 1677 De
1815 1644 1983 1675 officiis
2012 1643 2120 1675 idem

250 1703 362 1734 libro
394 1702 418 1732 Ι.
452 1701 492 1742 [c.
520 1701 581 1742 15.]
616 1699 676 1730 sic
706 1697 778 1729 ait:
813 1695 965 1737 „Quod
995 1695 1030 1727 51
1054 1707 1097 1727 03
1129 1707 1231 1738 quae
1260 1698 1420 1730 utenda
1449 1698 1689 1741 acceperis,
1724 1697 1881 1729 maiore
1907 1706 2119 1735 mensura,

250 1754 426 1787 simodo
455 1752 611 1796 possis,
646 1750 765 1782 iubet
788 1749 966 1781 reddere
988 1749 1225 1789 Hesiodus,
1259 1750 1460 1792 quidnam
1490 1750 1708 1782 beneficio
1731 1749 1956 1794 prouocati
1981 1748 2120 1780 facere

251 1808 504 1839 debemus?“
550 1802 731 1837 Accedit
763 1801 840 1833 hoc
875 1802 1023 1842 etiam,
1076 1802 1188 1845 quod
1227 1814 1356 1845 genus
1395 1804 1571 1836 maximi
1609 1803 1805 1835 criminis
1843 1808 1946 1846 aput
1974 1801 2121 1832 Persas

253 1861 387 1892 fuisse
417 1857 628 1896 traditur,
659 1855 692 1886 si
715 1854 787 1897 qui
811 1855 1039 1886 extitisset
1065 1856 1277 1898 ingratus,
1308 1857 1597 1900 meminitque
1623 1857 1685 1889 rei
1706 1857 1949 1899 Xenophon
1977 1851 2120 1895 Κύρου

255 1911 504 1950 namisias)
538 1909 648 1941 libro
678 1908 815 1951 primo
848 1908 888 1949 [c.
919 1909 964 1948 2.]
996 1909 1228 1940 secundum
1259 1910 1363 1941 haec
1402 1910 1532 1942 uerba
1567 1909 1858 1942 conscribens:
1901 1904 2121 1946 δικάζουσι

257 1966 293 1997 δὲ
325 1966 391 1997 καὶ
421 1959 711 2007 ἐγκλήματος,
757 1957 806 1993 οὗ
835 1965 956 1993 ἕνεκα
988 1959 1209 2003 ἅνθρωποι
1237 1963 1413 2005 μισοῦσι
1434 1965 1512 2005 μὲν
1534 1960 1739 2005 α’λλήλους
1761 1957 1962 2003 μάλιστα,
2001 1958 2121 1992 δικά-

257 2020 400 2057 ζονται
423 2018 464 2050 δὲ
487 2015 658 2058 ἥκιστα,
691 2013 960 2058 ἀχαριστίας·
998 2015 1066 2047 καὶ
1090 2014 1133 2046 ὃν
1156 2014 1206 2048 ιῖν
1228 2016 1356 2058 γνῶσι
1385 2013 1626 2059 δυνάμενον
1652 2018 1735 2059 μὲν
1759 2011 1882 2057 χάριν
1913 2009 2122 2045 ἀποδιδό-

257 2081 345 2107 ναι,
379 2069 432 2111 μή
461 2065 725 2102 ἀποδιδόντα
757 2067 797 2100 δὲ
828 2064 1057 2106 κολάζουσι
1087 2068 1154 2101 καὶ
1184 2069 1335 2101 τοῦτον
1368 2070 1565 2113 ἰσχυρῶς·
1601 2070 1771 2101 οἴονται
1799 2064 1872 2109 7129
1896 2065 1994 2101 τούς
2016 2063 2121 2109 εἶχα-

259 2122 429 2165 ρίστους
461 2122 643 2162 καὶπερὶ
672 2119 803 2156 θεούς
835 2120 884 2153 [ἲν
913 2118 1095 2162 μάλιστα
1122 2118 1285 2162 ἀμελῶς
1312 2124 1427 2166 ἔχειν
1454 2122 1644 2165 καὶπερὶ
1671 2119 1816 2164 γονέας
1844 2119 1909 2151 καὶ
1938 2118 2120 2161 πατρίδα

259 2175 326 2207 καὶ
352 2174 514 2216 φίλους.
552 2175 713 2206 SCHOLIA
736 2175 994 2207 AMBRosmxA.

345 2227 422 2259 ΗΜ·
447 2227 633 2269 molestiae)
677 2227 758 2258 Eius
789 2228 985 2267 accussatio,
1009 2228 1043 2260 in
1066 2238 1130 2271 qua
1158 2227 1297 2270 gratiam
1326 2228 1423 2260 reddo
1446 2239 1514 2260 non
1537 2227 1605 2259 sola
1635 2225 1823 2264 uoluntate,
1856 2232 1902 2256 set
1930 2224 2002 2267 ipsa
2024 2225 2122 2257 etiam

263 2292 308 2313 re.
350 2280 561 2311 Maxeras.

339 2386 364 2422 1)
403 2383 478 2411 Tam
500 2383 572 2411 hacc
595 2393 680 2421 quam
702 2388 859 2425 sequentia
879 2389 972 2417 uerba
995 2399 1100 2427 graeca
1119 2388 1229 2418 absunt
1249 2398 1266 2417 3
1286 2386 1406 2421 codice,
1426 2385 1536 2414 relicto
1558 2396 1653 2415 uacuo
1675 2387 1782 2426 spatio.
1821 2387 1858 2415 A.
1879 2386 1995 2415 Min-s.
