2264 2746
260 114 295 139 25
800 100 844 128 M.
873 96 1036 126 TULLI
1064 96 1353 127 CICERONIS
1380 98 1584 128 ORATIO

261 181 461 219 crimin0503
486 178 554 217 sin,
579 177 655 219 quia
677 173 815 218 gratiosi
837 173 921 212 sint,
942 171 1161 204 accussandos
1183 178 1299 215 putas:
1322 173 1395 205 noli
1416 173 1551 215 mirari,
1576 180 1610 206 te
1634 173 1688 213 id,
1712 172 1804 216 quod
1826 179 1884 206 tua
1905 174 2048 218 dignitas
2070 186 2136 218 po-

217 244 252 272 47
262 233 411 271 stularit‚
448 229 664 274 repudiandis
687 227 913 269 gratiosorum
936 225 1091 257 amicitiis
1114 236 1183 256 non
1206 236 1277 256 esse
1299 225 1504 258 adsecutum.
1548 227 1621 259 Iam
1643 233 1682 258 ut
1707 237 1767 269 ego
1791 226 1912 267 doceo,
1951 228 2136 271 gratiosum

263 287 362 329 [esse]
388 286 423 316 in
445 297 503 316 sua
524 283 615 314 tribu
637 279 828 319 Plancium,
863 278 954 321 quod
977 277 1093 309 multis
1125 277 1268 319 benigne
1291 277 1424 318 fecerit,
1457 291 1521 322 pro
1545 280 1661 312 multis
1684 279 1924 323 spoponderit,
1958 281 1995 312 in
2017 292 2136 324 operas

261 342 438 384 plurumos
460 335 563 380 patris
586 333 785 364 auctoritate
809 338 841 363 et
856 331 963 374 gratia
985 329 1134 370 miserit,
1159 330 1250 372 quod
1273 330 1418 373 denique
1441 332 1597 364 omnibus
1621 331 1738 364 officiis
1758 344 1821 376 per
1843 344 1888 372 se,
1912 343 1975 375 per
1996 339 2139 375 patrem,

261 406 323 437 per
346 392 486 424 maiores
509 400 585 419 suos
608 392 716 418 totam
740 384 917 418 Atinatem
939 382 1187 427 praefecturam
1210 383 1510 426 conprehenderit:
1543 385 1590 417 sic
1612 391 1650 416 tu
1673 385 1774 424 doce,
1797 391 2005 428 sequestrem
2026 384 2141 425 fuisse,

262 446 419 488 largitum
442 453 528 479 esse,
565 438 817 481 conscripsisse,
854 437 989 469 tribulis
1015 436 1251 468 decuriauisse.
1299 437 1401 479 Quod
1427 437 1456 469 si
1477 449 1547 469 non
1568 444 1682 481 potes,
1715 439 1787 470 noli
1809 439 1931 470 tollere
1955 449 1998 469 ex
2021 437 2141 470 ordine

262 505 376 531 nostro
403 494 655 532 liberalitatem,
679 491 751 522 noli
773 489 977 522 maleficium
1000 496 1121 532 putare
1143 501 1215 521 esse
1237 490 1398 532 gratiam,
1420 490 1492 522 noli
1515 490 1764 523 obseruantiam
1786 492 1915 523 sancire
1937 501 2056 534 poena.

347 552 462 590 Itaque
476 547 698 579 haesitantem
720 550 755 575 te
776 543 812 575 in
826 544 891 575 hoc
913 542 1154 574 sodaliciorum
1178 542 1344 575 tribuario
1368 543 1510 574 crimine
1531 542 1575 574 ad
1595 555 1800 576 communem
1823 544 1968 576 ambitus
1992 554 2142 575 caussam

263 602 451 639 contulisti3
486 601 521 632 in
544 611 609 641 qua
632 597 823 629 desinamus
847 596 1046 638 aliquando,
1077 595 1105 627 si
1128 595 1284 636 uidetur,
1321 596 1454 639 uolgari
1478 594 1714 638 et‘peruagata
1734 596 1978 629 declamatione
2001 601 2143 627 couten—

219 657 353 689 anere.
399 654 453 685 Sic
477 653 567 684 euim
590 658 703 683 tecum
725 661 798 692 ago.
845 650 958 691 Quam
982 649 1044 680 tibi
1068 648 1334 689 commodumst,
1358 661 1461 681 unam
1482 649 1612 680 tribum
1635 649 1762 691 delige:
1799 655 1837 681 tu
1859 649 1958 690 doce,
1990 649 2027 681 id
2051 647 2143 691 quod

263 708 379 746 debes,
402 718 464 749 per
488 717 589 748 quem
611 709 837 746 sequestrem,
865 714 931 745 quo
955 701 1105 733 diuisore
1128 709 1288 745 corrupta
1313 702 1376 741 sit3
1411 713 1489 744 ego,
1512 702 1541 734 si
1562 702 1598 733 id
1620 701 1729 733 facere
1751 713 1821 733 non
1844 703 2013 745 potueris,
2036 702 2141 745 quod,

261 768 299 793 ut
321 760 438 803 opinio
461 769 536 790 mea
557 756 641 795 fert,
666 768 708 788 ne
731 756 871 798 incipies
896 753 1050 797 quidem,
1076 766 1138 797 per
1160 767 1261 797 quem
1285 755 1405 787 tulerit
1427 755 1565 786 docebo.
1609 755 1716 786 Estne
1738 755 1820 786 haec
1841 767 1924 786 uera
1945 755 2142 787 contentio?

261 815 413 858 placetne
435 811 481 843 sic
504 809 580 852 agi?
625 810 719 841 Num
742 821 880 852 possum
903 807 1008 849 magis
1031 807 1154 850 pedem
1179 807 1353 846 conferre,
1376 814 1415 839 ut
1434 808 1550 848 aiunt,
1573 813 1632 839 aut
1652 807 1796 851 propius
1819 807 2001 840 accedere?
2048 807 2143 850 Quid

260 868 375 899 taces?
421 863 501 906 quid
528 862 739 894 dissimulas?
779 861 860 904 quid
890 860 1147 902 tergiuersaris?
1192 860 1305 892 Etiam
1329 867 1430 903 atque
1459 860 1560 892 etiam
1583 859 1672 892 insto
1698 866 1799 904 atque
1822 872 1947 904 urgeo,
1983 861 2142 900 insector,

259 930 377 962 posco,
401 923 501 959 atque
523 915 605 946 adeo
629 914 742 957 flagito
767 915 915 953 crimen,
941 923 1188 955 quamcumque
1210 913 1357 954 tribum,
1383 913 1544 956 inquam,
1566 913 1750 956 delegeris,
1775 925 1877 957 quam
1898 913 2017 946 tulerit
2038 913 2142 945 Plan-

333 1077 516 1112 criminoso)
536 1076 574 1114 23
594 1077 716 1104 uitiosa.
735 1088 773 1095 —·
811 1070 887 1111 sint)
909 1071 959 1100 Sic
979 1072 1004 1100 B
1026 1075 1057 1100 et
1076 1071 1121 1108 E3
1141 1071 1237 1100 ceteri
1258 1077 1341 1103 sant.
1359 1076 1399 1094 ·-·’
1437 1072 1640 1110 accusandos)
1660 1073 1710 1102 Lb
1730 1078 1934 1102 accusatores.
1953 1088 1992 1094 —
2020 1071 2141 1111 mirari)

260 1128 307 1156 La
326 1137 394 1155 cum
415 1125 452 1163 gl.
473 1135 535 1159 me,
555 1124 616 1158 Ma,
637 1123 694 1157 Lc,
714 1122 756 1157 II,
777 1132 804 1155 ς,
825 1125 855 1148 et
874 1129 909 1158 χι
934 1129 989 1148 nze.
1009 1134 1047 1140 ·—
1085 1120 1168 1158 quod
1187 1120 1257 1157 tua)
1277 1121 1320 1149 Po
1341 1120 1426 1160 quod
1441 1127 1488 1152 tu.
1507 1136 1546 1144 —-
1583 1119 1769 1161 assecutum)
1795 1121 1843 1150 La
1862 1126 1894 1150 et
1911 1121 1955 1150 Pa
1973 1127 2140 1157 assuetum,

259 1180 306 1203 set
325 1174 359 1203 in
379 1174 426 1201 La
445 1181 561 1210 supers.
582 1174 766 1197 assecutum.
782 1183 820 1188 -—

333 1230 361 1271 §—
380 1234 426 1265 47.
458 1230 538 1265 Iam)
567 1229 591 1256 B
613 1233 643 1255 et
671 1226 697 1254 E
726 1227 821 1254 Nam.
841 1240 880 1247 —=
917 1225 1084 1264 gratiosum
1103 1223 1181 1262 esse)
1209 1226 1262 1254 Ma
1282 1236 1343 1254 esse
1363 1228 1580 1263 criminosam,
1608 1227 1656 1255 Lc
1677 1237 1738 1256 esse
1754 1228 1939 1264 gratiosum.
1957 1242 1995 1249 -—
2033 1226 2067 1255 in
2087 1237 2142 1256 sua

261 1280 358 1318 tribu)
386 1278 436 1306 Sic
456 1277 480 1304 B
502 1281 533 1303 et
552 1275 595 1311 E3
625 1275 687 1309 Ma,
717 1273 783 1308 Mb,
809 1274 871 1308 Mc,
899 1273 954 1308 La,
981 1273 1041 1308 Lb,
1070 1273 1127 1307 Le,
1156 1273 1207 1307 Pa,
1234 1273 1290 1308 Pb,
1310 1274 1362 1309 Pe,
1382 1275 1424 1310 D,
1450 1274 1492 1309 G,
1513 1275 1575 1310 Br„
1595 1274 1631 1310 C,
1651 1275 1693 1310 H,
1714 1274 1744 1309 S,
1765 1274 1804 1310 T,
1824 1284 1872 1313 χι,
1891 1278 1923 1302 et
1940 1274 1960 1303 3
1980 1274 2074 1311 tribu,
2094 1280 2141 1304 set

262 1330 287 1358 C
307 1328 400 1357 habet
420 1324 596 1353 asteriscum
616 1323 650 1350 in
669 1321 823 1358 margine,
844 1331 862 1352 ς
883 1321 1000 1355 ἰνίὸιιί;
1020 1320 1048 1348 O
1068 1319 1229 1353 tribulatam
1249 1321 1346 1348 ceteri
1367 1321 1594 1350 11·ilmlil1us.--
1631 1320 1778 1359 benigne)
1798 1332 1833 1360 χι
1856 1322 1995 1359 denique.
2011 1336 2048 1343 ·—
2067 1331 2143 1360 spo-

262 1372 420 1415 ponderit)
441 1373 470 1399 D
489 1382 548 1406 om,
568 1375 615 1399 set
629 1369 721 1398 habet
738 1368 771 1395 in
785 1378 877 1405 marg.
898 1374 932 1396 ut
951 1368 1026 1404 ins.;
1046 1378 1065 1399 ς
1084 1367 1256 1404 spopondit.
1271 1383 1309 1389 —
1329 1368 1361 1396 in
1381 1378 1488 1406 operas
1505 1383 1543 1390 --
1557 1367 1840 1408 comprehenderit)
1859 1368 1904 1397 Pb
1925 1373 1956 1396 et
1975 1368 2018 1396 Pe
2038 1378 2142 1396 om.—

262 1419 426 1462 plurimos)
454 1420 515 1454 Ma,
541 1418 606 1454 Mb,
626 1419 687 1452 Mc,
713 1417 754 1451 D,
785 1427 812 1451 ς,
834 1421 864 1444 et
884 1425 918 1454 ΖΙ
947 1416 1120 1453 plurimas,
1155 1414 1179 1443 C
1202 1416 1420 1452 plurimorum.
1439 1431 1478 1437 —-
1514 1416 1630 1455 patris)
1656 1417 1709 1446 Mc
1734 1418 1886 1454 temporis.
1905 1430 1944 1438 -
1981 1416 2142 1454 omnibus)

262 1472 306 1499 Pa
325 1472 359 1498 in·
379 1466 526 1496 omnibus,
545 1481 582 1487 --
619 1465 795 1501 Atinatem)
814 1465 866 1493 Mc
888 1465 1077 1498 ctecz'nalem,
1108 1463 1152 1490 Pa
1171 1463 1350 1498 latinatem,
1380 1463 1405 1491 C
1426 1465 1620 1498 Altinatem,
1653 1471 1689 1501 χι
1711 1463 1924 1492 Attinitatem.
1941 1478 1982 1485 -—
2017 1465 2142 1503 praefe-

263 1517 397 1552 cturam)
417 1515 446 1542 D
469 1524 537 1542 cum
557 1513 595 1551 gl.
617 1513 808 1547 districtum,
828 1523 846 1544 ς
861 1510 1085 1550 prosectztram.
1105 1525 1143 1532 —-
1180 1509 1469 1549 comprehenderit)
1488 1511 1542 1539 Ma
1562 1510 1801 1548 reprehenderit.
1819 1525 1858 1531 —

338 1564 430 1596 doce,
462 1558 662 1599 sequestrem)
689 1560 715 1588 E
736 1561 822 1587 (loces
843 1564 1028 1597 equestrem,
1063 1558 1101 1596 23
1123 1558 1210 1586 [loces
1235 1563 1430 1596 sequestrem.
1449 1573 1486 1579 ——-
1522 1558 1674 1597 tribul-es)
1700 1557 1756 1592 La,
1775 1557 1823 1595 2⁴3,
1850 1562 1883 1586 et
1901 1565 1929 1596 φ
1948 1558 2085 1588 tribulos.
2103 1574 2142 1582 —

264 1610 488 1646 decuriauisse)
509 1610 569 1644 Ma,
595 1608 655 1643 Lb,
683 1613 713 1635 ct
733 1608 762 1635 D
793 1608 976 1635 decuriasse.
996 1621 1035 1626 -
1071 1604 1303 1644 liberalitatem)
1329 1605 1381 1640 Pa,
1403 1605 1437 1641 C,
1466 1606 1504 1641 T,
1531 1611 1562 1635 et
1581 1606 1620 1645 χὸ
1640 1605 1822 1634 libertatem.
1840 1619 1880 1626 —
1917 1605 2002 1643 noli)
2021 1616 2057 1645 χι
2080 1617 2140 1644 om,

264 1665 365 1688 utrum
391 1662 460 1685 ante
488 1657 560 1684 mal.
569 1677 578 1690 ‚
613 1666 651 1683 an
677 1659 747 1683 ante
775 1654 836 1682 obs.
845 1675 853 1690 ,
887 1664 951 1682 non
977 1653 1045 1681 adn.
1073 1654 1119 1682 ed.
1150 1654 1227 1682 Ox..
1247 1668 1286 1674 —·
1325 1652 1461 1689 sancire)
1487 1653 1539 1682 Er.
1565 1654 1692 1682 sarcire.
1710 1667 1748 1675 —
1785 1651 1897 1692 poena)
1924 1653 1972 1683 La
1996 1665 2139 1693 poenam,

264 1709 295 1735 H
310 1716 462 1745 paenam,
482 1704 512 1731 D
530 1714 654 1741 penam.
670 1718 708 1724 —-

336 1752 554 1787 haesitantem)
580 1752 642 1785 Ma,
668 1752 730 1786 Mc,
750 1751 806 1786 La,
826 1750 886 1785 Lb,
912 1749 968 1785 Lc,
988 1750 1040 1786 Pa,
1059 1750 1101 1785 D,
1120 1749 1163 1785 H,
1182 1759 1209 1785 ς,
1230 1758 1277 1787 χι,
1297 1755 1333 1787 ψ,
1353 1752 1385 1776 et
1403 1748 1445 1778 F1
1467 1748 1651 1777 haesitante.
1669 1762 1710 1769 ·—
1745 1748 1976 1786 sodalitiorum)
2002 1750 2045 1779 Pc
2063 1752 2139 1781 soli-

266 1802 430 1829 dariorum.
459 1816 493 1822 --
533 1797 698 1836 tribuario)
728 1800 788 1834 Ma,
816 1799 878 1831 Mc,
906 1797 962 1833 La,
989 1797 1049 1833 Lb,
1076 1799 1119 1826 Pa
1148 1796 1340 1829 tribunario,
1378 1795 1402 1824 C
1429 1796 1631 1829 tribunat-iis,
1662 1795 1696 1824 H
1722 1796 1898 1826 tributario.
1917 1812 1956 1819 —
1993 1797 2139 1838 crimine)

268 1849 292 1877 C
321 1851 443 1876 crimen.
461 1863 498 1869 ——
536 1846 572 1874 ad
594 1846 802 1882 communem)
830 1846 882 1874 Ma
901 1845 947 1873 cul
966 1855 1001 1873 co
1021 1855 1091 1873 cum
1118 1845 1235 1873 lacuna.
1261 1858 1300 1864 -—
1337 1844 1486 1880 ambitus)
1512 1844 1537 1872 F
1544 1853 1555 1872 1
1585 1853 1653 1872 cum
1679 1843 1719 1882 gl.
1745 1845 1868 1872 crimen.
1887 1859 1926 1865 —
1962 1845 2140 1885 contulisti)

268 1896 315 1923 lia
334 1905 400 1922 cum
421 1895 458 1932 gl.
479 1888 636 1930 detulisti,
655 1895 687 1923 H
707 1895 855 1922 detulisti.
875 1908 912 1913 —-
950 1893 1132 1931 peruagata)
1153 1893 1204 1920 Ma
1218 1892 1429 1930 peruulgata,
1456 1892 1499 1920 Pa
1512 1897 1670 1930 pugnata.
1688 1906 1725 1913 —
1763 1890 1996 1932 declamatione)
2021 1885 2139 1931 mde-

268 1944 442 1971 ιιΙίιιαιίοηε.
462 1957 500 1963 —·
537 1943 604 1979 sic)
624 1952 659 1980 χι
680 1943 743 1970 Sin.
763 1957 801 1962 —
839 1939 908 1979 ago)
929 1942 981 1969 Ma
1001 1952 1061 1979 ego.
1081 1956 1119 1963 ·—

342 1993 368 2034 ἕ.
387 1995 432 2023 48.
452 1994 561 2033 Quam)
580 1997 617 2033 23
637 1996 728 2034 Quid.
747 2010 784 2015 —
823 1994 886 2029 cst)
906 1993 932 2021 E
961 1996 1021 2026 sit,
1049 1999 1095 2022 set
1115 1993 1151 2021 ab
1173 1992 1236 2021 ead.
1256 2003 1294 2022 m.
1314 2001 1431 2031 supers.
1452 1997 1512 2028 est,
1539 1991 1585 2020 Pb
1605 2001 1674 2020 esse.
1692 2005 1731 2013 —-
1767 1991 1883 2030 delige:
1909 1997 1944 2021 tu
1970 1991 2059 2033 doce)
2085 1994 2138 2023 Sic

269 2042 450 2080 interpunxi
471 2052 538 2069 cum
558 2044 619 2077 Ma,
640 2043 703 2077 Mb,
723 2047 752 2070 et
772 2042 819 2078 D;
841 2041 936 2069 ceteri
957 2041 1057 2079 delige
1077 2047 1128 2070 m.-
1149 2041 1235 2077 doce,
1263 2044 1388 2080 praeter
1406 2040 1475 2076 Mc,
1502 2039 1555 2079 qui
1575 2039 1666 2067 habet
1685 2039 1799 2077 delige,
1827 2045 1894 2068 tam
1913 2040 1992 2069 doce.
2011 2057 2050 2063 —
2086 2042 2138 2071 di-

270 2088 386 2126 uisore)
406 2090 457 2117 Ma
479 2089 639 2117 clinez-sore.
659 2104 697 2109 ——
735 2087 893 2127 corrupta)
920 2088 965 2116 Pb
986 2093 1017 2116 et
1037 2089 1079 2116 Pc
1099 2095 1252 2117 contenta.
1271 2103 1309 2109 -—
1347 2085 1415 2126 ego)
1440 2087 1471 2115 D
1493 2093 1524 2116 et
1543 2087 1568 2116 C
1595 2097 1675 2125 ergo.
1691 2101 1730 2108 —
1767 2086 1920 2126 potueris)
1949 2088 1988 2126 23
2007 2091 2138 2126 poteris,

272 2138 313 2165 Pa
326 2142 440 2175 potero.
460 2151 498 2156 —
535 2141 568 2163 ut
595 2136 700 2173 opinio
731 2135 809 2175 nlCa)
836 2137 877 2164 Pa
897 2138 1001 2173 opinio
1030 2138 1061 2165 in
1084 2146 1127 2165 ea.
1146 2151 1184 2157 —-
1222 2135 1362 2175 quidem,
1395 2133 1464 2174 per)
1489 2134 1576 2163 Inter
1595 2134 1669 2163 haec
1688 2145 1738 2164 uu.
1757 2133 1791 2162 in
1809 2134 1840 2162 D
1861 2145 1979 2174 supers.
1999 2146 2071 2174 ego,
2103 2142 2139 2166 ut

271 2185 342 2212 ins..
362 2199 399 2204 —-
437 2192 491 2220 per
512 2184 617 2220 quem)
638 2183 683 2210 La
703 2194 771 2212 cum
792 2184 830 2221 gl.
851 2185 974 2212 Planci.
992 2199 1030 2204 —

345 2232 459 2266 Estne)
479 2231 516 2267 23
537 2231 577 2257 L'e
599 2241 643 2257 ne.
663 2246 701 2250 —
720 2231 794 2259 hacc
813 2230 900 2270 uera)
921 2241 940 2270 χ
959 2231 1037 2268 (sic)
1058 2242 1134 2260 uera
1154 2233 1225 2261 ista.
1245 2247 1282 2254 —-
1320 2230 1472 2271 placetne)
1491 2230 1518 2260 E
1534 2230 1639 2268 placet
1658 2231 1686 2257 si
1705 2234 1757 2258 est.
1776 2244 1814 2250 —
1851 2230 1917 2269 agi)
1936 2231 1961 2260 C
1981 2241 2081 2270 agere.
2098 2247 2137 2254 ——

274 2278 368 2317 Num)
390 2278 440 2305 Sic
460 2279 484 2305 B
512 2283 540 2305 ct
560 2278 603 2314 133
637 2278 733 2306 ceteri
759 2280 840 2307 Αὀη.
859 2295 896 2300 -—-
934 2279 1081 2318 propius)
1101 2281 1162 2316 Ma,
1182 2280 1224 2316 D,
1246 2285 1277 2309 et
1294 2280 1322 2309 C
1338 2281 1493 2317 proprius.
1512 2293 1550 2299 —
1587 2275 1770 2314 dissimulas)
1796 2277 1842 2306 Pb
1869 2279 2078 2308 dissimulans.
2097 2295 2136 2301 —

274 2325 501 2365 tergiuersari-s)
529 2326 575 2353 La
601 2332 690 2364 terga
719 2328 853 2354 nea-saris
878 2337 946 2354 cuin
967 2327 1005 2365 gl.
1026 2329 1253 2365 tergiuersaris.
1274 2343 1312 2350 ·-
1348 2323 1444 2364 insto)
1463 2326 1515 2354 ,Ma
1534 2326 1634 2352 inislo.
1654 2339 1692 2345 ·-
1729 2326 1836 2363 atque)
1863 2325 1890 2354 T
1911 2331 1943 2354 et
1961 2327 1999 2365 23
2019 2337 2078 2356 om.
2096 2342 2135 2349 —-

275 2376 384 2414 urgeo)
404 2373 450 2401 La
469 2383 537 2400 cum
557 2373 594 2410 gl.
615 2384 700 2410 rogo,
728 2373 788 2407 Ma,
809 2373 863 2409 Le,
884 2380 914 2402 et
935 2375 967 2403 ΙΙ
987 2386 1074 2413 rogo,
1095 2375 1119 2403 C
1141 2380 1172 2404 et
1191 2376 1219 2404 T
1241 2383 1360 2413 urgeor.
1379 2387 1416 2394 —
1453 2370 1601 2410 insector)
1627 2371 1653 2399 E
1673 2373 1824 2411 insequor.
1845 2387 1883 2394 —
1921 2373 2056 2413 inquam)
2081 2375 2134 2404 Mc

274 2430 303 2453 et
326 2432 349 2461 lp
369 2431 522 2459 unquam,
542 2431 577 2458 χι
597 2422 628 2448 in
651 2431 719 2459 qua.
739 2435 775 2440 —

2238 183 2256 220 ’ἐ
