<?xml version="1.0" encoding="UTF-8"?>
<!DOCTYPE html PUBLIC "-//W3C//DTD XHTML 1.0 Transitional//EN"
    "http://www.w3.org/TR/xhtml1/DTD/xhtml1-transitional.dtd">
<html xmlns="http://www.w3.org/1999/xhtml" xml:lang="en" lang="en">
 <head>
  <title>
</title>
<meta http-equiv="Content-Type" content="text/html;charset=utf-8" />
  <meta name='ocr-system' content='tesseract 3.04.00' />
  <meta name='ocr-capabilities' content='ocr_page ocr_carea ocr_par ocr_line ocrx_word'/>
</head>
<body>
  <div class='ocr_page' id='page_1' title='image "./oratioprocnplan00ciceuoft_0153.png"; bbox 0 0 2264 2746; ppageno 0'>
   <div class='ocr_carea' id='block_1_1' title="bbox 2 278 7 988">
    <p class='ocr_par' dir='ltr' id='par_1_1' title="bbox 2 278 7 988">
     <span class='ocr_line' id='line_1_1' title="bbox 2 278 7 988; baseline 0 0"><span class='ocrx_word' id='word_1_1' title='bbox 2 278 7 988; x_wconf 95' lang='lat' dir='ltr'><strong> </strong></span> 
     </span>
    </p>
   </div>
   <div class='ocr_carea' id='block_1_2' title="bbox 0 289 10 988">
    <p class='ocr_par' dir='ltr' id='par_1_2' title="bbox 0 289 10 988">
     <span class='ocr_line' id='line_1_2' title="bbox 0 289 10 988; baseline 0 0"><span class='ocrx_word' id='word_1_2' title='bbox 0 289 10 988; x_wconf 95' lang='lat' dir='ltr'><strong> </strong></span> 
     </span>
    </p>
   </div>
   <div class='ocr_carea' id='block_1_3' title="bbox 496 75 1947 111">
    <p class='ocr_par' dir='ltr' id='par_1_3' title="bbox 496 75 1947 111">
     <span class='ocr_line' id='line_1_3' title="bbox 496 75 1947 111; baseline -0.001 -3"><span class='ocrx_word' id='word_1_3' title='bbox 496 77 595 108; x_wconf 87' lang='lat' dir='ltr'><strong>PRO</strong></span> <span class='ocrx_word' id='word_1_4' title='bbox 618 76 690 106; x_wconf 90' lang='lat' dir='ltr'><strong>CN.</strong></span> <span class='ocrx_word' id='word_1_5' title='bbox 708 75 950 107; x_wconf 88' lang='lat' dir='ltr'><strong>PLANCIO.</strong></span> <span class='ocrx_word' id='word_1_6' title='bbox 991 76 1094 106; x_wconf 80' lang='lat' dir='ltr'>CAP.</span> <span class='ocrx_word' id='word_1_7' title='bbox 1115 77 1226 106; x_wconf 87' lang='lat' dir='ltr'>XXV.</span> <span class='ocrx_word' id='word_1_8' title='bbox 1247 77 1374 106; x_wconf 81' lang='lat' dir='ltr'>XXVI.</span> <span class='ocrx_word' id='word_1_9' title='bbox 1395 77 1537 106; x_wconf 78' lang='lat' dir='ltr'><strong>xxvil.</strong></span> <span class='ocrx_word' id='word_1_10' title='bbox 1911 84 1947 111; x_wconf 80' lang='lat'><strong>37</strong></span> 
     </span>
    </p>
   </div>
   <div class='ocr_carea' id='block_1_4' title="bbox 82 145 1995 882">
    <p class='ocr_par' dir='ltr' id='par_1_4' title="bbox 82 145 1995 882">
     <span class='ocr_line' id='line_1_4' title="bbox 85 145 1949 194; baseline -0.002 -8"><span class='ocrx_word' id='word_1_11' title='bbox 85 156 177 189; x_wconf 90' lang='lat' dir='ltr'><strong>Uere</strong></span> <span class='ocrx_word' id='word_1_12' title='bbox 198 153 391 186; x_wconf 86' lang='lat' dir='ltr'><strong>mehercule</strong></span> <span class='ocrx_word' id='word_1_13' title='bbox 416 153 479 186; x_wconf 91' lang='lat' dir='ltr'><strong>hoc</strong></span> <span class='ocrx_word' id='word_1_14' title='bbox 501 153 625 185; x_wconf 82' lang='lat' dir='ltr'><strong>dicam:</strong></span> <span class='ocrx_word' id='word_1_15' title='bbox 648 152 695 184; x_wconf 90' lang='lat' dir='ltr'><strong>sic</strong></span> <span class='ocrx_word' id='word_1_16' title='bbox 717 145 791 183; x_wconf 86' lang='lat' dir='ltr'><strong>tum</strong></span> <span class='ocrx_word' id='word_1_17' title='bbox 814 150 1070 190; x_wconf 85' lang='lat' dir='ltr'><strong>existumabam,</strong></span> <span class='ocrx_word' id='word_1_18' title='bbox 1095 152 1181 183; x_wconf 83' lang='lat' dir='ltr'>nihil</span> <span class='ocrx_word' id='word_1_19' title='bbox 1203 152 1357 184; x_wconf 88' lang='lat' dir='ltr'><strong>homines</strong></span> <span class='ocrx_word' id='word_1_20' title='bbox 1380 153 1463 185; x_wconf 89' lang='lat' dir='ltr'><strong>aliut</strong></span> <span class='ocrx_word' id='word_1_21' title='bbox 1478 153 1608 184; x_wconf 76' lang='lat' dir='ltr'><strong>Romae</strong></span> <span class='ocrx_word' id='word_1_22' title='bbox 1632 152 1696 183; x_wconf 88' lang='lat' dir='ltr'><strong>nisi</strong></span> <span class='ocrx_word' id='word_1_23' title='bbox 1719 153 1758 183; x_wconf 90' lang='lat' dir='ltr'><strong>de</strong></span> <span class='ocrx_word' id='word_1_24' title='bbox 1774 159 1949 194; x_wconf 82' lang='lat' dir='ltr'><strong>quaestura</strong></span> 
     </span>
     <span class='ocr_line' id='line_1_5' title="bbox 82 204 1948 249; baseline -0.003 -9"><span class='ocrx_word' id='word_1_25' title='bbox 82 220 159 240; x_wconf 87' lang='lat' dir='ltr'><strong>mea</strong></span> <span class='ocrx_word' id='word_1_26' title='bbox 180 207 286 249; x_wconf 86' lang='lat' dir='ltr'><strong>loqui.</strong></span> <span class='ocrx_word' id='word_1_27' title='bbox 331 206 507 239; x_wconf 79' lang='lat' dir='ltr'><strong>Frumenti</strong></span> <span class='ocrx_word' id='word_1_28' title='bbox 528 206 564 237; x_wconf 90' lang='lat' dir='ltr'><strong>in</strong></span> <span class='ocrx_word' id='word_1_29' title='bbox 589 216 721 237; x_wconf 90' lang='lat' dir='ltr'><strong>summa</strong></span> <span class='ocrx_word' id='word_1_30' title='bbox 743 204 876 235; x_wconf 80' lang='lat' dir='ltr'><strong>caritate</strong></span> <span class='ocrx_word' id='word_1_31' title='bbox 898 216 1099 236; x_wconf 81' lang='lat' dir='ltr'><strong>maxumum</strong></span> <span class='ocrx_word' id='word_1_32' title='bbox 1122 216 1301 235; x_wconf 87' lang='lat' dir='ltr'><strong>numerum</strong></span> <span class='ocrx_word' id='word_1_33' title='bbox 1328 205 1507 243; x_wconf 75' lang='lat' dir='ltr'><strong>miseram3</strong></span> <span class='ocrx_word' id='word_1_34' title='bbox 1545 206 1808 248; x_wconf 74' lang='lat' dir='ltr'><strong>negotiatoribus</strong></span> <span class='ocrx_word' id='word_1_35' title='bbox 1834 205 1948 243; x_wconf 87' lang='lat' dir='ltr'><strong>comis,</strong></span> 
     </span>
     <span class='ocr_line' id='line_1_6' title="bbox 82 257 1948 301; baseline -0.002 -9"><span class='ocrx_word' id='word_1_36' title='bbox 82 260 323 293; x_wconf 83' lang='lat' dir='ltr'><strong>mercatoribus</strong></span> <span class='ocrx_word' id='word_1_37' title='bbox 347 259 470 298; x_wconf 85' lang='lat' dir='ltr'><strong>iustus,</strong></span> <span class='ocrx_word' id='word_1_38' title='bbox 495 258 705 301; x_wconf 86' lang='lat' dir='ltr'><strong>mancipibus</strong></span> <span class='ocrx_word' id='word_1_39' title='bbox 728 257 894 296; x_wconf 84' lang='lat' dir='ltr'><strong>liberalis,</strong></span> <span class='ocrx_word' id='word_1_40' title='bbox 923 258 1020 289; x_wconf 89' lang='lat' dir='ltr'><strong>sociis</strong></span> <span class='ocrx_word' id='word_1_41' title='bbox 1042 258 1226 297; x_wconf 82' lang='lat' dir='ltr'><strong>abstinens,</strong></span> <span class='ocrx_word' id='word_1_42' title='bbox 1254 258 1409 290; x_wconf 90' lang='lat' dir='ltr'><strong>omnibus</strong></span> <span class='ocrx_word' id='word_1_43' title='bbox 1433 270 1524 289; x_wconf 86' lang='lat' dir='ltr'><strong>eram</strong></span> <span class='ocrx_word' id='word_1_44' title='bbox 1547 259 1638 290; x_wconf 87' lang='lat' dir='ltr'><strong>uisus</strong></span> <span class='ocrx_word' id='word_1_45' title='bbox 1663 259 1698 290; x_wconf 87' lang='lat' dir='ltr'><strong>in</strong></span> <span class='ocrx_word' id='word_1_46' title='bbox 1722 259 1815 290; x_wconf 89' lang='lat' dir='ltr'><strong>omni</strong></span> <span class='ocrx_word' id='word_1_47' title='bbox 1839 258 1948 289; x_wconf 82' lang='lat' dir='ltr'><strong>officio</strong></span> 
     </span>
     <span class='ocr_line' id='line_1_7' title="bbox 83 309 1992 356; baseline -0.002 -12"><span class='ocrx_word' id='word_1_48' title='bbox 83 313 385 356; x_wconf 80' lang='lat' dir='ltr'><strong>diligentissumus3</strong></span> <span class='ocrx_word' id='word_1_49' title='bbox 416 312 593 354; x_wconf 83' lang='lat' dir='ltr'><strong>excogitati</strong></span> <span class='ocrx_word' id='word_1_50' title='bbox 616 309 753 354; x_wconf 89' lang='lat' dir='ltr'><strong>quidam</strong></span> <span class='ocrx_word' id='word_1_51' title='bbox 776 316 869 340; x_wconf 84' lang='lat' dir='ltr'><strong>erant</strong></span> <span class='ocrx_word' id='word_1_52' title='bbox 891 321 910 341; x_wconf 90' lang='lat' dir='ltr'><strong>a</strong></span> <span class='ocrx_word' id='word_1_53' title='bbox 934 310 1055 342; x_wconf 82' lang='lat' dir='ltr'><strong>Siculis</strong></span> <span class='ocrx_word' id='word_1_54' title='bbox 1081 311 1224 342; x_wconf 87' lang='lat' dir='ltr'><strong>honores</strong></span> <span class='ocrx_word' id='word_1_55' title='bbox 1247 310 1282 340; x_wconf 88' lang='lat' dir='ltr'><strong>in</strong></span> <span class='ocrx_word' id='word_1_56' title='bbox 1305 322 1360 340; x_wconf 88' lang='lat' dir='ltr'><strong>me</strong></span> <span class='ocrx_word' id='word_1_57' title='bbox 1384 310 1537 342; x_wconf 82' lang='lat' dir='ltr'><strong>inauditi.</strong></span> <span class='ocrx_word' id='word_1_58' title='bbox 1582 312 1697 354; x_wconf 86' lang='lat' dir='ltr'><strong>Itaque</strong></span> <span class='ocrx_word' id='word_1_59' title='bbox 1719 312 1780 344; x_wconf 82' lang='lat' dir='ltr'><strong>hac</strong></span> <span class='ocrx_word' id='word_1_60' title='bbox 1802 323 1861 354; x_wconf 85' lang='lat' dir='ltr'><strong>spe</strong></span> <span class='ocrx_word' id='word_1_61' title='bbox 1888 311 1948 341; x_wconf 87' lang='lat' dir='ltr'><strong>de·</strong></span> <span class='ocrx_word' id='word_1_62' title='bbox 1958 321 1992 347; x_wconf 77' lang='lat'><strong>55</strong></span> 
     </span>
     <span class='ocr_line' id='line_1_8' title="bbox 83 362 1949 407; baseline -0.002 -9"><span class='ocrx_word' id='word_1_63' title='bbox 83 366 251 405; x_wconf 86' lang='lat' dir='ltr'><strong>cedebam,</strong></span> <span class='ocrx_word' id='word_1_64' title='bbox 276 371 314 396; x_wconf 87' lang='lat' dir='ltr'><strong>ut</strong></span> <span class='ocrx_word' id='word_1_65' title='bbox 335 364 420 396; x_wconf 89' lang='lat' dir='ltr'><strong>mihi</strong></span> <span class='ocrx_word' id='word_1_66' title='bbox 442 364 609 407; x_wconf 81' lang='lat' dir='ltr'><strong>populum</strong></span> <span class='ocrx_word' id='word_1_67' title='bbox 634 364 830 395; x_wconf 86' lang='lat' dir='ltr'><strong>Romanum</strong></span> <span class='ocrx_word' id='word_1_68' title='bbox 853 362 940 393; x_wconf 90' lang='lat' dir='ltr'><strong>ultro</strong></span> <span class='ocrx_word' id='word_1_69' title='bbox 968 363 1080 395; x_wconf 86' lang='lat' dir='ltr'><strong>onmia</strong></span> <span class='ocrx_word' id='word_1_70' title='bbox 1103 362 1295 393; x_wconf 87' lang='lat' dir='ltr'><strong>delaturum</strong></span> <span class='ocrx_word' id='word_1_71' title='bbox 1317 369 1482 404; x_wconf 85' lang='lat' dir='ltr'><strong>putarem.</strong></span> <span class='ocrx_word' id='word_1_72' title='bbox 1525 365 1576 396; x_wconf 83' lang='lat' dir='ltr'><strong>At</strong></span> <span class='ocrx_word' id='word_1_73' title='bbox 1598 377 1658 407; x_wconf 89' lang='lat' dir='ltr'><strong>ego</strong></span> <span class='ocrx_word' id='word_1_74' title='bbox 1682 377 1756 397; x_wconf 89' lang='lat' dir='ltr'><strong>cum</strong></span> <span class='ocrx_word' id='word_1_75' title='bbox 1781 376 1857 396; x_wconf 86' lang='lat' dir='ltr'><strong>casu</strong></span> <span class='ocrx_word' id='word_1_76' title='bbox 1878 364 1949 394; x_wconf 86' lang='lat' dir='ltr'><strong>die-</strong></span> 
     </span>
     <span class='ocr_line' id='line_1_9' title="bbox 83 415 1951 461; baseline -0.002 -10"><span class='ocrx_word' id='word_1_77' title='bbox 83 420 145 452; x_wconf 90' lang='lat' dir='ltr'><strong>bus</strong></span> <span class='ocrx_word' id='word_1_78' title='bbox 168 420 208 451; x_wconf 89' lang='lat' dir='ltr'><strong>iis</strong></span> <span class='ocrx_word' id='word_1_79' title='bbox 230 418 362 450; x_wconf 86' lang='lat' dir='ltr'><strong>itineris</strong></span> <span class='ocrx_word' id='word_1_80' title='bbox 385 416 526 448; x_wconf 89' lang='lat' dir='ltr'><strong>faciendi</strong></span> <span class='ocrx_word' id='word_1_81' title='bbox 550 428 683 457; x_wconf 82' lang='lat' dir='ltr'><strong>caussa,</strong></span> <span class='ocrx_word' id='word_1_82' title='bbox 707 415 868 447; x_wconf 83' lang='lat' dir='ltr'><strong>decedens</strong></span> <span class='ocrx_word' id='word_1_83' title='bbox 894 427 911 446; x_wconf 91' lang='lat' dir='ltr'><strong>e</strong></span> <span class='ocrx_word' id='word_1_84' title='bbox 933 416 1125 459; x_wconf 85' lang='lat' dir='ltr'><strong>prouincia,</strong></span> <span class='ocrx_word' id='word_1_85' title='bbox 1152 415 1307 447; x_wconf 84' lang='lat' dir='ltr'><strong>Puteolos</strong></span> <span class='ocrx_word' id='word_1_86' title='bbox 1332 415 1418 446; x_wconf 86' lang='lat' dir='ltr'><strong>forte</strong></span> <span class='ocrx_word' id='word_1_87' title='bbox 1442 416 1621 458; x_wconf 86' lang='lat' dir='ltr'><strong>uenissem,</strong></span> <span class='ocrx_word' id='word_1_88' title='bbox 1645 430 1720 449; x_wconf 87' lang='lat' dir='ltr'><strong>cum</strong></span> <span class='ocrx_word' id='word_1_89' title='bbox 1743 416 1895 461; x_wconf 85' lang='lat' dir='ltr'><strong>plurumi</strong></span> <span class='ocrx_word' id='word_1_90' title='bbox 1919 422 1951 447; x_wconf 91' lang='lat' dir='ltr'><strong>et</strong></span> 
     </span>
     <span class='ocr_line' id='line_1_10' title="bbox 84 468 1949 513; baseline -0.003 -9"><span class='ocrx_word' id='word_1_91' title='bbox 84 471 273 504; x_wconf 87' lang='lat' dir='ltr'><strong>lautissumi</strong></span> <span class='ocrx_word' id='word_1_92' title='bbox 295 470 330 501; x_wconf 87' lang='lat' dir='ltr'><strong>in</strong></span> <span class='ocrx_word' id='word_1_93' title='bbox 354 470 395 501; x_wconf 90' lang='lat' dir='ltr'><strong>iis</strong></span> <span class='ocrx_word' id='word_1_94' title='bbox 418 469 500 501; x_wconf 91' lang='lat' dir='ltr'><strong>locis</strong></span> <span class='ocrx_word' id='word_1_95' title='bbox 522 470 631 502; x_wconf 84' lang='lat' dir='ltr'><strong>solent</strong></span> <span class='ocrx_word' id='word_1_96' title='bbox 654 480 742 501; x_wconf 89' lang='lat' dir='ltr'><strong>esse:</strong></span> <span class='ocrx_word' id='word_1_97' title='bbox 777 468 908 499; x_wconf 87' lang='lat' dir='ltr'><strong>concidi</strong></span> <span class='ocrx_word' id='word_1_98' title='bbox 931 480 1055 512; x_wconf 87' lang='lat' dir='ltr'><strong>paene,</strong></span> <span class='ocrx_word' id='word_1_99' title='bbox 1080 468 1222 507; x_wconf 87' lang='lat' dir='ltr'><strong>iudices,</strong></span> <span class='ocrx_word' id='word_1_100' title='bbox 1249 478 1323 498; x_wconf 89' lang='lat' dir='ltr'><strong>cum</strong></span> <span class='ocrx_word' id='word_1_101' title='bbox 1348 478 1391 498; x_wconf 80' lang='lat' dir='ltr'><strong>ex</strong></span> <span class='ocrx_word' id='word_1_102' title='bbox 1415 479 1469 498; x_wconf 88' lang='lat' dir='ltr'><strong>me</strong></span> <span class='ocrx_word' id='word_1_103' title='bbox 1493 470 1624 509; x_wconf 80' lang='lat' dir='ltr'><strong>quidam</strong></span> <span class='ocrx_word' id='word_1_104' title='bbox 1650 471 1851 513; x_wconf 82' lang='lat' dir='ltr'><strong>quaesisset,</strong></span> <span class='ocrx_word' id='word_1_105' title='bbox 1883 480 1949 511; x_wconf 90' lang='lat' dir='ltr'><strong>quo</strong></span> 
     </span>
     <span class='ocr_line' id='line_1_11' title="bbox 83 520 1952 566; baseline -0.006 -10"><span class='ocrx_word' id='word_1_106' title='bbox 83 526 136 556; x_wconf 92' lang='lat' dir='ltr'><strong>die</strong></span> <span class='ocrx_word' id='word_1_107' title='bbox 158 525 268 556; x_wconf 88' lang='lat' dir='ltr'><strong>Roma</strong></span> <span class='ocrx_word' id='word_1_108' title='bbox 293 523 453 563; x_wconf 82' lang='lat' dir='ltr'><strong>exissem,</strong></span> <span class='ocrx_word' id='word_1_109' title='bbox 499 528 532 554; x_wconf 85' lang='lat' dir='ltr'><strong>et</strong></span> <span class='ocrx_word' id='word_1_110' title='bbox 554 534 637 554; x_wconf 93' lang='lat' dir='ltr'><strong>num</strong></span> <span class='ocrx_word' id='word_1_111' title='bbox 660 521 818 563; x_wconf 86' lang='lat' dir='ltr'><strong>quidnam</strong></span> <span class='ocrx_word' id='word_1_112' title='bbox 841 528 926 553; x_wconf 86' lang='lat' dir='ltr'><strong>esset</strong></span> <span class='ocrx_word' id='word_1_113' title='bbox 948 522 1041 553; x_wconf 89' lang='lat' dir='ltr'><strong>noui.</strong></span> <span class='ocrx_word' id='word_1_114' title='bbox 1087 521 1151 553; x_wconf 89' lang='lat' dir='ltr'><strong>Cui</strong></span> <span class='ocrx_word' id='word_1_115' title='bbox 1176 531 1252 551; x_wconf 91' lang='lat' dir='ltr'><strong>cum</strong></span> <span class='ocrx_word' id='word_1_116' title='bbox 1273 520 1536 562; x_wconf 76' lang='lat' dir='ltr'><strong>respondissem,</strong></span> <span class='ocrx_word' id='word_1_117' title='bbox 1580 534 1633 553; x_wconf 72' lang='lat' dir='ltr'><strong>me</strong></span> <span class='ocrx_word' id='word_1_118' title='bbox 1656 535 1674 553; x_wconf 69' lang='lat' dir='ltr'><strong>a</strong></span> <span class='ocrx_word' id='word_1_119' title='bbox 1695 523 1871 566; x_wconf 57' lang='lat' dir='ltr'><strong>prouincia</strong></span> <span class='ocrx_word' id='word_1_120' title='bbox 1893 523 1952 552; x_wconf 77' lang='lat' dir='ltr'><strong>de-</strong></span> 
     </span>
     <span class='ocr_line' id='line_1_12' title="bbox 86 572 1950 617; baseline -0.001 -9"><span class='ocrx_word' id='word_1_121' title='bbox 86 577 220 608; x_wconf 81' lang='lat' dir='ltr'><strong>cedere:</strong></span> <span class='ocrx_word' id='word_1_122' title='bbox 264 576 365 607; x_wconf 84' lang='lat' dir='ltr'><strong>etiam</strong></span> <span class='ocrx_word' id='word_1_123' title='bbox 389 576 601 615; x_wconf 86' lang='lat' dir='ltr'><strong>mehercule,</strong></span> <span class='ocrx_word' id='word_1_124' title='bbox 636 575 764 617; x_wconf 85' lang='lat' dir='ltr'><strong>inquit,</strong></span> <span class='ocrx_word' id='word_1_125' title='bbox 800 580 837 605; x_wconf 87' lang='lat' dir='ltr'><strong>ut</strong></span> <span class='ocrx_word' id='word_1_126' title='bbox 859 574 998 617; x_wconf 78' lang='lat' dir='ltr'><strong>opinor,</strong></span> <span class='ocrx_word' id='word_1_127' title='bbox 1034 585 1078 605; x_wconf 83' lang='lat' dir='ltr'><strong>ex</strong></span> <span class='ocrx_word' id='word_1_128' title='bbox 1099 572 1227 605; x_wconf 80' lang='lat' dir='ltr'><strong>Africa.</strong></span> <span class='ocrx_word' id='word_1_129' title='bbox 1270 573 1423 604; x_wconf 69' lang='lat' dir='ltr'>XXVII.</span> <span class='ocrx_word' id='word_1_130' title='bbox 1455 574 1547 604; x_wconf 85' lang='lat' dir='ltr'><strong>Huic</strong></span> <span class='ocrx_word' id='word_1_131' title='bbox 1571 586 1630 616; x_wconf 83' lang='lat' dir='ltr'><strong>ego</strong></span> <span class='ocrx_word' id='word_1_132' title='bbox 1655 576 1719 606; x_wconf 77' lang='lat' dir='ltr'><strong>iam</strong></span> <span class='ocrx_word' id='word_1_133' title='bbox 1743 576 1950 607; x_wconf 74' lang='lat' dir='ltr'><strong>stomachans</strong></span> 
     </span>
     <span class='ocr_line' id='line_1_13' title="bbox 84 625 1952 670; baseline 0 -11"><span class='ocrx_word' id='word_1_134' title='bbox 84 630 273 668; x_wconf 79' lang='lat' dir='ltr'><strong>fastidiose,</strong></span> <span class='ocrx_word' id='word_1_135' title='bbox 296 628 401 661; x_wconf 90' lang='lat' dir='ltr'><strong>immo</strong></span> <span class='ocrx_word' id='word_1_136' title='bbox 427 641 469 660; x_wconf 77' lang='lat' dir='ltr'><strong>ex</strong></span> <span class='ocrx_word' id='word_1_137' title='bbox 493 628 622 666; x_wconf 86' lang='lat' dir='ltr'><strong>Sicilia,</strong></span> <span class='ocrx_word' id='word_1_138' title='bbox 646 629 796 670; x_wconf 86' lang='lat' dir='ltr'><strong>inquam.</strong></span> <span class='ocrx_word' id='word_1_139' title='bbox 841 627 931 658; x_wconf 91' lang='lat' dir='ltr'><strong>Tum</strong></span> <span class='ocrx_word' id='word_1_140' title='bbox 956 625 1107 668; x_wconf 80' lang='lat' dir='ltr'><strong>quidam,</strong></span> <span class='ocrx_word' id='word_1_141' title='bbox 1140 625 1232 667; x_wconf 87' lang='lat' dir='ltr'><strong>quasi</strong></span> <span class='ocrx_word' id='word_1_142' title='bbox 1258 625 1314 666; x_wconf 87' lang='lat' dir='ltr'><strong>qui</strong></span> <span class='ocrx_word' id='word_1_143' title='bbox 1339 625 1452 656; x_wconf 87' lang='lat' dir='ltr'><strong>omnia</strong></span> <span class='ocrx_word' id='word_1_144' title='bbox 1474 625 1588 657; x_wconf 87' lang='lat' dir='ltr'><strong>sciret:</strong></span> <span class='ocrx_word' id='word_1_145' title='bbox 1622 628 1737 667; x_wconf 83' lang='lat' dir='ltr'><strong>Quid?</strong></span> <span class='ocrx_word' id='word_1_146' title='bbox 1776 635 1813 659; x_wconf 87' lang='lat' dir='ltr'><strong>tu</strong></span> <span class='ocrx_word' id='word_1_147' title='bbox 1836 628 1952 667; x_wconf 84' lang='lat' dir='ltr'><strong>nescis,</strong></span> 
     </span>
     <span class='ocr_line' id='line_1_14' title="bbox 83 677 1949 725; baseline -0.001 -11"><span class='ocrx_word' id='word_1_148' title='bbox 83 683 211 725; x_wconf 89' lang='lat' dir='ltr'><strong>inquit,</strong></span> <span class='ocrx_word' id='word_1_149' title='bbox 246 683 337 714; x_wconf 87' lang='lat' dir='ltr'><strong>hunc</strong></span> <span class='ocrx_word' id='word_1_150' title='bbox 368 681 540 724; x_wconf 88' lang='lat' dir='ltr'><strong>Syracusis</strong></span> <span class='ocrx_word' id='word_1_151' title='bbox 565 688 775 724; x_wconf 82' lang='lat' dir='ltr'><strong>quaestorem</strong></span> <span class='ocrx_word' id='word_1_152' title='bbox 797 679 925 711; x_wconf 80' lang='lat' dir='ltr'><strong>fuisse?</strong></span> <span class='ocrx_word' id='word_1_153' title='bbox 972 678 1064 719; x_wconf 85' lang='lat' dir='ltr'><strong>Quid</strong></span> <span class='ocrx_word' id='word_1_154' title='bbox 1087 679 1219 710; x_wconf 78' lang='lat' dir='ltr'><strong>multa?</strong></span> <span class='ocrx_word' id='word_1_155' title='bbox 1256 677 1367 709; x_wconf 82' lang='lat' dir='ltr'><strong>destiti</strong></span> <span class='ocrx_word' id='word_1_156' title='bbox 1396 679 1612 718; x_wconf 75' lang='lat' dir='ltr'><strong>stomachari,</strong></span> <span class='ocrx_word' id='word_1_157' title='bbox 1649 687 1679 710; x_wconf 87' lang='lat' dir='ltr'><strong>et</strong></span> <span class='ocrx_word' id='word_1_158' title='bbox 1701 692 1755 711; x_wconf 84' lang='lat' dir='ltr'><strong>me</strong></span> <span class='ocrx_word' id='word_1_159' title='bbox 1778 693 1885 712; x_wconf 86' lang='lat' dir='ltr'><strong>unum</strong></span> <span class='ocrx_word' id='word_1_160' title='bbox 1908 692 1949 712; x_wconf 80' lang='lat' dir='ltr'><strong>ex</strong></span> 
     </span>
     <span class='ocr_line' id='line_1_15' title="bbox 83 730 1995 777; baseline -0.001 -11"><span class='ocrx_word' id='word_1_161' title='bbox 83 735 124 767; x_wconf 84' lang='lat' dir='ltr'><strong>iis</strong></span> <span class='ocrx_word' id='word_1_162' title='bbox 147 735 228 774; x_wconf 84' lang='lat' dir='ltr'><strong>feci,</strong></span> <span class='ocrx_word' id='word_1_163' title='bbox 261 735 319 777; x_wconf 94' lang='lat' dir='ltr'><strong>qui</strong></span> <span class='ocrx_word' id='word_1_164' title='bbox 341 735 380 765; x_wconf 89' lang='lat' dir='ltr'><strong>ad</strong></span> <span class='ocrx_word' id='word_1_165' title='bbox 403 746 504 777; x_wconf 89' lang='lat' dir='ltr'><strong>aquas</strong></span> <span class='ocrx_word' id='word_1_166' title='bbox 526 734 707 766; x_wconf 86' lang='lat' dir='ltr'><strong>uenissent.</strong></span> <span class='ocrx_word' id='word_1_167' title='bbox 751 734 808 764; x_wconf 89' lang='lat' dir='ltr'><strong>Set</strong></span> <span class='ocrx_word' id='word_1_168' title='bbox 833 744 871 763; x_wconf 86' lang='lat' dir='ltr'><strong>ea</strong></span> <span class='ocrx_word' id='word_1_169' title='bbox 892 743 962 771; x_wconf 88' lang='lat' dir='ltr'><strong>res,</strong></span> <span class='ocrx_word' id='word_1_170' title='bbox 993 730 1133 769; x_wconf 89' lang='lat' dir='ltr'><strong>iudices,</strong></span> <span class='ocrx_word' id='word_1_171' title='bbox 1163 730 1245 761; x_wconf 87' lang='lat' dir='ltr'><strong>haut</strong></span> <span class='ocrx_word' id='word_1_172' title='bbox 1268 730 1335 762; x_wconf 90' lang='lat' dir='ltr'><strong>scio</strong></span> <span class='ocrx_word' id='word_1_173' title='bbox 1358 742 1399 762; x_wconf 89' lang='lat' dir='ltr'><strong>an</strong></span> <span class='ocrx_word' id='word_1_174' title='bbox 1424 731 1499 774; x_wconf 89' lang='lat' dir='ltr'><strong>plus</strong></span> <span class='ocrx_word' id='word_1_175' title='bbox 1522 732 1607 762; x_wconf 84' lang='lat' dir='ltr'><strong>mihi</strong></span> <span class='ocrx_word' id='word_1_176' title='bbox 1630 733 1812 774; x_wconf 77' lang='lat' dir='ltr'><strong>profuerit,</strong></span> <span class='ocrx_word' id='word_1_177' title='bbox 1850 745 1950 776; x_wconf 86' lang='lat' dir='ltr'><strong>quam</strong></span> <span class='ocrx_word' id='word_1_178' title='bbox 1960 744 1995 770; x_wconf 77' lang='grc'><strong>66</strong></span> 
     </span>
     <span class='ocr_line' id='line_1_16' title="bbox 83 783 1952 828; baseline -0.001 -9"><span class='ocrx_word' id='word_1_179' title='bbox 83 788 111 819; x_wconf 87' lang='lat' dir='ltr'><strong>si</strong></span> <span class='ocrx_word' id='word_1_180' title='bbox 133 788 219 820; x_wconf 83' lang='lat' dir='ltr'><strong>mihi</strong></span> <span class='ocrx_word' id='word_1_181' title='bbox 251 794 322 818; x_wconf 80' lang='lat' dir='ltr'><strong>tum</strong></span> <span class='ocrx_word' id='word_1_182' title='bbox 346 793 454 819; x_wconf 87' lang='lat' dir='ltr'><strong>essent</strong></span> <span class='ocrx_word' id='word_1_183' title='bbox 487 798 602 818; x_wconf 90' lang='lat' dir='ltr'><strong>omnes</strong></span> <span class='ocrx_word' id='word_1_184' title='bbox 631 785 801 828; x_wconf 89' lang='lat' dir='ltr'><strong>gratulati.</strong></span> <span class='ocrx_word' id='word_1_185' title='bbox 845 785 935 816; x_wconf 87' lang='lat' dir='ltr'><strong>Nam</strong></span> <span class='ocrx_word' id='word_1_186' title='bbox 961 790 1176 826; x_wconf 80' lang='lat' dir='ltr'><strong>posteaquam</strong></span> <span class='ocrx_word' id='word_1_187' title='bbox 1206 783 1294 814; x_wconf 88' lang='lat' dir='ltr'><strong>sensi</strong></span> <span class='ocrx_word' id='word_1_188' title='bbox 1317 784 1437 826; x_wconf 87' lang='lat' dir='ltr'><strong>populi</strong></span> <span class='ocrx_word' id='word_1_189' title='bbox 1461 785 1609 815; x_wconf 88' lang='lat' dir='ltr'><strong>Romani</strong></span> <span class='ocrx_word' id='word_1_190' title='bbox 1641 785 1728 815; x_wconf 84' lang='lat' dir='ltr'><strong>auris</strong></span> <span class='ocrx_word' id='word_1_191' title='bbox 1751 786 1952 824; x_wconf 73' lang='lat' dir='ltr'><strong>hebetiores,</strong></span> 
     </span>
     <span class='ocr_line' id='line_1_17' title="bbox 84 836 1954 882; baseline -0.001 -11"><span class='ocrx_word' id='word_1_192' title='bbox 84 841 199 872; x_wconf 90' lang='lat' dir='ltr'><strong>oculos</strong></span> <span class='ocrx_word' id='word_1_193' title='bbox 221 840 306 871; x_wconf 86' lang='lat' dir='ltr'><strong>acris</strong></span> <span class='ocrx_word' id='word_1_194' title='bbox 329 846 429 882; x_wconf 87' lang='lat' dir='ltr'><strong>atque</strong></span> <span class='ocrx_word' id='word_1_195' title='bbox 451 845 582 879; x_wconf 86' lang='lat' dir='ltr'><strong>acutos,</strong></span> <span class='ocrx_word' id='word_1_196' title='bbox 606 838 715 870; x_wconf 85' lang='lat' dir='ltr'><strong>destiti</strong></span> <span class='ocrx_word' id='word_1_197' title='bbox 740 837 822 880; x_wconf 88' lang='lat' dir='ltr'><strong>quid</strong></span> <span class='ocrx_word' id='word_1_198' title='bbox 846 838 886 868; x_wconf 88' lang='lat' dir='ltr'><strong>de</strong></span> <span class='ocrx_word' id='word_1_199' title='bbox 904 848 959 868; x_wconf 86' lang='lat' dir='ltr'><strong>me</strong></span> <span class='ocrx_word' id='word_1_200' title='bbox 980 836 1126 868; x_wconf 87' lang='lat' dir='ltr'><strong>audituri</strong></span> <span class='ocrx_word' id='word_1_201' title='bbox 1149 842 1260 867; x_wconf 87' lang='lat' dir='ltr'><strong>essent</strong></span> <span class='ocrx_word' id='word_1_202' title='bbox 1281 837 1452 877; x_wconf 89' lang='lat' dir='ltr'><strong>homines,</strong></span> <span class='ocrx_word' id='word_1_203' title='bbox 1477 838 1637 879; x_wconf 64' lang='lat' dir='ltr'><strong>cogitare,</strong></span> <span class='ocrx_word' id='word_1_204' title='bbox 1670 837 1751 878; x_wconf 82' lang='lat' dir='ltr'><strong>feci,</strong></span> <span class='ocrx_word' id='word_1_205' title='bbox 1782 844 1817 869; x_wconf 87' lang='lat' dir='ltr'><strong>ut</strong></span> <span class='ocrx_word' id='word_1_206' title='bbox 1841 845 1954 881; x_wconf 83' lang='lat' dir='ltr'><strong>postea</strong></span> 
     </span>
    </p>
   </div>
   <div class='ocr_carea' id='block_1_5' title="bbox 84 993 1957 1130">
    <p class='ocr_par' dir='ltr' id='par_1_5' title="bbox 84 993 1957 1130">
     <span class='ocr_line' id='line_1_18' title="bbox 159 993 1954 1033; baseline 0 -10"><span class='ocrx_word' id='word_1_207' title='bbox 159 993 347 1032; x_wconf 86' lang='lat' dir='ltr'><strong>mehercule)</strong></span> <span class='ocrx_word' id='word_1_208' title='bbox 369 994 419 1021; x_wconf 90' lang='lat' dir='ltr'><strong>Sic</strong></span> <span class='ocrx_word' id='word_1_209' title='bbox 439 993 474 1029; x_wconf 88' lang='lat' dir='ltr'><strong>B,</strong></span> <span class='ocrx_word' id='word_1_210' title='bbox 494 994 531 1030; x_wconf 87' lang='lat' dir='ltr'><strong>E,</strong></span> <span class='ocrx_word' id='word_1_211' title='bbox 550 995 612 1031; x_wconf 87' lang='lat' dir='ltr'><strong>Ma,</strong></span> <span class='ocrx_word' id='word_1_212' title='bbox 632 995 697 1031; x_wconf 91' lang='lat' dir='ltr'><strong>Mb,</strong></span> <span class='ocrx_word' id='word_1_213' title='bbox 718 996 780 1031; x_wconf 87' lang='lat' dir='ltr'><strong>Mc,</strong></span> <span class='ocrx_word' id='word_1_214' title='bbox 801 995 857 1030; x_wconf 86' lang='lat' dir='ltr'><strong>La,</strong></span> <span class='ocrx_word' id='word_1_215' title='bbox 877 994 937 1030; x_wconf 88' lang='lat' dir='ltr'><strong>Lb,</strong></span> <span class='ocrx_word' id='word_1_216' title='bbox 957 993 1013 1029; x_wconf 89' lang='lat' dir='ltr'><strong>Lc,</strong></span> <span class='ocrx_word' id='word_1_217' title='bbox 1033 993 1074 1030; x_wconf 84' lang='lat' dir='ltr'><strong>D,</strong></span> <span class='ocrx_word' id='word_1_218' title='bbox 1096 993 1135 1030; x_wconf 86' lang='lat' dir='ltr'><strong>O,</strong></span> <span class='ocrx_word' id='word_1_219' title='bbox 1155 993 1217 1029; x_wconf 94' lang='lat' dir='ltr'><strong>Br.,</strong></span> <span class='ocrx_word' id='word_1_220' title='bbox 1239 994 1273 1029; x_wconf 87' lang='lat' dir='ltr'><strong>C,</strong></span> <span class='ocrx_word' id='word_1_221' title='bbox 1294 995 1335 1030; x_wconf 90' lang='lat' dir='ltr'><strong>II,</strong></span> <span class='ocrx_word' id='word_1_222' title='bbox 1358 993 1396 1029; x_wconf 89' lang='lat' dir='ltr'><strong>T,</strong></span> <span class='ocrx_word' id='word_1_223' title='bbox 1415 1005 1442 1029; x_wconf 80' lang='grc' dir='ltr'><strong>ς,</strong></span> <span class='ocrx_word' id='word_1_224' title='bbox 1463 1005 1510 1033; x_wconf 74' lang='grc' dir='ltr'><strong>χι,</strong></span> <span class='ocrx_word' id='word_1_225' title='bbox 1531 1001 1562 1023; x_wconf 83' lang='lat' dir='ltr'><strong>et</strong></span> <span class='ocrx_word' id='word_1_226' title='bbox 1580 996 1615 1033; x_wconf 78' lang='lat'><strong>33</strong></span> <span class='ocrx_word' id='word_1_227' title='bbox 1644 996 1740 1024; x_wconf 82' lang='lat' dir='ltr'><strong>ceteri</strong></span> <span class='ocrx_word' id='word_1_228' title='bbox 1760 995 1954 1024; x_wconf 69' lang='lat' dir='ltr'><strong>mehercules.</strong></span> 
     </span>
     <span class='ocr_line' id='line_1_19' title="bbox 84 1041 1957 1082; baseline 0.003 -17"><span class='ocrx_word' id='word_1_229' title='bbox 84 1058 122 1065; x_wconf 84' lang='lat'><strong>...</strong></span> <span class='ocrx_word' id='word_1_230' title='bbox 140 1041 212 1081; x_wconf 84' lang='lat' dir='ltr'><strong>hoc)</strong></span> <span class='ocrx_word' id='word_1_231' title='bbox 237 1044 289 1071; x_wconf 90' lang='lat' dir='ltr'><strong>Mc</strong></span> <span class='ocrx_word' id='word_1_232' title='bbox 308 1041 364 1068; x_wconf 80' lang='lat' dir='ltr'><strong>hoe</strong></span> <span class='ocrx_word' id='word_1_233' title='bbox 375 1041 498 1078; x_wconf 78' lang='lat' dir='ltr'><strong>fuisse,</strong></span> <span class='ocrx_word' id='word_1_234' title='bbox 525 1047 571 1070; x_wconf 86' lang='lat' dir='ltr'><strong>set</strong></span> <span class='ocrx_word' id='word_1_235' title='bbox 589 1043 696 1081; x_wconf 75' lang='lat' dir='ltr'><strong>fuisse</strong></span> <span class='ocrx_word' id='word_1_236' title='bbox 726 1043 850 1082; x_wconf 88' lang='lat' dir='ltr'><strong>punctis</strong></span> <span class='ocrx_word' id='word_1_237' title='bbox 878 1042 1086 1070; x_wconf 84' lang='lat' dir='ltr'><strong>subnotatum.</strong></span> <span class='ocrx_word' id='word_1_238' title='bbox 1106 1056 1144 1062; x_wconf 91' lang='lat'>—</span> <span class='ocrx_word' id='word_1_239' title='bbox 1181 1041 1225 1069; x_wconf 87' lang='lat' dir='ltr'><strong>sic</strong></span> <span class='ocrx_word' id='word_1_240' title='bbox 1247 1042 1325 1078; x_wconf 87' lang='lat' dir='ltr'><strong>tum)</strong></span> <span class='ocrx_word' id='word_1_241' title='bbox 1354 1042 1384 1069; x_wconf 92' lang='lat' dir='ltr'>D</span> <span class='ocrx_word' id='word_1_242' title='bbox 1407 1047 1437 1070; x_wconf 85' lang='lat' dir='ltr'><strong>et</strong></span> <span class='ocrx_word' id='word_1_243' title='bbox 1457 1044 1495 1081; x_wconf 71' lang='grc' dir='ltr'>χὸ</span> <span class='ocrx_word' id='word_1_244' title='bbox 1514 1046 1559 1072; x_wconf 74' lang='lat' dir='ltr'><strong>sic</strong></span> <span class='ocrx_word' id='word_1_245' title='bbox 1579 1055 1665 1079; x_wconf 78' lang='lat' dir='ltr'><strong>cum,</strong></span> <span class='ocrx_word' id='word_1_246' title='bbox 1687 1045 1711 1073; x_wconf 95' lang='lat' dir='ltr'>C</span> <span class='ocrx_word' id='word_1_247' title='bbox 1731 1046 1767 1072; x_wconf 85' lang='lat' dir='ltr'><strong>si.</strong></span> <span class='ocrx_word' id='word_1_248' title='bbox 1787 1058 1825 1064; x_wconf 92' lang='lat'><strong>-·</strong></span> <span class='ocrx_word' id='word_1_249' title='bbox 1863 1042 1957 1081; x_wconf 85' lang='lat' dir='ltr'><strong>nihil)</strong></span> 
     </span>
     <span class='ocr_line' id='line_1_20' title="bbox 84 1088 1564 1130; baseline 0 -11"><span class='ocrx_word' id='word_1_250' title='bbox 84 1091 132 1126; x_wconf 71' lang='lat' dir='ltr'><strong>Le</strong></span> <span class='ocrx_word' id='word_1_251' title='bbox 150 1091 211 1122; x_wconf 85' lang='lat' dir='ltr'><strong>nil,</strong></span> <span class='ocrx_word' id='word_1_252' title='bbox 233 1089 257 1117; x_wconf 92' lang='lat' dir='ltr'>C</span> <span class='ocrx_word' id='word_1_253' title='bbox 278 1095 352 1116; x_wconf 83' lang='lat' dir='ltr'><strong>tunc</strong></span> <span class='ocrx_word' id='word_1_254' title='bbox 371 1088 460 1117; x_wconf 73' lang='lat' dir='ltr'><strong>nihil.</strong></span> <span class='ocrx_word' id='word_1_255' title='bbox 479 1102 517 1109; x_wconf 89' lang='lat'><strong>—·</strong></span> <span class='ocrx_word' id='word_1_256' title='bbox 554 1089 695 1119; x_wconf 87' lang='lat' dir='ltr'><strong>homines</strong></span> <span class='ocrx_word' id='word_1_257' title='bbox 715 1091 811 1130; x_wconf 87' lang='lat' dir='ltr'><strong>aliud)</strong></span> <span class='ocrx_word' id='word_1_258' title='bbox 833 1091 878 1120; x_wconf 91' lang='lat' dir='ltr'><strong>Pb</strong></span> <span class='ocrx_word' id='word_1_259' title='bbox 900 1096 931 1119; x_wconf 90' lang='lat' dir='ltr'><strong>et</strong></span> <span class='ocrx_word' id='word_1_260' title='bbox 950 1091 992 1119; x_wconf 86' lang='lat' dir='ltr'><strong>Pe</strong></span> <span class='ocrx_word' id='word_1_261' title='bbox 1013 1090 1103 1118; x_wconf 69' lang='lat' dir='ltr'><strong>allud</strong></span> <span class='ocrx_word' id='word_1_262' title='bbox 1121 1088 1276 1125; x_wconf 72' lang='lat' dir='ltr'><strong>homines,</strong></span> <span class='ocrx_word' id='word_1_263' title='bbox 1297 1090 1337 1117; x_wconf 60' lang='lat'><strong>12¹1</strong></span> <span class='ocrx_word' id='word_1_264' title='bbox 1360 1090 1506 1119; x_wconf 76' lang='lat' dir='ltr'><strong>homines.</strong></span> <span class='ocrx_word' id='word_1_265' title='bbox 1526 1106 1564 1113; x_wconf 88' lang='lat'>—</span> 
     </span>
    </p>
   </div>
   <div class='ocr_carea' id='block_1_6' title="bbox 83 1147 1958 1425">
    <p class='ocr_par' dir='ltr' id='par_1_6' title="bbox 83 1147 1958 1425">
     <span class='ocr_line' id='line_1_21' title="bbox 158 1147 1957 1187; baseline 0.001 -12"><span class='ocrx_word' id='word_1_266' title='bbox 158 1147 337 1183; x_wconf 81' lang='lat' dir='ltr'><strong>Frumenti)</strong></span> <span class='ocrx_word' id='word_1_267' title='bbox 357 1147 404 1174; x_wconf 86' lang='lat' dir='ltr'><strong>La</strong></span> <span class='ocrx_word' id='word_1_268' title='bbox 424 1151 455 1175; x_wconf 87' lang='lat' dir='ltr'><strong>et</strong></span> <span class='ocrx_word' id='word_1_269' title='bbox 475 1154 500 1185; x_wconf 79' lang='grc' dir='ltr'><em>ψ</em></span> <span class='ocrx_word' id='word_1_270' title='bbox 512 1147 729 1187; x_wconf 86' lang='lat' dir='ltr'><strong>frumentum,</strong></span> <span class='ocrx_word' id='word_1_271' title='bbox 760 1155 806 1178; x_wconf 84' lang='lat' dir='ltr'><strong>set</strong></span> <span class='ocrx_word' id='word_1_272' title='bbox 827 1149 860 1177; x_wconf 89' lang='lat' dir='ltr'><strong>in</strong></span> <span class='ocrx_word' id='word_1_273' title='bbox 880 1149 927 1177; x_wconf 91' lang='lat' dir='ltr'><strong>La</strong></span> <span class='ocrx_word' id='word_1_274' title='bbox 947 1158 1064 1186; x_wconf 85' lang='lat' dir='ltr'><strong>supers.</strong></span> <span class='ocrx_word' id='word_1_275' title='bbox 1078 1147 1245 1185; x_wconf 57' lang='lat' dir='ltr'><strong>frumenti.</strong></span> <span class='ocrx_word' id='word_1_276' title='bbox 1265 1163 1303 1168; x_wconf 95' lang='lat'><strong>-—-</strong></span> <span class='ocrx_word' id='word_1_277' title='bbox 1340 1159 1418 1176; x_wconf 81' lang='lat' dir='ltr'><strong>max.</strong></span> <span class='ocrx_word' id='word_1_278' title='bbox 1440 1148 1534 1187; x_wconf 76' lang='lat' dir='ltr'><strong>num)</strong></span> <span class='ocrx_word' id='word_1_279' title='bbox 1561 1150 1614 1177; x_wconf 89' lang='lat' dir='ltr'><strong>Ma</strong></span> <span class='ocrx_word' id='word_1_280' title='bbox 1633 1151 1899 1178; x_wconf 80' lang='lat' dir='ltr'><strong>maximumerum.</strong></span> <span class='ocrx_word' id='word_1_281' title='bbox 1920 1165 1957 1170; x_wconf 91' lang='lat'>—</span> 
     </span>
     <span class='ocr_line' id='line_1_22' title="bbox 83 1194 1957 1234; baseline -0.001 -10"><span class='ocrx_word' id='word_1_282' title='bbox 83 1194 237 1233; x_wconf 82' lang='lat' dir='ltr'><strong>miseram)</strong></span> <span class='ocrx_word' id='word_1_283' title='bbox 257 1206 275 1227; x_wconf 85' lang='grc' dir='ltr'><em>ς</em></span> <span class='ocrx_word' id='word_1_284' title='bbox 295 1194 556 1230; x_wconf 76' lang='lat' dir='ltr'><strong>misericordiam,</strong></span> <span class='ocrx_word' id='word_1_285' title='bbox 576 1207 602 1234; x_wconf 82' lang='grc' dir='ltr'><strong><em>ψ</em></strong></span> <span class='ocrx_word' id='word_1_286' title='bbox 621 1200 775 1226; x_wconf 82' lang='lat' dir='ltr'><strong>miserum.</strong></span> <span class='ocrx_word' id='word_1_287' title='bbox 794 1213 833 1218; x_wconf 92' lang='lat'>—</span> <span class='ocrx_word' id='word_1_288' title='bbox 871 1195 1129 1234; x_wconf 77' lang='lat' dir='ltr'><strong>negotiatoribus)</strong></span> <span class='ocrx_word' id='word_1_289' title='bbox 1150 1196 1198 1224; x_wconf 94' lang='lat' dir='ltr'><strong>Lb</strong></span> <span class='ocrx_word' id='word_1_290' title='bbox 1220 1197 1499 1233; x_wconf 68' lang='lat' dir='ltr'><strong>negotiationibus,</strong></span> <span class='ocrx_word' id='word_1_291' title='bbox 1528 1197 1551 1224; x_wconf 94' lang='lat' dir='ltr'>C</span> <span class='ocrx_word' id='word_1_292' title='bbox 1574 1208 1641 1233; x_wconf 86' lang='lat' dir='ltr'><strong>om,</strong></span> <span class='ocrx_word' id='word_1_293' title='bbox 1663 1197 1704 1226; x_wconf 87' lang='lat' dir='ltr'><strong>F1</strong></span> <span class='ocrx_word' id='word_1_294' title='bbox 1727 1196 1957 1224; x_wconf 74' lang='lat' dir='ltr'><strong>mercatoribus.</strong></span> 
     </span>
     <span class='ocr_line' id='line_1_23' title="bbox 83 1242 1958 1283; baseline 0.001 -12"><span class='ocrx_word' id='word_1_295' title='bbox 83 1259 122 1264; x_wconf 98' lang='lat'>—</span> <span class='ocrx_word' id='word_1_296' title='bbox 141 1242 247 1281; x_wconf 86' lang='lat' dir='ltr'><strong>comis)</strong></span> <span class='ocrx_word' id='word_1_297' title='bbox 263 1242 313 1275; x_wconf 29' lang='lat' dir='ltr'><strong>,La</strong></span> <span class='ocrx_word' id='word_1_298' title='bbox 332 1252 428 1269; x_wconf 73' lang='lat' dir='ltr'><strong>comes</strong></span> <span class='ocrx_word' id='word_1_299' title='bbox 450 1252 518 1270; x_wconf 89' lang='lat' dir='ltr'><strong>cum</strong></span> <span class='ocrx_word' id='word_1_300' title='bbox 538 1244 576 1281; x_wconf 82' lang='lat' dir='ltr'><strong>gl.</strong></span> <span class='ocrx_word' id='word_1_301' title='bbox 598 1247 697 1273; x_wconf 75' lang='lat' dir='ltr'><strong>comis.</strong></span> <span class='ocrx_word' id='word_1_302' title='bbox 716 1261 755 1266; x_wconf 91' lang='lat'>—</span> <span class='ocrx_word' id='word_1_303' title='bbox 792 1243 1027 1282; x_wconf 81' lang='lat' dir='ltr'><strong>mercatoribus)</strong></span> <span class='ocrx_word' id='word_1_304' title='bbox 1047 1243 1089 1270; x_wconf 66' lang='lat'><strong>1³1</strong></span> <span class='ocrx_word' id='word_1_305' title='bbox 1113 1243 1366 1280; x_wconf 75' lang='lat' dir='ltr'><strong>negotiatoribus.</strong></span> <span class='ocrx_word' id='word_1_306' title='bbox 1386 1260 1423 1265; x_wconf 86' lang='lat'><strong>--</strong></span> <span class='ocrx_word' id='word_1_307' title='bbox 1462 1243 1668 1283; x_wconf 84' lang='lat' dir='ltr'><strong>mancipibus)</strong></span> <span class='ocrx_word' id='word_1_308' title='bbox 1689 1245 1739 1272; x_wconf 84' lang='lat' dir='ltr'><strong>Sic</strong></span> <span class='ocrx_word' id='word_1_309' title='bbox 1759 1244 1805 1280; x_wconf 66' lang='lat'><strong>133</strong></span> <span class='ocrx_word' id='word_1_310' title='bbox 1833 1244 1886 1279; x_wconf 82' lang='lat' dir='ltr'><strong>La,</strong></span> <span class='ocrx_word' id='word_1_311' title='bbox 1910 1244 1958 1277; x_wconf 85' lang='lat' dir='ltr'><strong>Pa,</strong></span> 
     </span>
     <span class='ocr_line' id='line_1_24' title="bbox 84 1289 1958 1330; baseline 0 -12"><span class='ocrx_word' id='word_1_312' title='bbox 84 1295 115 1319; x_wconf 86' lang='lat' dir='ltr'><strong>et</strong></span> <span class='ocrx_word' id='word_1_313' title='bbox 130 1298 154 1328; x_wconf 81' lang='grc' dir='ltr'><em>ψ</em></span> <span class='ocrx_word' id='word_1_314' title='bbox 168 1292 356 1327; x_wconf 63' lang='lat' dir='ltr'><strong>municipii-⁹,</strong></span> <span class='ocrx_word' id='word_1_315' title='bbox 377 1294 423 1317; x_wconf 79' lang='lat' dir='ltr'><strong>set</strong></span> <span class='ocrx_word' id='word_1_316' title='bbox 440 1289 473 1317; x_wconf 89' lang='lat' dir='ltr'><strong>in</strong></span> <span class='ocrx_word' id='word_1_317' title='bbox 488 1290 535 1318; x_wconf 82' lang='lat' dir='ltr'><strong>La</strong></span> <span class='ocrx_word' id='word_1_318' title='bbox 549 1302 664 1329; x_wconf 85' lang='lat' dir='ltr'><strong>supers.</strong></span> <span class='ocrx_word' id='word_1_319' title='bbox 683 1292 912 1328; x_wconf 78' lang='lat' dir='ltr'><strong>munieipilms;</strong></span> <span class='ocrx_word' id='word_1_320' title='bbox 933 1292 969 1319; x_wconf 84' lang='lat' dir='ltr'><strong>de</strong></span> <span class='ocrx_word' id='word_1_321' title='bbox 987 1292 1012 1319; x_wconf 94' lang='lat' dir='ltr'>B</span> <span class='ocrx_word' id='word_1_322' title='bbox 1030 1295 1166 1327; x_wconf 69' lang='lat' dir='ltr'><strong>tacetur,</strong></span> <span class='ocrx_word' id='word_1_323' title='bbox 1187 1291 1283 1319; x_wconf 77' lang='lat' dir='ltr'><strong>ceteri</strong></span> <span class='ocrx_word' id='word_1_324' title='bbox 1299 1293 1562 1329; x_wconf 72' lang='lat' dir='ltr'><strong>municipibus.—</strong></span> <span class='ocrx_word' id='word_1_325' title='bbox 1582 1291 1737 1330; x_wconf 87' lang='lat' dir='ltr'><strong>omnibus)</strong></span> <span class='ocrx_word' id='word_1_326' title='bbox 1754 1294 1797 1320; x_wconf 80' lang='lat' dir='ltr'><strong>Pa</strong></span> <span class='ocrx_word' id='word_1_327' title='bbox 1811 1291 1958 1326; x_wconf 75' lang='lat' dir='ltr'><strong>omnibus,</strong></span> 
     </span>
     <span class='ocr_line' id='line_1_25' title="bbox 84 1336 1958 1379; baseline 0 -13"><span class='ocrx_word' id='word_1_328' title='bbox 84 1339 233 1366; x_wconf 77' lang='lat' dir='ltr'><strong>omnibus.</strong></span> <span class='ocrx_word' id='word_1_329' title='bbox 253 1353 291 1359; x_wconf 91' lang='lat'><strong>—-</strong></span> <span class='ocrx_word' id='word_1_330' title='bbox 328 1336 425 1376; x_wconf 86' lang='lat' dir='ltr'><strong>uisus)</strong></span> <span class='ocrx_word' id='word_1_331' title='bbox 445 1338 470 1366; x_wconf 92' lang='lat' dir='ltr'><strong>E</strong></span> <span class='ocrx_word' id='word_1_332' title='bbox 491 1349 574 1367; x_wconf 80' lang='lat' dir='ltr'><strong>usus.</strong></span> <span class='ocrx_word' id='word_1_333' title='bbox 594 1356 631 1360; x_wconf 97' lang='lat'><strong>—</strong></span> <span class='ocrx_word' id='word_1_334' title='bbox 669 1340 702 1367; x_wconf 88' lang='lat' dir='ltr'><strong>in</strong></span> <span class='ocrx_word' id='word_1_335' title='bbox 723 1338 819 1377; x_wconf 88' lang='lat' dir='ltr'><strong>omni)</strong></span> <span class='ocrx_word' id='word_1_336' title='bbox 840 1339 895 1374; x_wconf 86' lang='lat' dir='ltr'><strong>La,</strong></span> <span class='ocrx_word' id='word_1_337' title='bbox 915 1339 974 1374; x_wconf 84' lang='lat' dir='ltr'><strong>Lb,</strong></span> <span class='ocrx_word' id='word_1_338' title='bbox 996 1343 1026 1366; x_wconf 85' lang='lat' dir='ltr'><strong>et</strong></span> <span class='ocrx_word' id='word_1_339' title='bbox 1044 1339 1086 1366; x_wconf 86' lang='lat' dir='ltr'><strong>Pa</strong></span> <span class='ocrx_word' id='word_1_340' title='bbox 1106 1340 1191 1366; x_wconf 69' lang='lat' dir='ltr'><strong>omni</strong></span> <span class='ocrx_word' id='word_1_341' title='bbox 1209 1340 1252 1367; x_wconf 82' lang='lat' dir='ltr'><strong>in.</strong></span> <span class='ocrx_word' id='word_1_342' title='bbox 1272 1354 1310 1361; x_wconf 82' lang='lat'><strong>-—-</strong></span> <span class='ocrx_word' id='word_1_343' title='bbox 1349 1340 1483 1379; x_wconf 84' lang='lat' dir='ltr'><strong>quidam)</strong></span> <span class='ocrx_word' id='word_1_344' title='bbox 1504 1341 1549 1368; x_wconf 91' lang='lat' dir='ltr'><strong>La</strong></span> <span class='ocrx_word' id='word_1_345' title='bbox 1570 1346 1599 1368; x_wconf 85' lang='lat' dir='ltr'><strong>et</strong></span> <span class='ocrx_word' id='word_1_346' title='bbox 1621 1341 1658 1378; x_wconf 75' lang='grc' dir='ltr'><strong>χ3</strong></span> <span class='ocrx_word' id='word_1_347' title='bbox 1679 1341 1811 1379; x_wconf 78' lang='lat' dir='ltr'><strong>quidem.</strong></span> <span class='ocrx_word' id='word_1_348' title='bbox 1830 1355 1868 1361; x_wconf 94' lang='lat'>—</span> <span class='ocrx_word' id='word_1_349' title='bbox 1908 1339 1958 1366; x_wconf 81' lang='lat' dir='ltr'><strong>si-</strong></span> 
     </span>
     <span class='ocr_line' id='line_1_26' title="bbox 85 1385 1586 1425; baseline 0.003 -13"><span class='ocrx_word' id='word_1_350' title='bbox 85 1385 175 1423; x_wconf 86' lang='lat' dir='ltr'><strong>culis)</strong></span> <span class='ocrx_word' id='word_1_351' title='bbox 195 1386 219 1413; x_wconf 93' lang='lat' dir='ltr'>C</span> <span class='ocrx_word' id='word_1_352' title='bbox 239 1385 349 1414; x_wconf 72' lang='lat' dir='ltr'><strong>Siculo.</strong></span> <span class='ocrx_word' id='word_1_353' title='bbox 369 1399 406 1406; x_wconf 87' lang='lat'><strong>—-</strong></span> <span class='ocrx_word' id='word_1_354' title='bbox 444 1385 578 1414; x_wconf 86' lang='lat' dir='ltr'><strong>honores</strong></span> <span class='ocrx_word' id='word_1_355' title='bbox 598 1387 630 1414; x_wconf 87' lang='lat' dir='ltr'><strong>in</strong></span> <span class='ocrx_word' id='word_1_356' title='bbox 650 1397 698 1414; x_wconf 88' lang='lat' dir='ltr'><strong>mc</strong></span> <span class='ocrx_word' id='word_1_357' title='bbox 719 1386 863 1425; x_wconf 87' lang='lat' dir='ltr'><strong>inauditi)</strong></span> <span class='ocrx_word' id='word_1_358' title='bbox 884 1386 934 1414; x_wconf 87' lang='lat' dir='ltr'><strong>Sic</strong></span> <span class='ocrx_word' id='word_1_359' title='bbox 955 1387 980 1414; x_wconf 89' lang='lat' dir='ltr'>B</span> <span class='ocrx_word' id='word_1_360' title='bbox 1001 1391 1031 1414; x_wconf 88' lang='lat' dir='ltr'><strong>et</strong></span> <span class='ocrx_word' id='word_1_361' title='bbox 1052 1386 1094 1422; x_wconf 72' lang='lat' dir='ltr'><strong>E,</strong></span> <span class='ocrx_word' id='word_1_362' title='bbox 1115 1385 1210 1413; x_wconf 83' lang='lat' dir='ltr'><strong>ceteri</strong></span> <span class='ocrx_word' id='word_1_363' title='bbox 1232 1386 1359 1415; x_wconf 73' lang='lat' dir='ltr'><strong>honores</strong></span> <span class='ocrx_word' id='word_1_364' title='bbox 1381 1389 1527 1417; x_wconf 53' lang='lat' dir='ltr'><strong>inauditi,</strong></span> <span class='ocrx_word' id='word_1_365' title='bbox 1547 1403 1586 1409; x_wconf 92' lang='lat'>—</span> 
     </span>
    </p>
   </div>
   <div class='ocr_carea' id='block_1_7' title="bbox 86 1440 1960 1770">
    <p class='ocr_par' dir='ltr' id='par_1_7' title="bbox 86 1440 1960 1770">
     <span class='ocr_line' id='line_1_27' title="bbox 159 1440 1958 1484; baseline 0.001 -14"><span class='ocrx_word' id='word_1_366' title='bbox 159 1440 186 1481; x_wconf 82' lang='lat'><strong>§.</strong></span> <span class='ocrx_word' id='word_1_367' title='bbox 207 1442 252 1470; x_wconf 76' lang='lat'><strong>65.</strong></span> <span class='ocrx_word' id='word_1_368' title='bbox 273 1443 470 1482; x_wconf 86' lang='lat' dir='ltr'><strong>decedebam)</strong></span> <span class='ocrx_word' id='word_1_369' title='bbox 490 1444 531 1472; x_wconf 83' lang='lat' dir='ltr'><strong>Pa</strong></span> <span class='ocrx_word' id='word_1_370' title='bbox 553 1449 582 1472; x_wconf 85' lang='lat' dir='ltr'><strong>et</strong></span> <span class='ocrx_word' id='word_1_371' title='bbox 602 1455 620 1476; x_wconf 87' lang='grc' dir='ltr'>ς</span> <span class='ocrx_word' id='word_1_372' title='bbox 640 1445 799 1478; x_wconf 75' lang='lat' dir='ltr'><strong>decebam,</strong></span> <span class='ocrx_word' id='word_1_373' title='bbox 827 1444 850 1473; x_wconf 90' lang='lat' dir='ltr'>C</span> <span class='ocrx_word' id='word_1_374' title='bbox 872 1444 1024 1472; x_wconf 76' lang='lat' dir='ltr'><strong>docebam.</strong></span> <span class='ocrx_word' id='word_1_375' title='bbox 1044 1459 1082 1464; x_wconf 90' lang='lat'>—</span> <span class='ocrx_word' id='word_1_376' title='bbox 1120 1442 1210 1478; x_wconf 86' lang='lat' dir='ltr'><strong>mihi)</strong></span> <span class='ocrx_word' id='word_1_377' title='bbox 1237 1444 1289 1470; x_wconf 87' lang='lat' dir='ltr'><strong>Mc</strong></span> <span class='ocrx_word' id='word_1_378' title='bbox 1311 1445 1398 1473; x_wconf 62' lang='lat' dir='ltr'><strong>nihil.</strong></span> <span class='ocrx_word' id='word_1_379' title='bbox 1417 1462 1456 1467; x_wconf 88' lang='lat'>—</span> <span class='ocrx_word' id='word_1_380' title='bbox 1493 1446 1589 1484; x_wconf 84' lang='lat' dir='ltr'><strong>ultro)</strong></span> <span class='ocrx_word' id='word_1_381' title='bbox 1617 1446 1654 1484; x_wconf 70' lang='lat'><strong>23</strong></span> <span class='ocrx_word' id='word_1_382' title='bbox 1675 1446 1771 1474; x_wconf 76' lang='lat' dir='ltr'><strong>ultra.</strong></span> <span class='ocrx_word' id='word_1_383' title='bbox 1792 1460 1829 1467; x_wconf 91' lang='lat'><strong>—-</strong></span> <span class='ocrx_word' id='word_1_384' title='bbox 1867 1449 1958 1483; x_wconf 86' lang='lat' dir='ltr'><strong>puta-</strong></span> 
     </span>
     <span class='ocr_line' id='line_1_28' title="bbox 86 1489 1959 1533; baseline 0.002 -16"><span class='ocrx_word' id='word_1_385' title='bbox 86 1489 164 1528; x_wconf 88' lang='lat' dir='ltr'><strong>rem)</strong></span> <span class='ocrx_word' id='word_1_386' title='bbox 184 1491 221 1528; x_wconf 80' lang='grc' dir='ltr'><strong>χ5</strong></span> <span class='ocrx_word' id='word_1_387' title='bbox 236 1493 361 1527; x_wconf 74' lang='lat' dir='ltr'><strong>putaui.</strong></span> <span class='ocrx_word' id='word_1_388' title='bbox 378 1506 417 1513; x_wconf 96' lang='lat'>—</span> <span class='ocrx_word' id='word_1_389' title='bbox 455 1491 555 1530; x_wconf 83' lang='lat' dir='ltr'><strong>causa)</strong></span> <span class='ocrx_word' id='word_1_390' title='bbox 573 1493 618 1520; x_wconf 91' lang='lat' dir='ltr'><strong>La</strong></span> <span class='ocrx_word' id='word_1_391' title='bbox 634 1494 746 1531; x_wconf 76' lang='lat' dir='ltr'><strong>gratia</strong></span> <span class='ocrx_word' id='word_1_392' title='bbox 767 1503 835 1521; x_wconf 90' lang='lat' dir='ltr'><strong>eum</strong></span> <span class='ocrx_word' id='word_1_393' title='bbox 856 1493 895 1530; x_wconf 78' lang='lat' dir='ltr'><strong>gl.</strong></span> <span class='ocrx_word' id='word_1_394' title='bbox 922 1503 1029 1525; x_wconf 71' lang='lat' dir='ltr'><strong>cuum.</strong></span> <span class='ocrx_word' id='word_1_395' title='bbox 1049 1507 1086 1513; x_wconf 93' lang='lat'>—</span> <span class='ocrx_word' id='word_1_396' title='bbox 1125 1490 1288 1529; x_wconf 80' lang='lat' dir='ltr'><strong>decedens)</strong></span> <span class='ocrx_word' id='word_1_397' title='bbox 1314 1502 1332 1522; x_wconf 84' lang='grc' dir='ltr'><em>ς</em></span> <span class='ocrx_word' id='word_1_398' title='bbox 1354 1491 1466 1520; x_wconf 67' lang='lat' dir='ltr'><strong>dicens.</strong></span> <span class='ocrx_word' id='word_1_399' title='bbox 1487 1507 1524 1512; x_wconf 83' lang='lat'><strong>—-</strong></span> <span class='ocrx_word' id='word_1_400' title='bbox 1563 1494 1591 1533; x_wconf 90' lang='lat' dir='ltr'><strong>e)</strong></span> <span class='ocrx_word' id='word_1_401' title='bbox 1611 1495 1670 1529; x_wconf 84' lang='lat' dir='ltr'><strong>Lb,</strong></span> <span class='ocrx_word' id='word_1_402' title='bbox 1693 1495 1726 1529; x_wconf 89' lang='lat' dir='ltr'><strong>C,</strong></span> <span class='ocrx_word' id='word_1_403' title='bbox 1748 1498 1777 1520; x_wconf 84' lang='lat' dir='ltr'><strong>et</strong></span> <span class='ocrx_word' id='word_1_404' title='bbox 1798 1502 1832 1530; x_wconf 78' lang='grc' dir='ltr'><strong>χι</strong></span> <span class='ocrx_word' id='word_1_405' title='bbox 1856 1503 1900 1520; x_wconf 84' lang='lat' dir='ltr'><strong>ex.</strong></span> <span class='ocrx_word' id='word_1_406' title='bbox 1921 1507 1959 1513; x_wconf 93' lang='lat'><strong>—-</strong></span> 
     </span>
     <span class='ocr_line' id='line_1_29' title="bbox 86 1537 1957 1578; baseline 0.001 -13"><span class='ocrx_word' id='word_1_407' title='bbox 86 1537 246 1575; x_wconf 82' lang='lat' dir='ltr'><strong>Puteolos)</strong></span> <span class='ocrx_word' id='word_1_408' title='bbox 265 1538 311 1566; x_wconf 82' lang='lat' dir='ltr'><strong>La</strong></span> <span class='ocrx_word' id='word_1_409' title='bbox 332 1549 400 1567; x_wconf 90' lang='lat' dir='ltr'><strong>cum</strong></span> <span class='ocrx_word' id='word_1_410' title='bbox 421 1539 459 1576; x_wconf 83' lang='lat' dir='ltr'><strong>gl.</strong></span> <span class='ocrx_word' id='word_1_411' title='bbox 481 1541 639 1575; x_wconf 75' lang='lat' dir='ltr'><strong>Puteolis,</strong></span> <span class='ocrx_word' id='word_1_412' title='bbox 660 1547 685 1578; x_wconf 77' lang='grc' dir='ltr'><em>ψ</em></span> <span class='ocrx_word' id='word_1_413' title='bbox 706 1542 866 1576; x_wconf 73' lang='lat' dir='ltr'><strong>Puteolis,</strong></span> <span class='ocrx_word' id='word_1_414' title='bbox 886 1542 939 1569; x_wconf 86' lang='lat' dir='ltr'><strong>Ma</strong></span> <span class='ocrx_word' id='word_1_415' title='bbox 952 1540 1087 1577; x_wconf 71' lang='lat' dir='ltr'><strong>puteolo.</strong></span> <span class='ocrx_word' id='word_1_416' title='bbox 1107 1554 1147 1559; x_wconf 89' lang='lat'>—</span> <span class='ocrx_word' id='word_1_417' title='bbox 1184 1537 1278 1576; x_wconf 76' lang='lat' dir='ltr'><strong>forte)</strong></span> <span class='ocrx_word' id='word_1_418' title='bbox 1298 1540 1349 1566; x_wconf 85' lang='lat' dir='ltr'><strong>Mc</strong></span> <span class='ocrx_word' id='word_1_419' title='bbox 1362 1539 1513 1576; x_wconf 78' lang='lat' dir='ltr'><strong>sortasse.</strong></span> <span class='ocrx_word' id='word_1_420' title='bbox 1529 1557 1567 1561; x_wconf 91' lang='lat'><strong>-—</strong></span> <span class='ocrx_word' id='word_1_421' title='bbox 1607 1541 1647 1578; x_wconf 89' lang='lat' dir='ltr'><strong>ct)</strong></span> <span class='ocrx_word' id='word_1_422' title='bbox 1669 1542 1692 1569; x_wconf 88' lang='lat' dir='ltr'>C</span> <span class='ocrx_word' id='word_1_423' title='bbox 1714 1543 1815 1569; x_wconf 72' lang='lat' dir='ltr'><strong>etiam.</strong></span> <span class='ocrx_word' id='word_1_424' title='bbox 1833 1555 1870 1560; x_wconf 89' lang='lat'><strong>—</strong></span> <span class='ocrx_word' id='word_1_425' title='bbox 1891 1540 1957 1567; x_wconf 89' lang='lat' dir='ltr'><strong>lau—</strong></span> 
     </span>
     <span class='ocr_line' id='line_1_30' title="bbox 87 1583 1959 1627; baseline 0.002 -15"><span class='ocrx_word' id='word_1_426' title='bbox 87 1583 212 1622; x_wconf 84' lang='lat' dir='ltr'><strong>tissimi)</strong></span> <span class='ocrx_word' id='word_1_427' title='bbox 232 1585 278 1612; x_wconf 79' lang='lat' dir='ltr'><strong>La</strong></span> <span class='ocrx_word' id='word_1_428' title='bbox 297 1589 487 1615; x_wconf 75' lang='lat' dir='ltr'><strong>sanc-tissimi</strong></span> <span class='ocrx_word' id='word_1_429' title='bbox 514 1598 582 1615; x_wconf 89' lang='lat' dir='ltr'><strong>cum</strong></span> <span class='ocrx_word' id='word_1_430' title='bbox 603 1588 641 1625; x_wconf 73' lang='lat' dir='ltr'><strong>gl.</strong></span> <span class='ocrx_word' id='word_1_431' title='bbox 668 1590 852 1624; x_wconf 68' lang='lat' dir='ltr'><strong>lautissimi,</strong></span> <span class='ocrx_word' id='word_1_432' title='bbox 886 1589 924 1626; x_wconf 70' lang='lat'><strong>23</strong></span> <span class='ocrx_word' id='word_1_433' title='bbox 954 1588 1178 1616; x_wconf 73' lang='lat' dir='ltr'><strong>laudm-issimi.</strong></span> <span class='ocrx_word' id='word_1_434' title='bbox 1198 1601 1236 1607; x_wconf 91' lang='lat'>—</span> <span class='ocrx_word' id='word_1_435' title='bbox 1274 1586 1307 1613; x_wconf 90' lang='lat' dir='ltr'><strong>in</strong></span> <span class='ocrx_word' id='word_1_436' title='bbox 1335 1586 1372 1614; x_wconf 88' lang='lat' dir='ltr'><strong>iis</strong></span> <span class='ocrx_word' id='word_1_437' title='bbox 1400 1587 1476 1615; x_wconf 82' lang='lat' dir='ltr'><strong>loeis</strong></span> <span class='ocrx_word' id='word_1_438' title='bbox 1505 1589 1606 1617; x_wconf 85' lang='lat' dir='ltr'><strong>solent</strong></span> <span class='ocrx_word' id='word_1_439' title='bbox 1634 1590 1711 1627; x_wconf 85' lang='lat' dir='ltr'><strong>esse)</strong></span> <span class='ocrx_word' id='word_1_440' title='bbox 1747 1588 1797 1616; x_wconf 75' lang='lat' dir='ltr'><strong>Sic</strong></span> <span class='ocrx_word' id='word_1_441' title='bbox 1818 1589 1841 1615; x_wconf 85' lang='lat' dir='ltr'>B</span> <span class='ocrx_word' id='word_1_442' title='bbox 1863 1594 1892 1615; x_wconf 87' lang='lat' dir='ltr'><strong>et</strong></span> <span class='ocrx_word' id='word_1_443' title='bbox 1914 1588 1959 1624; x_wconf 70' lang='lat' dir='ltr'><strong>E,</strong></span> 
     </span>
     <span class='ocr_line' id='line_1_31' title="bbox 88 1632 1960 1669; baseline 0.002 -9"><span class='ocrx_word' id='word_1_444' title='bbox 88 1632 134 1660; x_wconf 89' lang='lat' dir='ltr'><strong>La</strong></span> <span class='ocrx_word' id='word_1_445' title='bbox 155 1643 216 1659; x_wconf 63' lang='lat' dir='ltr'><strong>essi·</strong></span> <span class='ocrx_word' id='word_1_446' title='bbox 236 1634 333 1661; x_wconf 78' lang='lat' dir='ltr'><strong>solent</strong></span> <span class='ocrx_word' id='word_1_447' title='bbox 352 1635 385 1661; x_wconf 85' lang='lat' dir='ltr'><strong>in</strong></span> <span class='ocrx_word' id='word_1_448' title='bbox 407 1636 446 1662; x_wconf 75' lang='lat' dir='ltr'><strong>iis</strong></span> <span class='ocrx_word' id='word_1_449' title='bbox 466 1636 559 1669; x_wconf 76' lang='lat' dir='ltr'><strong>locis;</strong></span> <span class='ocrx_word' id='word_1_450' title='bbox 586 1636 635 1663; x_wconf 91' lang='lat' dir='ltr'><strong>Lb</strong></span> <span class='ocrx_word' id='word_1_451' title='bbox 657 1642 690 1663; x_wconf 81' lang='lat' dir='ltr'><strong>ut</strong></span> <span class='ocrx_word' id='word_1_452' title='bbox 711 1638 785 1664; x_wconf 69' lang='lat' dir='ltr'><strong>solet</strong></span> <span class='ocrx_word' id='word_1_453' title='bbox 808 1647 868 1664; x_wconf 78' lang='lat' dir='ltr'><strong>esse</strong></span> <span class='ocrx_word' id='word_1_454' title='bbox 889 1638 922 1664; x_wconf 76' lang='grc' dir='ltr'><strong>ιἰι</strong></span> <span class='ocrx_word' id='word_1_455' title='bbox 942 1637 982 1664; x_wconf 81' lang='lat' dir='ltr'><strong>iis</strong></span> <span class='ocrx_word' id='word_1_456' title='bbox 1003 1637 1096 1669; x_wconf 56' lang='grc' dir='ltr'><strong>[οι-ὼς</strong></span> <span class='ocrx_word' id='word_1_457' title='bbox 1129 1634 1176 1662; x_wconf 86' lang='lat' dir='ltr'><strong>Le</strong></span> <span class='ocrx_word' id='word_1_458' title='bbox 1195 1638 1291 1661; x_wconf 81' lang='lat' dir='ltr'><strong>solent</strong></span> <span class='ocrx_word' id='word_1_459' title='bbox 1318 1636 1412 1662; x_wconf 71' lang='lat' dir='ltr'><strong>etiam</strong></span> <span class='ocrx_word' id='word_1_460' title='bbox 1432 1637 1466 1663; x_wconf 81' lang='lat' dir='ltr'><strong>in</strong></span> <span class='ocrx_word' id='word_1_461' title='bbox 1486 1637 1526 1664; x_wconf 79' lang='lat' dir='ltr'><strong>iis</strong></span> <span class='ocrx_word' id='word_1_462' title='bbox 1546 1638 1638 1667; x_wconf 60' lang='lat' dir='ltr'><strong>lom,-</strong></span> <span class='ocrx_word' id='word_1_463' title='bbox 1666 1636 1761 1664; x_wconf 87' lang='lat' dir='ltr'><strong>ceteri</strong></span> <span class='ocrx_word' id='word_1_464' title='bbox 1782 1637 1876 1664; x_wconf 76' lang='lat' dir='ltr'><strong>solent</strong></span> <span class='ocrx_word' id='word_1_465' title='bbox 1897 1646 1960 1664; x_wconf 88' lang='lat' dir='ltr'><strong>esse</strong></span> 
     </span>
     <span class='ocr_line' id='line_1_32' title="bbox 87 1680 1959 1723; baseline 0.002 -16"><span class='ocrx_word' id='word_1_466' title='bbox 87 1682 121 1708; x_wconf 83' lang='lat' dir='ltr'><strong>in</strong></span> <span class='ocrx_word' id='word_1_467' title='bbox 141 1681 181 1708; x_wconf 72' lang='lat' dir='ltr'><strong>iis</strong></span> <span class='ocrx_word' id='word_1_468' title='bbox 201 1682 283 1708; x_wconf 74' lang='lat' dir='ltr'><strong>locis.</strong></span> <span class='ocrx_word' id='word_1_469' title='bbox 304 1695 342 1701; x_wconf 82' lang='grc'><strong>-·</strong></span> <span class='ocrx_word' id='word_1_470' title='bbox 379 1680 440 1719; x_wconf 89' lang='lat' dir='ltr'><strong>me)</strong></span> <span class='ocrx_word' id='word_1_471' title='bbox 463 1683 504 1709; x_wconf 83' lang='lat' dir='ltr'><strong>Pa</strong></span> <span class='ocrx_word' id='word_1_472' title='bbox 524 1693 582 1710; x_wconf 89' lang='lat' dir='ltr'><strong>om.</strong></span> <span class='ocrx_word' id='word_1_473' title='bbox 602 1698 641 1703; x_wconf 88' lang='lat'><strong>·-·</strong></span> <span class='ocrx_word' id='word_1_474' title='bbox 679 1683 788 1723; x_wconf 82' lang='lat' dir='ltr'><strong>Roma)</strong></span> <span class='ocrx_word' id='word_1_475' title='bbox 815 1685 870 1712; x_wconf 81' lang='lat' dir='ltr'><strong>Mb</strong></span> <span class='ocrx_word' id='word_1_476' title='bbox 901 1689 930 1711; x_wconf 79' lang='lat' dir='ltr'><strong>ct</strong></span> <span class='ocrx_word' id='word_1_477' title='bbox 950 1685 1002 1712; x_wconf 84' lang='lat' dir='ltr'><strong>Mc</strong></span> <span class='ocrx_word' id='word_1_478' title='bbox 1033 1693 1159 1711; x_wconf 80' lang='lat' dir='ltr'><strong>romam.</strong></span> <span class='ocrx_word' id='word_1_479' title='bbox 1179 1697 1218 1703; x_wconf 92' lang='lat'><strong>—-</strong></span> <span class='ocrx_word' id='word_1_480' title='bbox 1258 1681 1400 1720; x_wconf 78' lang='lat' dir='ltr'><strong>exissem)</strong></span> <span class='ocrx_word' id='word_1_481' title='bbox 1427 1683 1466 1720; x_wconf 66' lang='lat'><strong>23</strong></span> <span class='ocrx_word' id='word_1_482' title='bbox 1493 1685 1611 1712; x_wconf 77' lang='lat' dir='ltr'><strong>exisset.</strong></span> <span class='ocrx_word' id='word_1_483' title='bbox 1631 1698 1669 1705; x_wconf 87' lang='lat'><strong>—·</strong></span> <span class='ocrx_word' id='word_1_484' title='bbox 1707 1694 1780 1712; x_wconf 89' lang='lat' dir='ltr'><strong>num</strong></span> <span class='ocrx_word' id='word_1_485' title='bbox 1803 1682 1959 1722; x_wconf 86' lang='lat' dir='ltr'><strong>quidnam)</strong></span> 
     </span>
     <span class='ocr_line' id='line_1_33' title="bbox 89 1727 1109 1770; baseline 0.004 -16"><span class='ocrx_word' id='word_1_486' title='bbox 89 1727 139 1754; x_wconf 90' lang='lat' dir='ltr'><strong>Sic</strong></span> <span class='ocrx_word' id='word_1_487' title='bbox 161 1727 185 1755; x_wconf 94' lang='lat' dir='ltr'><strong>B</strong></span> <span class='ocrx_word' id='word_1_488' title='bbox 207 1732 237 1754; x_wconf 92' lang='lat' dir='ltr'><strong>et</strong></span> <span class='ocrx_word' id='word_1_489' title='bbox 257 1728 301 1764; x_wconf 78' lang='lat' dir='ltr'><strong>E3</strong></span> <span class='ocrx_word' id='word_1_490' title='bbox 322 1728 417 1755; x_wconf 87' lang='lat' dir='ltr'><strong>ceteri</strong></span> <span class='ocrx_word' id='word_1_491' title='bbox 438 1731 591 1767; x_wconf 74' lang='lat' dir='ltr'><strong>numquid</strong></span> <span class='ocrx_word' id='word_1_492' title='bbox 607 1732 641 1758; x_wconf 80' lang='lat' dir='ltr'><strong>in</strong></span> <span class='ocrx_word' id='word_1_493' title='bbox 661 1741 705 1759; x_wconf 83' lang='lat' dir='ltr'><strong>ea.</strong></span> <span class='ocrx_word' id='word_1_494' title='bbox 725 1746 764 1752; x_wconf 88' lang='lat'>—</span> <span class='ocrx_word' id='word_1_495' title='bbox 804 1730 896 1770; x_wconf 82' lang='lat' dir='ltr'><strong>esset)</strong></span> <span class='ocrx_word' id='word_1_496' title='bbox 919 1732 962 1760; x_wconf 80' lang='lat' dir='ltr'><strong>Pa</strong></span> <span class='ocrx_word' id='word_1_497' title='bbox 982 1741 1051 1759; x_wconf 85' lang='lat' dir='ltr'><strong>esse.</strong></span> <span class='ocrx_word' id='word_1_498' title='bbox 1071 1745 1109 1750; x_wconf 87' lang='lat'><strong>--</strong></span> 
     </span>
    </p>
   </div>
   <div class='ocr_carea' id='block_1_8' title="bbox 89 1785 1958 1922">
    <p class='ocr_par' dir='ltr' id='par_1_8' title="bbox 89 1785 1958 1922">
     <span class='ocr_line' id='line_1_34' title="bbox 162 1785 1958 1829; baseline 0.002 -16"><span class='ocrx_word' id='word_1_499' title='bbox 162 1785 400 1824; x_wconf 86' lang='lat' dir='ltr'><strong>respondissem)</strong></span> <span class='ocrx_word' id='word_1_500' title='bbox 426 1787 464 1824; x_wconf 64' lang='grc' dir='ltr'><strong>χῖ)</strong></span> <span class='ocrx_word' id='word_1_501' title='bbox 491 1788 703 1824; x_wconf 75' lang='lat' dir='ltr'><strong>respondisset.</strong></span> <span class='ocrx_word' id='word_1_502' title='bbox 723 1805 762 1810; x_wconf 89' lang='lat'><strong>·-—</strong></span> <span class='ocrx_word' id='word_1_503' title='bbox 801 1800 848 1818; x_wconf 91' lang='lat' dir='ltr'><strong>me</strong></span> <span class='ocrx_word' id='word_1_504' title='bbox 868 1789 896 1829; x_wconf 87' lang='lat' dir='ltr'><strong>a)</strong></span> <span class='ocrx_word' id='word_1_505' title='bbox 925 1790 975 1817; x_wconf 86' lang='lat' dir='ltr'><strong>Sic</strong></span> <span class='ocrx_word' id='word_1_506' title='bbox 1004 1789 1038 1825; x_wconf 89' lang='lat' dir='ltr'><strong>C,</strong></span> <span class='ocrx_word' id='word_1_507' title='bbox 1058 1789 1099 1825; x_wconf 91' lang='lat' dir='ltr'><strong>II,</strong></span> <span class='ocrx_word' id='word_1_508' title='bbox 1121 1789 1150 1824; x_wconf 90' lang='lat' dir='ltr'><strong>S,</strong></span> <span class='ocrx_word' id='word_1_509' title='bbox 1171 1789 1208 1825; x_wconf 85' lang='lat' dir='ltr'><strong>T,</strong></span> <span class='ocrx_word' id='word_1_510' title='bbox 1228 1799 1255 1824; x_wconf 85' lang='grc' dir='ltr'><strong>ς,</strong></span> <span class='ocrx_word' id='word_1_511' title='bbox 1276 1793 1306 1816; x_wconf 75' lang='lat' dir='ltr'><strong>ct</strong></span> <span class='ocrx_word' id='word_1_512' title='bbox 1326 1789 1381 1827; x_wconf 69' lang='lat'><strong>233</strong></span> <span class='ocrx_word' id='word_1_513' title='bbox 1411 1788 1447 1824; x_wconf 82' lang='lat' dir='ltr'><strong>E,</strong></span> <span class='ocrx_word' id='word_1_514' title='bbox 1468 1789 1523 1823; x_wconf 69' lang='lat' dir='ltr'><strong>La,</strong></span> <span class='ocrx_word' id='word_1_515' title='bbox 1545 1789 1604 1823; x_wconf 76' lang='lat' dir='ltr'><strong>Lb,</strong></span> <span class='ocrx_word' id='word_1_516' title='bbox 1626 1789 1681 1823; x_wconf 70' lang='lat' dir='ltr'><strong>Le,</strong></span> <span class='ocrx_word' id='word_1_517' title='bbox 1702 1789 1751 1824; x_wconf 83' lang='lat' dir='ltr'><strong>Pa,</strong></span> <span class='ocrx_word' id='word_1_518' title='bbox 1772 1789 1825 1825; x_wconf 88' lang='lat' dir='ltr'><strong>Pb,</strong></span> <span class='ocrx_word' id='word_1_519' title='bbox 1847 1790 1896 1823; x_wconf 79' lang='lat' dir='ltr'><strong>Pe,</strong></span> <span class='ocrx_word' id='word_1_520' title='bbox 1917 1790 1958 1824; x_wconf 90' lang='lat' dir='ltr'><strong>D,</strong></span> 
     </span>
     <span class='ocr_line' id='line_1_35' title="bbox 90 1832 1958 1875; baseline 0.003 -15"><span class='ocrx_word' id='word_1_521' title='bbox 90 1832 129 1868; x_wconf 85' lang='lat' dir='ltr'><strong>O,</strong></span> <span class='ocrx_word' id='word_1_522' title='bbox 149 1842 195 1871; x_wconf 80' lang='grc' dir='ltr'><strong>χι,</strong></span> <span class='ocrx_word' id='word_1_523' title='bbox 218 1838 248 1860; x_wconf 89' lang='lat' dir='ltr'><strong>et</strong></span> <span class='ocrx_word' id='word_1_524' title='bbox 268 1840 294 1870; x_wconf 71' lang='grc' dir='ltr'><strong><em>ψ</em></strong></span> <span class='ocrx_word' id='word_1_525' title='bbox 314 1843 381 1861; x_wconf 79' lang='lat' dir='ltr'><strong>mea</strong></span> <span class='ocrx_word' id='word_1_526' title='bbox 403 1844 438 1867; x_wconf 75' lang='lat' dir='ltr'><strong>e;</strong></span> <span class='ocrx_word' id='word_1_527' title='bbox 458 1835 509 1861; x_wconf 86' lang='lat' dir='ltr'><strong>Mc</strong></span> <span class='ocrx_word' id='word_1_528' title='bbox 530 1844 597 1861; x_wconf 84' lang='lat' dir='ltr'><strong>mea</strong></span> <span class='ocrx_word' id='word_1_529' title='bbox 618 1841 681 1869; x_wconf 77' lang='lat' dir='ltr'><strong>est,·</strong></span> <span class='ocrx_word' id='word_1_530' title='bbox 702 1837 797 1865; x_wconf 86' lang='lat' dir='ltr'><strong>ceteri</strong></span> <span class='ocrx_word' id='word_1_531' title='bbox 817 1849 863 1866; x_wconf 83' lang='lat' dir='ltr'><strong>me</strong></span> <span class='ocrx_word' id='word_1_532' title='bbox 884 1849 907 1866; x_wconf 88' lang='lat' dir='ltr'><strong>e.</strong></span> <span class='ocrx_word' id='word_1_533' title='bbox 927 1853 966 1858; x_wconf 87' lang='lat'><strong>-—-</strong></span> <span class='ocrx_word' id='word_1_534' title='bbox 1005 1836 1107 1874; x_wconf 80' lang='lat' dir='ltr'><strong>etiam)</strong></span> <span class='ocrx_word' id='word_1_535' title='bbox 1128 1837 1180 1864; x_wconf 89' lang='lat' dir='ltr'><strong>Mc</strong></span> <span class='ocrx_word' id='word_1_536' title='bbox 1205 1841 1243 1864; x_wconf 86' lang='lat' dir='ltr'><strong>et.</strong></span> <span class='ocrx_word' id='word_1_537' title='bbox 1262 1851 1300 1856; x_wconf 89' lang='lat'><strong>—-</strong></span> <span class='ocrx_word' id='word_1_538' title='bbox 1338 1836 1527 1875; x_wconf 82' lang='lat' dir='ltr'><strong>mehercule)</strong></span> <span class='ocrx_word' id='word_1_539' title='bbox 1548 1836 1598 1863; x_wconf 75' lang='lat' dir='ltr'><strong>Sic</strong></span> <span class='ocrx_word' id='word_1_540' title='bbox 1618 1836 1653 1871; x_wconf 91' lang='lat' dir='ltr'><strong>B,</strong></span> <span class='ocrx_word' id='word_1_541' title='bbox 1673 1836 1710 1872; x_wconf 89' lang='lat' dir='ltr'><strong>E,</strong></span> <span class='ocrx_word' id='word_1_542' title='bbox 1730 1836 1791 1873; x_wconf 88' lang='lat' dir='ltr'><strong>Ma,</strong></span> <span class='ocrx_word' id='word_1_543' title='bbox 1810 1837 1876 1871; x_wconf 83' lang='lat' dir='ltr'><strong>Mb,</strong></span> <span class='ocrx_word' id='word_1_544' title='bbox 1898 1838 1958 1872; x_wconf 83' lang='lat' dir='ltr'><strong>Mc,</strong></span> 
     </span>
     <span class='ocr_line' id='line_1_36' title="bbox 89 1879 1176 1922; baseline 0.006 -14"><span class='ocrx_word' id='word_1_545' title='bbox 89 1879 144 1916; x_wconf 84' lang='lat' dir='ltr'><strong>La,</strong></span> <span class='ocrx_word' id='word_1_546' title='bbox 165 1880 224 1915; x_wconf 89' lang='lat' dir='ltr'><strong>Lb,</strong></span> <span class='ocrx_word' id='word_1_547' title='bbox 244 1880 300 1915; x_wconf 86' lang='lat' dir='ltr'><strong>Le,</strong></span> <span class='ocrx_word' id='word_1_548' title='bbox 322 1881 373 1916; x_wconf 80' lang='lat' dir='ltr'><strong>Pa,</strong></span> <span class='ocrx_word' id='word_1_549' title='bbox 392 1880 433 1916; x_wconf 88' lang='lat' dir='ltr'><strong>D,</strong></span> <span class='ocrx_word' id='word_1_550' title='bbox 456 1882 493 1916; x_wconf 92' lang='lat'><strong>(),</strong></span> <span class='ocrx_word' id='word_1_551' title='bbox 515 1881 549 1917; x_wconf 84' lang='lat' dir='ltr'><strong>C,</strong></span> <span class='ocrx_word' id='word_1_552' title='bbox 571 1881 609 1917; x_wconf 89' lang='lat' dir='ltr'><strong>T,</strong></span> <span class='ocrx_word' id='word_1_553' title='bbox 629 1893 656 1918; x_wconf 81' lang='grc' dir='ltr'><strong>ς,</strong></span> <span class='ocrx_word' id='word_1_554' title='bbox 677 1888 707 1911; x_wconf 89' lang='lat' dir='ltr'><strong>et</strong></span> <span class='ocrx_word' id='word_1_555' title='bbox 728 1886 782 1922; x_wconf 59' lang='lat'><strong>233</strong></span> <span class='ocrx_word' id='word_1_556' title='bbox 810 1885 907 1913; x_wconf 86' lang='lat' dir='ltr'><strong>ceteri</strong></span> <span class='ocrx_word' id='word_1_557' title='bbox 928 1885 1123 1914; x_wconf 77' lang='lat' dir='ltr'><strong>mehercules·</strong></span> <span class='ocrx_word' id='word_1_558' title='bbox 1139 1899 1176 1904; x_wconf 92' lang='lat'><strong>—</strong></span> 
     </span>
    </p>
   </div>
   <div class='ocr_carea' id='block_1_9' title="bbox 164 1937 1958 1981">
    <p class='ocr_par' dir='ltr' id='par_1_9' title="bbox 164 1937 1958 1981">
     <span class='ocr_line' id='line_1_37' title="bbox 164 1937 1958 1981; baseline 0.002 -14"><span class='ocrx_word' id='word_1_559' title='bbox 164 1938 198 1967; x_wconf 90' lang='lat' dir='ltr'><strong>C.</strong></span> <span class='ocrx_word' id='word_1_560' title='bbox 218 1938 363 1966; x_wconf 80' lang='lat' dir='ltr'>XXVII.</span> <span class='ocrx_word' id='word_1_561' title='bbox 382 1937 480 1976; x_wconf 87' lang='lat' dir='ltr'><strong>Huic)</strong></span> <span class='ocrx_word' id='word_1_562' title='bbox 499 1941 551 1967; x_wconf 83' lang='lat' dir='ltr'><strong>Ma</strong></span> <span class='ocrx_word' id='word_1_563' title='bbox 571 1939 631 1967; x_wconf 72' lang='lat' dir='ltr'><strong>hic.</strong></span> <span class='ocrx_word' id='word_1_564' title='bbox 651 1955 689 1962; x_wconf 86' lang='lat'><strong>·-·</strong></span> <span class='ocrx_word' id='word_1_565' title='bbox 726 1941 798 1980; x_wconf 87' lang='lat' dir='ltr'><strong>iam)</strong></span> <span class='ocrx_word' id='word_1_566' title='bbox 817 1943 849 1970; x_wconf 87' lang='lat' dir='ltr'>H</span> <span class='ocrx_word' id='word_1_567' title='bbox 871 1953 928 1970; x_wconf 90' lang='lat' dir='ltr'><strong>om.</strong></span> <span class='ocrx_word' id='word_1_568' title='bbox 947 1957 986 1963; x_wconf 87' lang='lat'><strong>·—-</strong></span> <span class='ocrx_word' id='word_1_569' title='bbox 1023 1943 1193 1981; x_wconf 80' lang='lat' dir='ltr'><strong>fastidiose)</strong></span> <span class='ocrx_word' id='word_1_570' title='bbox 1213 1943 1255 1970; x_wconf 82' lang='lat' dir='ltr'><strong>Pa</strong></span> <span class='ocrx_word' id='word_1_571' title='bbox 1275 1943 1423 1977; x_wconf 73' lang='lat' dir='ltr'><strong>studiose,</strong></span> <span class='ocrx_word' id='word_1_572' title='bbox 1444 1943 1485 1970; x_wconf 84' lang='lat' dir='ltr'><strong>Pa</strong></span> <span class='ocrx_word' id='word_1_573' title='bbox 1497 1941 1689 1979; x_wconf 78' lang='lat' dir='ltr'><strong>fastiose.—-</strong></span> <span class='ocrx_word' id='word_1_574' title='bbox 1726 1940 1833 1980; x_wconf 81' lang='lat' dir='ltr'><strong>immo)</strong></span> <span class='ocrx_word' id='word_1_575' title='bbox 1853 1950 1880 1979; x_wconf 77' lang='grc' dir='ltr'><strong>ψ</strong></span> <span class='ocrx_word' id='word_1_576' title='bbox 1904 1953 1958 1970; x_wconf 83' lang='lat' dir='ltr'><strong>ne—</strong></span> 
     </span>
    </p>
   </div>
   <div class='ocr_carea' id='block_1_10' title="bbox 91 1985 1958 2076">
    <p class='ocr_par' dir='ltr' id='par_1_10' title="bbox 91 1985 1958 2076">
     <span class='ocr_line' id='line_1_38' title="bbox 92 1985 1957 2028; baseline 0.003 -14"><span class='ocrx_word' id='word_1_577' title='bbox 92 1997 138 2014; x_wconf 90' lang='lat' dir='ltr'><strong>mo</strong></span> <span class='ocrx_word' id='word_1_578' title='bbox 158 1985 210 2024; x_wconf 85' lang='lat' dir='ltr'><strong>(al.</strong></span> <span class='ocrx_word' id='word_1_579' title='bbox 231 1985 310 2024; x_wconf 85' lang='lat' dir='ltr'><strong>imo).</strong></span> <span class='ocrx_word' id='word_1_580' title='bbox 329 2001 367 2006; x_wconf 91' lang='lat'><strong>——-</strong></span> <span class='ocrx_word' id='word_1_581' title='bbox 408 1986 458 2026; x_wconf 66' lang='lat' dir='ltr'><strong>ex)</strong></span> <span class='ocrx_word' id='word_1_582' title='bbox 478 1988 529 2015; x_wconf 87' lang='lat' dir='ltr'><strong>Ma</strong></span> <span class='ocrx_word' id='word_1_583' title='bbox 550 1989 583 2014; x_wconf 77' lang='lat' dir='ltr'><strong>in</strong></span> <span class='ocrx_word' id='word_1_584' title='bbox 605 1998 640 2014; x_wconf 77' lang='lat' dir='ltr'><strong>ex</strong></span> <span class='ocrx_word' id='word_1_585' title='bbox 662 2002 700 2007; x_wconf 87' lang='lat'><strong>—-</strong></span> <span class='ocrx_word' id='word_1_586' title='bbox 740 1987 821 2016; x_wconf 89' lang='lat' dir='ltr'><strong>Tum</strong></span> <span class='ocrx_word' id='word_1_587' title='bbox 842 1990 975 2027; x_wconf 87' lang='lat' dir='ltr'><strong>quidam)</strong></span> <span class='ocrx_word' id='word_1_588' title='bbox 999 1991 1037 2028; x_wconf 66' lang='lat'><strong>23</strong></span> <span class='ocrx_word' id='word_1_589' title='bbox 1059 2002 1127 2018; x_wconf 77' lang='lat' dir='ltr'><strong>culn</strong></span> <span class='ocrx_word' id='word_1_590' title='bbox 1149 1991 1279 2027; x_wconf 77' lang='lat' dir='ltr'><strong>quidem.</strong></span> <span class='ocrx_word' id='word_1_591' title='bbox 1300 2005 1337 2011; x_wconf 91' lang='lat'><strong>—-</strong></span> <span class='ocrx_word' id='word_1_592' title='bbox 1375 1988 1471 2028; x_wconf 82' lang='lat' dir='ltr'><strong>qnasi)</strong></span> <span class='ocrx_word' id='word_1_593' title='bbox 1490 1990 1514 2016; x_wconf 92' lang='lat' dir='ltr'>B</span> <span class='ocrx_word' id='word_1_594' title='bbox 1536 1999 1644 2016; x_wconf 88' lang='lat' dir='ltr'><strong>om.—</strong></span> <span class='ocrx_word' id='word_1_595' title='bbox 1681 1988 1746 2027; x_wconf 90' lang='lat' dir='ltr'><strong>qui)</strong></span> <span class='ocrx_word' id='word_1_596' title='bbox 1767 1990 1790 2018; x_wconf 94' lang='lat' dir='ltr'>C</span> <span class='ocrx_word' id='word_1_597' title='bbox 1811 1993 1865 2028; x_wconf 74' lang='lat' dir='ltr'><strong>qui</strong></span> <span class='ocrx_word' id='word_1_598' title='bbox 1884 1993 1957 2019; x_wconf 79' lang='lat' dir='ltr'><strong>iam.</strong></span> 
     </span>
     <span class='ocr_line' id='line_1_39' title="bbox 91 2031 1958 2076; baseline 0.003 -16"><span class='ocrx_word' id='word_1_599' title='bbox 91 2048 128 2054; x_wconf 90' lang='lat'>—</span> <span class='ocrx_word' id='word_1_600' title='bbox 147 2031 259 2071; x_wconf 87' lang='lat' dir='ltr'><strong>nescis)</strong></span> <span class='ocrx_word' id='word_1_601' title='bbox 288 2041 312 2072; x_wconf 79' lang='grc' dir='ltr'><strong><em>ψ</em></strong></span> <span class='ocrx_word' id='word_1_602' title='bbox 332 2037 439 2063; x_wconf 81' lang='lat' dir='ltr'><strong>scisne.</strong></span> <span class='ocrx_word' id='word_1_603' title='bbox 459 2050 498 2055; x_wconf 89' lang='lat'><strong>·—</strong></span> <span class='ocrx_word' id='word_1_604' title='bbox 537 2035 655 2073; x_wconf 84' lang='lat' dir='ltr'><strong>inquit,</strong></span> <span class='ocrx_word' id='word_1_605' title='bbox 682 2035 776 2073; x_wconf 83' lang='lat' dir='ltr'><strong>hunc)</strong></span> <span class='ocrx_word' id='word_1_606' title='bbox 804 2036 827 2064; x_wconf 94' lang='lat' dir='ltr'>C</span> <span class='ocrx_word' id='word_1_607' title='bbox 848 2048 936 2073; x_wconf 78' lang='lat' dir='ltr'><strong>cum,</strong></span> <span class='ocrx_word' id='word_1_608' title='bbox 964 2045 988 2075; x_wconf 80' lang='grc' dir='ltr'><em>ψ</em></span> <span class='ocrx_word' id='word_1_609' title='bbox 1007 2038 1135 2075; x_wconf 75' lang='lat' dir='ltr'><strong>inquit?</strong></span> <span class='ocrx_word' id='word_1_610' title='bbox 1160 2039 1264 2067; x_wconf 64' lang='lat' dir='ltr'><strong>,Numa</strong></span> <span class='ocrx_word' id='word_1_611' title='bbox 1285 2053 1321 2060; x_wconf 82' lang='lat'><strong>·—-</strong></span> <span class='ocrx_word' id='word_1_612' title='bbox 1361 2036 1519 2075; x_wconf 75' lang='lat' dir='ltr'><strong>Syracusis</strong></span> <span class='ocrx_word' id='word_1_613' title='bbox 1537 2035 1741 2075; x_wconf 82' lang='lat' dir='ltr'><strong>quaestorem)</strong></span> <span class='ocrx_word' id='word_1_614' title='bbox 1768 2037 1795 2065; x_wconf 91' lang='lat' dir='ltr'>E</span> <span class='ocrx_word' id='word_1_615' title='bbox 1816 2046 1958 2076; x_wconf 77' lang='lat' dir='ltr'><strong>quaesto—</strong></span> 
     </span>
    </p>
   </div>
   <div class='ocr_carea' id='block_1_11' title="bbox 92 2081 1957 2372">
    <p class='ocr_par' dir='ltr' id='par_1_11' title="bbox 92 2081 1454 2124">
     <span class='ocr_line' id='line_1_40' title="bbox 92 2081 1454 2124; baseline 0.004 -16"><span class='ocrx_word' id='word_1_616' title='bbox 92 2091 156 2109; x_wconf 81' lang='lat' dir='ltr'><strong>rem</strong></span> <span class='ocrx_word' id='word_1_617' title='bbox 174 2083 335 2118; x_wconf 77' lang='lat' dir='ltr'><strong>syracusis.</strong></span> <span class='ocrx_word' id='word_1_618' title='bbox 355 2097 394 2103; x_wconf 91' lang='lat'><strong>-—-</strong></span> <span class='ocrx_word' id='word_1_619' title='bbox 432 2081 549 2120; x_wconf 72' lang='lat' dir='ltr'><strong>Syrac.)</strong></span> <span class='ocrx_word' id='word_1_620' title='bbox 569 2094 587 2122; x_wconf 82' lang='grc' dir='ltr'><em>χ</em></span> <span class='ocrx_word' id='word_1_621' title='bbox 608 2083 676 2122; x_wconf 82' lang='lat' dir='ltr'><strong>(sie)</strong></span> <span class='ocrx_word' id='word_1_622' title='bbox 697 2084 852 2121; x_wconf 55' lang='lat' dir='ltr'><strong>›Syr-aeusi.</strong></span> <span class='ocrx_word' id='word_1_623' title='bbox 872 2098 910 2105; x_wconf 72' lang='lat'><strong>——</strong></span> <span class='ocrx_word' id='word_1_624' title='bbox 948 2085 1152 2124; x_wconf 81' lang='lat' dir='ltr'><strong>quaestorem)</strong></span> <span class='ocrx_word' id='word_1_625' title='bbox 1172 2087 1209 2123; x_wconf 70' lang='grc' dir='ltr'><em>χό</em></span> <span class='ocrx_word' id='word_1_626' title='bbox 1230 2092 1396 2124; x_wconf 70' lang='lat' dir='ltr'><strong>quaestore.</strong></span> <span class='ocrx_word' id='word_1_627' title='bbox 1417 2100 1454 2107; x_wconf 90' lang='lat'><strong>—</strong></span> 
     </span>
    </p>

    <p class='ocr_par' dir='ltr' id='par_1_12' title="bbox 94 2135 1957 2372">
     <span class='ocr_line' id='line_1_41' title="bbox 166 2135 1956 2182; baseline 0.004 -17"><span class='ocrx_word' id='word_1_628' title='bbox 166 2135 193 2176; x_wconf 85' lang='lat'><strong>§.</strong></span> <span class='ocrx_word' id='word_1_629' title='bbox 214 2137 258 2166; x_wconf 83' lang='grc'><strong>66,</strong></span> <span class='ocrx_word' id='word_1_630' title='bbox 280 2138 339 2167; x_wconf 89' lang='lat' dir='ltr'><strong>Sed</strong></span> <span class='ocrx_word' id='word_1_631' title='bbox 360 2150 395 2168; x_wconf 89' lang='lat' dir='ltr'><strong>ea</strong></span> <span class='ocrx_word' id='word_1_632' title='bbox 412 2140 679 2180; x_wconf 83' lang='lat' dir='ltr'><strong>res—gratulati)</strong></span> <span class='ocrx_word' id='word_1_633' title='bbox 699 2141 727 2168; x_wconf 88' lang='lat' dir='ltr'><strong>A</strong></span> <span class='ocrx_word' id='word_1_634' title='bbox 747 2140 848 2169; x_wconf 81' lang='lat' dir='ltr'><strong>habet.</strong></span> <span class='ocrx_word' id='word_1_635' title='bbox 868 2157 907 2162; x_wconf 95' lang='lat'><strong>-—</strong></span> <span class='ocrx_word' id='word_1_636' title='bbox 945 2142 992 2181; x_wconf 86' lang='lat' dir='ltr'><strong>ea)</strong></span> <span class='ocrx_word' id='word_1_637' title='bbox 1020 2145 1072 2172; x_wconf 67' lang='lat' dir='ltr'><strong>{Ma</strong></span> <span class='ocrx_word' id='word_1_638' title='bbox 1093 2154 1151 2171; x_wconf 82' lang='lat' dir='ltr'><strong>om.</strong></span> <span class='ocrx_word' id='word_1_639' title='bbox 1171 2159 1208 2164; x_wconf 89' lang='lat'>—</span> <span class='ocrx_word' id='word_1_640' title='bbox 1246 2143 1315 2181; x_wconf 84' lang='lat' dir='ltr'><strong>plns</strong></span> <span class='ocrx_word' id='word_1_641' title='bbox 1336 2141 1413 2169; x_wconf 85' lang='lat' dir='ltr'><strong>mihi</strong></span> <span class='ocrx_word' id='word_1_642' title='bbox 1431 2141 1597 2180; x_wconf 80' lang='lat' dir='ltr'><strong>profuerit)</strong></span> <span class='ocrx_word' id='word_1_643' title='bbox 1616 2142 1645 2170; x_wconf 92' lang='lat' dir='ltr'><strong>A</strong></span> <span class='ocrx_word' id='word_1_644' title='bbox 1660 2143 1768 2181; x_wconf 78' lang='lat' dir='ltr'><strong>pluris</strong></span> <span class='ocrx_word' id='word_1_645' title='bbox 1788 2144 1866 2172; x_wconf 75' lang='lat' dir='ltr'><strong>mihi</strong></span> <span class='ocrx_word' id='word_1_646' title='bbox 1877 2144 1956 2182; x_wconf 85' lang='lat' dir='ltr'><strong>sue-</strong></span> 
     </span>
     <span class='ocr_line' id='line_1_42' title="bbox 94 2185 1956 2230; baseline 0.004 -18"><span class='ocrx_word' id='word_1_647' title='bbox 94 2187 143 2213; x_wconf 84' lang='lat' dir='ltr'><strong>rit.</strong></span> <span class='ocrx_word' id='word_1_648' title='bbox 163 2201 201 2206; x_wconf 97' lang='lat'>—</span> <span class='ocrx_word' id='word_1_649' title='bbox 238 2185 314 2213; x_wconf 85' lang='lat' dir='ltr'><strong>mihi</strong></span> <span class='ocrx_word' id='word_1_650' title='bbox 334 2189 411 2223; x_wconf 83' lang='lat' dir='ltr'><strong>tum)</strong></span> <span class='ocrx_word' id='word_1_651' title='bbox 429 2190 474 2217; x_wconf 88' lang='lat' dir='ltr'><strong>Le</strong></span> <span class='ocrx_word' id='word_1_652' title='bbox 495 2195 561 2216; x_wconf 83' lang='lat' dir='ltr'><strong>tum</strong></span> <span class='ocrx_word' id='word_1_653' title='bbox 583 2190 667 2224; x_wconf 75' lang='lat' dir='ltr'><strong>mihi,</strong></span> <span class='ocrx_word' id='word_1_654' title='bbox 687 2190 729 2217; x_wconf 87' lang='lat' dir='ltr'><strong>Pe</strong></span> <span class='ocrx_word' id='word_1_655' title='bbox 750 2189 826 2216; x_wconf 77' lang='lat' dir='ltr'><strong>milu&#39;</strong></span> <span class='ocrx_word' id='word_1_656' title='bbox 846 2195 888 2216; x_wconf 81' lang='lat' dir='ltr'><strong>tu.</strong></span> <span class='ocrx_word' id='word_1_657' title='bbox 907 2205 946 2211; x_wconf 91' lang='lat'>—</span> <span class='ocrx_word' id='word_1_658' title='bbox 985 2190 1102 2228; x_wconf 87' lang='lat' dir='ltr'><strong>omnes)</strong></span> <span class='ocrx_word' id='word_1_659' title='bbox 1123 2191 1177 2226; x_wconf 88' lang='lat' dir='ltr'><strong>La,</strong></span> <span class='ocrx_word' id='word_1_660' title='bbox 1198 2191 1238 2225; x_wconf 87' lang='lat' dir='ltr'><strong>D,</strong></span> <span class='ocrx_word' id='word_1_661' title='bbox 1261 2196 1291 2218; x_wconf 86' lang='lat' dir='ltr'><strong>ct</strong></span> <span class='ocrx_word' id='word_1_662' title='bbox 1312 2198 1335 2227; x_wconf 79' lang='grc' dir='ltr'><strong><em>ψ</em></strong></span> <span class='ocrx_word' id='word_1_663' title='bbox 1356 2200 1414 2217; x_wconf 86' lang='lat' dir='ltr'><strong>om.</strong></span> <span class='ocrx_word' id='word_1_664' title='bbox 1429 2205 1466 2210; x_wconf 91' lang='lat'>—</span> <span class='ocrx_word' id='word_1_665' title='bbox 1504 2190 1659 2230; x_wconf 81' lang='lat' dir='ltr'><strong>gratulati)</strong></span> <span class='ocrx_word' id='word_1_666' title='bbox 1679 2191 1729 2218; x_wconf 84' lang='lat' dir='ltr'><strong>Sic</strong></span> <span class='ocrx_word' id='word_1_667' title='bbox 1750 2191 1788 2226; x_wconf 92' lang='lat' dir='ltr'><strong>A,</strong></span> <span class='ocrx_word' id='word_1_668' title='bbox 1809 2192 1843 2226; x_wconf 85' lang='lat' dir='ltr'><strong>B,</strong></span> <span class='ocrx_word' id='word_1_669' title='bbox 1864 2197 1894 2219; x_wconf 82' lang='lat' dir='ltr'><strong>et</strong></span> <span class='ocrx_word' id='word_1_670' title='bbox 1914 2191 1956 2223; x_wconf 83' lang='lat' dir='ltr'><strong>E;</strong></span> 
     </span>
     <span class='ocr_line' id='line_1_43' title="bbox 95 2233 1957 2276; baseline 0.004 -16"><span class='ocrx_word' id='word_1_671' title='bbox 95 2233 191 2261; x_wconf 88' lang='lat' dir='ltr'><strong>ceteri</strong></span> <span class='ocrx_word' id='word_1_672' title='bbox 210 2236 426 2271; x_wconf 73' lang='lat' dir='ltr'><strong>congratulati.</strong></span> <span class='ocrx_word' id='word_1_673' title='bbox 449 2249 488 2256; x_wconf 81' lang='grc'><strong>--·</strong></span> <span class='ocrx_word' id='word_1_674' title='bbox 526 2237 635 2275; x_wconf 88' lang='lat' dir='ltr'><strong>populi</strong></span> <span class='ocrx_word' id='word_1_675' title='bbox 657 2235 707 2274; x_wconf 76' lang='lat' dir='ltr'><strong>R.)</strong></span> <span class='ocrx_word' id='word_1_676' title='bbox 728 2236 778 2264; x_wconf 83' lang='lat' dir='ltr'><strong>Sic</strong></span> <span class='ocrx_word' id='word_1_677' title='bbox 798 2237 865 2273; x_wconf 85' lang='lat' dir='ltr'><strong>Lb;</strong></span> <span class='ocrx_word' id='word_1_678' title='bbox 885 2237 910 2264; x_wconf 94' lang='lat' dir='ltr'>B</span> <span class='ocrx_word' id='word_1_679' title='bbox 926 2240 1041 2274; x_wconf 78' lang='lat' dir='ltr'><strong>populo</strong></span> <span class='ocrx_word' id='word_1_680' title='bbox 1062 2240 1223 2271; x_wconf 68' lang='lat' dir='ltr'><strong>Romano:</strong></span> <span class='ocrx_word' id='word_1_681' title='bbox 1244 2238 1270 2265; x_wconf 82' lang='grc' dir='ltr'>Ε</span> <span class='ocrx_word' id='word_1_682' title='bbox 1293 2247 1329 2275; x_wconf 65' lang='grc' dir='ltr'><strong>’μ’</strong></span> <span class='ocrx_word' id='word_1_683' title='bbox 1351 2239 1416 2271; x_wconf 80' lang='lat' dir='ltr'><em>·R·;</em></span> <span class='ocrx_word' id='word_1_684' title='bbox 1436 2238 1530 2266; x_wconf 85' lang='lat' dir='ltr'><strong>ceteri</strong></span> <span class='ocrx_word' id='word_1_685' title='bbox 1545 2240 1698 2276; x_wconf 78' lang='lat' dir='ltr'><strong>populum</strong></span> <span class='ocrx_word' id='word_1_686' title='bbox 1717 2239 1899 2267; x_wconf 74' lang='lat' dir='ltr'><strong>Romanum.</strong></span> <span class='ocrx_word' id='word_1_687' title='bbox 1920 2254 1957 2261; x_wconf 86' lang='lat'><strong>—-</strong></span> 
     </span>
     <span class='ocr_line' id='line_1_44' title="bbox 95 2280 1956 2324; baseline 0.004 -17"><span class='ocrx_word' id='word_1_688' title='bbox 95 2280 201 2308; x_wconf 90' lang='lat' dir='ltr'><strong>oculos</strong></span> <span class='ocrx_word' id='word_1_689' title='bbox 221 2281 297 2308; x_wconf 85' lang='lat' dir='ltr'><strong>acris</strong></span> <span class='ocrx_word' id='word_1_690' title='bbox 318 2287 407 2319; x_wconf 86' lang='lat' dir='ltr'><strong>atque</strong></span> <span class='ocrx_word' id='word_1_691' title='bbox 427 2283 544 2323; x_wconf 86' lang='lat' dir='ltr'><strong>acutos)</strong></span> <span class='ocrx_word' id='word_1_692' title='bbox 571 2285 621 2312; x_wconf 88' lang='lat' dir='ltr'><strong>Sic</strong></span> <span class='ocrx_word' id='word_1_693' title='bbox 648 2294 703 2321; x_wconf 77' lang='lat' dir='ltr'><strong>ego</strong></span> <span class='ocrx_word' id='word_1_694' title='bbox 726 2294 823 2321; x_wconf 83' lang='lat' dir='ltr'><strong>corr.;</strong></span> <span class='ocrx_word' id='word_1_695' title='bbox 854 2284 879 2311; x_wconf 88' lang='lat' dir='ltr'>B</span> <span class='ocrx_word' id='word_1_696' title='bbox 900 2290 931 2312; x_wconf 85' lang='lat' dir='ltr'><strong>et</strong></span> <span class='ocrx_word' id='word_1_697' title='bbox 949 2285 975 2311; x_wconf 88' lang='lat' dir='ltr'>E</span> <span class='ocrx_word' id='word_1_698' title='bbox 997 2287 1098 2313; x_wconf 84' lang='lat' dir='ltr'><strong>oculos</strong></span> <span class='ocrx_word' id='word_1_699' title='bbox 1124 2292 1226 2313; x_wconf 76' lang='lat' dir='ltr'><strong>aulem</strong></span> <span class='ocrx_word' id='word_1_700' title='bbox 1253 2296 1314 2314; x_wconf 82' lang='lat' dir='ltr'><strong>esse</strong></span> <span class='ocrx_word' id='word_1_701' title='bbox 1340 2287 1422 2313; x_wconf 75' lang='lat' dir='ltr'><strong>acris</strong></span> <span class='ocrx_word' id='word_1_702' title='bbox 1443 2292 1535 2324; x_wconf 83' lang='lat' dir='ltr'><strong>atque</strong></span> <span class='ocrx_word' id='word_1_703' title='bbox 1555 2292 1682 2319; x_wconf 73' lang='lat' dir='ltr'><strong>acutos;</strong></span> <span class='ocrx_word' id='word_1_704' title='bbox 1708 2287 1770 2321; x_wconf 87' lang='lat' dir='ltr'><strong>Ma,</strong></span> <span class='ocrx_word' id='word_1_705' title='bbox 1790 2287 1845 2321; x_wconf 91' lang='lat' dir='ltr'><strong>Le,</strong></span> <span class='ocrx_word' id='word_1_706' title='bbox 1869 2288 1905 2320; x_wconf 80' lang='lat'><strong>1),</strong></span> <span class='ocrx_word' id='word_1_707' title='bbox 1926 2292 1956 2315; x_wconf 90' lang='lat' dir='ltr'><strong>et</strong></span> 
     </span>
     <span class='ocr_line' id='line_1_45' title="bbox 95 2327 1846 2372; baseline 0.003 -15"><span class='ocrx_word' id='word_1_708' title='bbox 95 2328 128 2357; x_wconf 83' lang='lat' dir='ltr'><strong>II</strong></span> <span class='ocrx_word' id='word_1_709' title='bbox 149 2327 250 2355; x_wconf 73' lang='lat' dir='ltr'><strong>oculos</strong></span> <span class='ocrx_word' id='word_1_710' title='bbox 270 2339 355 2356; x_wconf 84' lang='lat' dir='ltr'><strong>aeres</strong></span> <span class='ocrx_word' id='word_1_711' title='bbox 374 2329 504 2366; x_wconf 79' lang='lat' dir='ltr'><strong>habere;</strong></span> <span class='ocrx_word' id='word_1_712' title='bbox 523 2333 560 2370; x_wconf 64' lang='lat'><strong>23</strong></span> <span class='ocrx_word' id='word_1_713' title='bbox 580 2333 682 2360; x_wconf 76' lang='lat' dir='ltr'><strong>oculos</strong></span> <span class='ocrx_word' id='word_1_714' title='bbox 702 2342 786 2360; x_wconf 74' lang='lat' dir='ltr'><strong>acres</strong></span> <span class='ocrx_word' id='word_1_715' title='bbox 807 2338 914 2360; x_wconf 67' lang='lat' dir='ltr'><strong>acutos</strong></span> <span class='ocrx_word' id='word_1_716' title='bbox 933 2332 1065 2365; x_wconf 75' lang='lat' dir='ltr'><strong>habere;</strong></span> <span class='ocrx_word' id='word_1_717' title='bbox 1092 2333 1186 2360; x_wconf 70' lang='lat' dir='ltr'><strong>ceteri</strong></span> <span class='ocrx_word' id='word_1_718' title='bbox 1207 2335 1306 2361; x_wconf 79' lang='lat' dir='ltr'><strong>oculos</strong></span> <span class='ocrx_word' id='word_1_719' title='bbox 1327 2344 1412 2362; x_wconf 78' lang='lat' dir='ltr'><strong>acres</strong></span> <span class='ocrx_word' id='word_1_720' title='bbox 1430 2340 1524 2372; x_wconf 76' lang='lat' dir='ltr'><strong>alque</strong></span> <span class='ocrx_word' id='word_1_721' title='bbox 1543 2340 1648 2362; x_wconf 73' lang='lat' dir='ltr'><strong>acutos</strong></span> <span class='ocrx_word' id='word_1_722' title='bbox 1667 2334 1787 2362; x_wconf 80' lang='lat' dir='ltr'><strong>hahere.</strong></span> <span class='ocrx_word' id='word_1_723' title='bbox 1808 2349 1846 2354; x_wconf 83' lang='lat'><strong>--</strong></span> 
     </span>
    </p>
   </div>
   <div class='ocr_carea' id='block_1_12' title="bbox 171 2377 1955 2424">
    <p class='ocr_par' dir='ltr' id='par_1_13' title="bbox 171 2377 1955 2424">
     <span class='ocr_line' id='line_1_46' title="bbox 171 2377 1955 2424; baseline 0.005 -17"><span class='ocrx_word' id='word_1_724' title='bbox 171 2377 289 2417; x_wconf 84' lang='lat' dir='ltr'><strong>destiti)</strong></span> <span class='ocrx_word' id='word_1_725' title='bbox 309 2381 353 2408; x_wconf 88' lang='lat' dir='ltr'><strong>Pb</strong></span> <span class='ocrx_word' id='word_1_726' title='bbox 375 2387 403 2410; x_wconf 88' lang='lat' dir='ltr'><strong>et</strong></span> <span class='ocrx_word' id='word_1_727' title='bbox 423 2384 461 2420; x_wconf 74' lang='grc' dir='ltr'><strong>κδ</strong></span> <span class='ocrx_word' id='word_1_728' title='bbox 476 2385 630 2420; x_wconf 77' lang='lat' dir='ltr'><strong>destitisti,</strong></span> <span class='ocrx_word' id='word_1_729' title='bbox 650 2385 680 2413; x_wconf 94' lang='lat' dir='ltr'><strong>D</strong></span> <span class='ocrx_word' id='word_1_730' title='bbox 703 2389 733 2412; x_wconf 88' lang='lat' dir='ltr'><strong>ct</strong></span> <span class='ocrx_word' id='word_1_731' title='bbox 748 2395 766 2417; x_wconf 87' lang='grc' dir='ltr'><strong><em>ς</em></strong></span> <span class='ocrx_word' id='word_1_732' title='bbox 786 2385 907 2413; x_wconf 66' lang='lat' dir='ltr'><strong>dedisti.</strong></span> <span class='ocrx_word' id='word_1_733' title='bbox 921 2400 958 2404; x_wconf 93' lang='lat'>—</span> <span class='ocrx_word' id='word_1_734' title='bbox 978 2385 1051 2422; x_wconf 88' lang='lat' dir='ltr'><strong>quid</strong></span> <span class='ocrx_word' id='word_1_735' title='bbox 1073 2385 1109 2413; x_wconf 87' lang='lat' dir='ltr'><strong>de</strong></span> <span class='ocrx_word' id='word_1_736' title='bbox 1128 2385 1188 2424; x_wconf 84' lang='lat' dir='ltr'><strong>me)</strong></span> <span class='ocrx_word' id='word_1_737' title='bbox 1209 2386 1255 2414; x_wconf 81' lang='lat' dir='ltr'><strong>La</strong></span> <span class='ocrx_word' id='word_1_738' title='bbox 1274 2387 1351 2424; x_wconf 79' lang='lat' dir='ltr'><strong>quid</strong></span> <span class='ocrx_word' id='word_1_739' title='bbox 1368 2398 1470 2415; x_wconf 79' lang='lat' dir='ltr'><strong>nze.—-</strong></span> <span class='ocrx_word' id='word_1_740' title='bbox 1507 2387 1567 2415; x_wconf 85' lang='lat' dir='ltr'><strong>feei</strong></span> <span class='ocrx_word' id='word_1_741' title='bbox 1580 2403 1618 2407; x_wconf 94' lang='lat'><em>-</em></span> <span class='ocrx_word' id='word_1_742' title='bbox 1634 2387 1787 2423; x_wconf 75' lang='lat' dir='ltr'><strong>uiderent)</strong></span> <span class='ocrx_word' id='word_1_743' title='bbox 1804 2387 1833 2413; x_wconf 84' lang='lat' dir='ltr'><strong>II</strong></span> <span class='ocrx_word' id='word_1_744' title='bbox 1851 2398 1955 2416; x_wconf 82' lang='lat' dir='ltr'><strong>om.—</strong></span> 
     </span>
    </p>
   </div>
  </div>
 </body>
</html>
