2264 2746
238 86 274 112 30
884 72 1452 103 COMMENTARIUS.

240 154 378 188 lioribus
410 153 482 197 (sic)
511 154 592 197 agri
615 152 682 195 ipsi
700 162 810 193 prope
831 149 944 180 dicam
968 154 1097 180 montes
1121 160 1207 192 quae
1220 147 1404 191 fauebunt.
1447 148 1558 180 Probo
1584 146 1741 186 omnino,
1776 145 1865 187 quod
1890 158 1952 188 pro
1972 144 2103 188 uolgari

241 208 360 240 ordine
387 220 492 251 prope
522 208 633 238 (licam
663 203 730 245 ipsi
753 202 869 232 scribit
897 202 964 244 ipsi
991 213 1098 245 prope
1126 202 1258 240 clicam3
1296 213 1362 243 quo
1392 201 1510 233 ordine
1541 212 1601 243 ego
1624 200 1691 231 iam
1714 199 1787 230 cod.
1810 197 1884 230 Erf.
1907 199 2104 230 auctoritate

240 261 344 293 uerba
366 260 604 295 conlocassem,
642 260 691 286 set
714 254 789 296 plus
811 260 894 296 aput
915 266 969 285 me
996 260 1184 285 ceterorum
1210 254 1363 285 omnium
1385 254 1537 285 codicum
1561 252 1739 284 auctoritas
1762 252 1823 283 hac
1846 251 1881 282 in
1905 262 1942 282 re
1964 251 2104 286 ualebat.

242 315 324 348 Non
346 309 575 354 recipiendum
598 313 709 338 autem
727 305 902 350 fauebunt
923 319 986 350 pro
1001 307 1177 350 finierunt
1199 312 1316 349 putem
1338 317 1497 338 maxume
1518 312 1709 349 propterea,
1734 304 1812 347 quia
1834 315 1922 342 eum,
1947 303 2004 345 qui
2017 303 2105 334 hunc

241 367 374 409 scripsit
403 360 696 398 commentarium,
733 360 936 403 saepissume
965 360 1069 390 uerba
1100 359 1271 391 Ciceronis
1299 359 1335 390 in
1363 359 1499 390 breuius
1530 359 1736 390 contraxisse
1767 363 1798 388 et
1827 356 1873 388 sic
1897 355 2109 398 descripsisse

241 419 356 451 multis
380 414 542 457 exemplis
566 413 763 452 edocemur,
797 418 835 443 ut
856 419 987 443 mutare
1011 411 1192 454 quaedam,
1228 423 1312 454 quae
1334 411 1406 443 sine
1428 424 1542 444 sensus
1567 412 1770 443 detrimento
1793 409 1918 442 mutari
1940 412 2108 452 poterant,

245 472 395 504 minume
417 466 574 508 religioni
596 465 660 497 sibi
682 465 829 497 duceret.
874 465 1014 497 Inlustri
1044 465 1201 508 exemplo
1225 464 1392 507 scriptura
1414 476 1533 496 eorum
1559 465 1793 504 uerborumst,
1831 474 1914 506 quae
1941 470 2110 505 proxume

246 524 484 564 interpretatus
507 526 567 551 est.

327 574 421 617 Agri
451 573 518 616 ipsi
535 585 655 616 prope
677 571 790 603 dicam
812 572 1017 614 montesque)
1063 569 1134 602 Cfr.
1161 582 1224 613 pro
1249 571 1287 601 C.
1308 570 1448 601 Rabirio
1471 571 1541 611 III,
1572 571 1602 602 8.
1640 582 1781 614 cumque
1802 570 1849 602 acl
1871 570 1944 602 eius
1962 565 2111 611 propul-

247 628 392 660 sandum
403 626 600 669 periculum
614 638 679 656 non
695 625 792 656 modo
806 625 970 662 homines,
982 629 1031 655 set
1043 635 1152 667 prope.
1167 623 1323 666 regiones
1340 624 1435 667 ipsae
1450 624 1698 655 concurrerint.
1711 629 1744 653 et
1759 623 1857 654 huius
1872 628 1954 653 orat.
1969 621 2032 659 IX,
2048 628 2111 650 22--

329 680 428 712 IVum
460 679 595 722 quando
625 678 722 709 uides
752 677 989 708 Tusculanum
1020 677 1171 719 aliquem
1197 677 1237 708 (le
1259 677 1309 708 M.
1333 676 1458 708 Catone
1487 677 1547 708 illo
1568 694 1611 699 —
1632 688 1715 707 num
1744 677 1785 707 cle
1810 677 1865 708 Ti.
1888 672 2113 710 Coruncanio,

245 734 417 776 municipe
439 743 522 770 suo,
550 743 633 762 num
655 731 696 762 sle
722 736 771 761 tot
793 730 934 761 Fuluiis
955 729 1143 772 gloriari?)
1188 729 1347 771 Magnam
1369 729 1424 759 hic
1446 729 1538 760 locus
1563 727 1784 760 offensionem
1806 727 1920 767 habet,
1950 726 1990 758 ad
2013 735 2115 768 quam

244 786 374 830 primus
397 783 548 815 adtendit
569 783 707 825 Pighius
730 782 854 814 Annal.
878 782 979 812 Rom.
1006 782 1047 812 T.
1071 783 1096 813 Ι.
1120 793 1154 824 p.
1178 782 1250 813 451.
1273 793 1431 812 monens:
1465 781 1725 821 „Coruncanios
1753 780 1907 812 Camerio
1930 776 2114 819 municipio

246 837 407 870 oriundos
430 848 500 867 esse
522 842 662 867 testatur
685 835 821 865 Tacitus
847 835 952 875 [Ann.
970 835 1034 873 XI,
1060 834 1109 866 24.
1134 834 1257 878 i'Veque
1280 835 1370 866 enim
1393 835 1515 878 ignoro
1538 835 1648 866 Iulios
1671 835 1774 873 Alba,
1798 832 2028 866 Coruncanios
2051 829 2116 861 Ca-

246 892 369 929 merio,
403 890 545 922 Porcios
577 888 726 920 Tusculo
749 904 791 910 —
825 888 861 918 in
893 893 1050 919 senatum
1079 888 1232 927 accitos]
1261 887 1297 918 in
1332 887 1484 918 oratione
1508 887 1630 918 Claudi
1660 887 1865 929 Inperatoris
1893 897 1957 929 pro
1980 882 2116 914 Ciuitate

247 943 445 980 Gallorum3
468 942 550 972 item
574 942 691 973 Cicero
716 939 922 981 municipem
944 939 1046 970 fuisse
1070 939 1150 971 dicit
1172 940 1207 971 in
1232 940 1383 971 oratione
1407 952 1470 983 pro
1495 940 1588 971 Sulla
1613 940 1653 981 [c.
1672 941 1729 981 7.].
1775 940 1936 971 Ceterum
1956 937 1993 968 in
2014 935 2117 966 Plan-

247 996 340 1028 ciana
362 995 509 1027 Tusculo
533 1001 650 1026 natum
673 993 727 1024 Ti.
749 993 999 1024 Coruncanium
1023 992 1158 1024 uidetur
1181 993 1340 1024 indicare.
1373 993 1475 1034 Quod
1499 993 1625 1024 mirum
1648 992 1812 1036 profecto.
1844 992 1957 1025 Uerba
1980 988 2119 1032 quidem

248 1050 318 1081 eius
332 1055 411 1080 sunt
425 1049 518 1079 haec:
532 1065 573 1070 —
601 1047 710 1088 Atqui
725 1046 816 1076 locus
833 1045 886 1076 hic
902 1051 939 1076 ut
955 1045 1094 1076 mutilus
1111 1052 1143 1076 et
1158 1045 1364 1076 incorrectus
1378 1045 1499 1076 merito
1514 1046 1625 1077 notari
1638 1045 1775 1088 poterit.
1802 1046 1872 1077 Cur
1889 1044 1979 1076 enim
1998 1044 2120 1075 Came-

247 1103 362 1134 riuum
379 1100 628 1133 Coruncanium
644 1099 779 1130 Tacitus
795 1105 828 1129 et
843 1097 1003 1129 Claudius
1023 1098 1154 1137 Caesar,
1178 1098 1270 1129 cuius
1286 1098 1396 1130 adhuc
1417 1104 1510 1130 extat
1524 1097 1631 1129 oratio
1654 1098 1774 1129 tabulis
1790 1098 1933 1140 publicis
1951 1097 2119 1140 insculpta

247 1155 431 1197 antiquitus
455 1159 536 1196 aput
551 1150 806 1193 Lugdunensis3
834 1156 867 1180 et
891 1149 1008 1180 Cicero
1031 1149 1067 1180 in
1090 1150 1267 1181 Planciaua
1282 1151 1513 1183 Tusculanum
1540 1151 1689 1182 diceret?
1712 1151 1828 1191 Itaque
1850 1151 1931 1181 latet
1950 1150 2032 1182 haut
2055 1149 2120 1181 du-

248 1209 302 1240 bie
325 1208 447 1239 uitium
478 1207 513 1237 in
537 1217 575 1236 eo
601 1202 772 1235 Ciceronis
797 1202 871 1233 loco
896 1201 1047 1243 difficile,
1084 1214 1121 1234 ac
1144 1203 1208 1234 nisi
1230 1204 1301 1235 sola
1323 1210 1477 1235 ueterum
1510 1203 1757 1246 exemplarium
1781 1202 1846 1233 fide
1869 1203 2119 1246 corrigendum.

251 1261 336 1294 Ueri
358 1267 470 1291 tamen
493 1269 607 1288 sensus
632 1256 824 1287 coniectura
846 1254 960 1287 forsan
985 1256 1110 1298 poterit
1137 1256 1184 1287 ita
1206 1257 1329 1298 conligi
1352 1257 1392 1287 ab
1414 1257 1574 1287 historiae
1596 1256 1732 1299 peritis,
1771 1256 1903 1298 quando
1929 1258 2047 1289 Cicero
2069 1256 2122 1288 fa-

251 1313 423 1346 miliarum
447 1324 465 1343 e
487 1310 605 1342 uicinis
632 1309 709 1341 urbi
738 1315 770 1340 et
796 1308 941 1350 antiquis
966 1309 1159 1352 municipiis
1194 1315 1345 1340 ortarum
1368 1309 1578 1341 mentionem
1605 1308 1720 1347 faciat,
1761 1320 1845 1351 quae
1873 1310 2062 1342 consulatus
2084 1322 2123 1342 ac

252 1365 377 1397 curulis
399 1367 611 1408 magistratus
634 1363 763 1394 Romae
785 1368 863 1393 sunt
885 1361 1043 1404 adeptae,
1075 1361 1103 1393 si
1125 1361 1171 1392 ita
1192 1362 1359 1404 legamus,
1390 1368 1423 1393 et
1445 1362 1549 1392 uerba
1571 1373 1589 1392 a
1611 1361 1758 1393 librariis
1783 1363 2019 1404 praetermissa
2040 1375 2123 1406 sup-

251 1419 418 1463 pleamus:
443 1418 543 1451 ZVum
565 1416 753 1459 aliquando
777 1416 873 1446 uides
893 1416 1131 1447 Tusculanum
1153 1416 1303 1459 aliquem
1326 1415 1366 1447 cle
1389 1416 1439 1448 M.
1456 1415 1581 1447 Catone
1606 1415 1666 1446 illo
1691 1415 1726 1446 in
1754 1416 1846 1446 omni
1869 1417 2000 1447 uirtute
2015 1417 2121 1459 prin-

253 1473 346 1515 cipe,
385 1484 467 1503 num
495 1472 536 1503 cle
565 1471 619 1503 Ti.
643 1468 857 1500 Coruncanio
889 1470 1062 1512 municipe
1090 1481 1150 1501 suo
1177 1469 1470 1508 Camerinum,
1506 1480 1589 1500 num
1619 1468 1661 1500 de
1691 1473 1739 1499 tot
1767 1469 1909 1500 Fuluiis
1943 1469 2122 1502 Tiburtem

251 1525 460 1568 gloriari?“
504 1524 596 1554 Haec
617 1521 772 1563 Pighius,
802 1527 919 1551 contra
943 1533 1043 1563 quem
1066 1522 1216 1564 primum
1242 1522 1410 1553 Gruterus
1434 1520 1585 1553 monuit:
1622 1520 1702 1559 „At
1725 1532 1784 1563 ego
1807 1521 2011 1562 arbitrabar,
2040 1520 2125 1554 faci-

252 1578 338 1609 liore
360 1576 526 1608 medicina
548 1574 657 1607 sanari
680 1574 791 1604 locum
815 1584 930 1616 posse,
964 1574 1009 1613 si,
1038 1573 1193 1616 inquam,
1224 1581 1463 1617 reponeretur,
1495 1573 1708 1605 Coruncanio
1738 1575 1974 1618 municipes
2002 1588 2120 1615 suos,

254 1643 336 1662 num
358 1631 399 1662 cle
422 1635 470 1660 tot
492 1629 612 1661 Fabiis
633 1627 794 1671 gloriari.
803 1628 825 1642 “
869 1626 1011 1657 Gruteri
1035 1628 1296 1668 correctionem,
1319 1629 1508 1671 municipes
1531 1639 1608 1658 suos
1631 1626 1825 1665 scribentis,
1847 1627 1945 1658 unice
1966 1628 2125 1670 probauit

254 1683 395 1722 Bakius,
417 1681 451 1712 id
477 1680 566 1723 quod
589 1679 687 1710 ualde
710 1679 828 1709 miror.
872 1679 1068 1711 Uerissuma
1092 1681 1181 1712 enim
1204 1687 1299 1719 sunt,
1328 1691 1411 1722 quae
1434 1680 1630 1711 Perizonius
1652 1679 1769 1712 Anim.
1792 1679 1882 1711 Hist.
1907 1690 1934 1711 e.
1955 1681 1985 1711 5.
2005 1686 2121 1712 contra

256 1735 352 1777 Pighi
379 1741 412 1765 et
435 1733 576 1766 Gruteri
598 1732 821 1763 correctiones
843 1733 1002 1774 protulit:
1026 1734 1128 1772 „Hae
1151 1734 1360 1765 coniecturae
1383 1732 1586 1764 refelluntur
1609 1744 1665 1771 eo,
1690 1732 1781 1774 quod
1802 1732 1979 1764 manifesto
2003 1732 2122 1765 Cicero

258 1787 299 1818 de
320 1788 390 1818 solo
412 1786 603 1818 Tusculano
626 1785 812 1828 municipio
836 1786 918 1827 agit,
943 1785 1034 1816 unde
1057 1792 1126 1817 erat
1151 1786 1196 1826 is,
1220 1792 1336 1817 contra
1359 1797 1458 1827 quem
1483 1785 1629 1823 dicebat,
1654 1785 1845 1825 quentius,
1875 1785 2024 1827 adeoque
2046 1786 2125 1819 illut

258 1852 363 1871 unum
385 1841 483 1882 longe
505 1838 764 1870 nobilissumum
789 1845 821 1869 et
844 1838 1007 1870 refertum
1033 1838 1099 1870 iam
1123 1838 1352 1870 consularibus
1376 1837 1493 1869 ceteris
1522 1837 1779 1879 ignobilioribus
1808 1838 1959 1881 opponit.
1970 1841 1991 1856 “
2034 1840 2124 1872 Toto

258 1893 323 1924 hoc
345 1893 450 1934 capite
472 1892 507 1922 id
530 1903 636 1922 unum
658 1891 726 1933 agit
751 1892 886 1930 Cicero,
923 1897 962 1922 ut
982 1891 1224 1934 municipium,
1266 1903 1308 1922 ex
1333 1902 1398 1933 quo
1423 1890 1586 1921 oriundus
1618 1896 1688 1921 erat
1709 1890 1918 1931 Laterensis,
1958 1891 2124 1925 eiusmodi

258 1944 421 1976 refertum
444 1945 637 1976 hominibus
665 1944 795 1984 doceat,
834 1944 891 1986 qui
914 1956 1054 1975 suorum
1084 1945 1214 1976 honore
1240 1944 1336 1975 nullo
1359 1943 1461 1975 modo
1491 1943 1673 1982 laetentur,
1712 1954 1787 1973 cum
1815 1949 1930 1974 contra
1955 1945 2123 1988 Atinates,

260 1997 366 2040 qualis
390 2004 460 2028 erat
481 1998 652 2036 Plancius,
680 2009 866 2039 eorumque
890 1996 1037 2028 finitumi
1058 1997 1241 2039 Arpinates
1265 1996 1458 2028 mirandum
1481 1996 1516 2027 in
1539 1996 1679 2028 modum
1703 2007 1842 2028 suorum
1865 1996 2050 2031 honoribus
2071 1999 2126 2032 fa-

260 2056 371 2081 ueant.
414 2051 530 2092 Itaque
552 2051 702 2093 primum
726 2051 767 2082 ob
791 2051 877 2081 hanc
900 2060 1048 2081 caussam
1070 2050 1171 2092 plane
1193 2050 1341 2081 alienum
1370 2048 1460 2081 foret
1483 2049 1523 2080 ab
1547 2049 1610 2080 hoc
1635 2049 1729 2088 loco,
1765 2048 1793 2079 si
1815 2050 1985 2082 Camerini
2008 2053 2126 2085 muni-

262 2102 351 2145 cipes
373 2103 712 2144 reprehcnderentur.
756 2103 890 2137 Deinde
914 2114 996 2134 uero
1019 2102 1140 2143 uerba,
1172 2115 1256 2145 quae
1278 2103 1348 2143 his,
1385 2103 1426 2134 de
1448 2103 1567 2145 quibus
1589 2101 1713 2144 agitur,
1747 2101 1846 2133 ZVum
1869 2105 2004 2146 quando
2027 2107 2125 2139 uides

266 2155 501 2187 Tusculanum
525 2157 673 2200 aliquem
697 2176 735 2180 -
755 2157 920 2200 gloriari,
945 2156 1104 2188 continuo
1126 2163 1362 2199 opponuntur,
1387 2157 1438 2189 At
1460 2157 1495 2187 in
1517 2166 1745 2200 quemcunque
1767 2155 1974 2198 Arpinatem
1996 2159 2126 2192 incide-

263 2209 328 2247 ris,
353 2207 540 2239 luculenter
562 2210 758 2249 ostendunt,
786 2209 931 2241 duorum
954 2215 1084 2240 tantum
1108 2209 1162 2240 hic
1184 2209 1448 2252 municipiorum
1471 2207 1742 2250 conparationem
1766 2206 1850 2238 fieri.
1892 2209 2049 2252 Denique
2069 2211 2127 2243 in.

263 2266 340 2303 epte
368 2260 498 2290 locutus
523 2261 639 2293 Cicero
670 2268 774 2300 esset,
807 2262 835 2293 si
858 2262 948 2293 inter
971 2264 1135 2294 Catonem
1164 2268 1197 2293 et
1219 2262 1376 2301 Fuluios,
1412 2272 1494 2303 quos
1523 2259 1658 2290 eosdem
1684 2270 1759 2290 cum
1785 2261 1910 2291 Catone
1935 2273 1953 2292 e
1976 2263 2124 2296 Tusculo

224 2341 225 2346 ,
262 2311 366 2344 fuisse
389 2311 548 2343 oriundos
574 2313 693 2344 deinde
717 2315 909 2354 docebitur,
942 2315 1198 2358 interposuisset
1220 2315 1332 2345 uirum
1357 2312 1522 2355 quendam
1547 2323 1589 2342 ex
1614 2312 1768 2343 Camerio
1791 2313 1976 2357 municipio
2000 2322 2124 2348 ortum.

263 2365 440 2396 Debebant
466 2370 553 2395 certe
575 2364 707 2406 Fuluii,
730 2367 757 2397 si
780 2367 942 2399 uoluisset
963 2368 1047 2399 alius
1070 2368 1170 2399 etiam
1191 2366 1356 2409 municipi
1376 2364 1583 2396 mentionem
1605 2364 1746 2405 inicere,
1779 2366 1936 2398 continuo
1959 2374 2038 2410 post
2060 2369 2124 2406 Ca-
