2264 2746
886 106 924 134 L.
945 105 968 134 1.
1016 105 1050 133 c.
1071 105 1093 133 1.
1138 102 1164 143 ς.
1184 104 1208 132 3.
1934 100 1979 127 111

112 190 213 225 lione,
239 187 296 226 31.)
318 188 391 216 Sall.
415 187 448 215 in
469 186 549 221 Cin,
577 183 635 223 32.)
664 184 696 212 in
725 182 892 211 Salustium
914 180 1086 210 Ciceronis.
1105 194 1144 199 —
1178 179 1266 206 Hanc
1295 187 1415 216 qnoque
1442 176 1533 204 huius
1562 175 1628 203 eod.
1655 174 1797 202 notitiam
1825 180 1978 213 acceptam

111 238 213 267 refero
230 236 422 273 Krabingero
438 244 521 269 meo,
543 233 594 271 qni
611 243 679 260 cum
697 231 743 259 ed.
760 231 835 258 Ern.
855 240 922 257 cum
938 228 1081 257 contulit.
1098 243 1135 248 -
1150 227 1265 256 Melior
1283 226 1334 253 hic
1350 225 1414 253 cod.
1431 235 1518 262 quam
1535 225 1586 251 Ma
1604 229 1665 259 cst3
1688 223 1779 251 habet
1796 222 1877 249 enim
1899 232 1979 250 non-

112 295 276 323 numquam
297 295 365 312 cum
390 282 494 321 paucis
516 281 583 309 aliis
606 279 751 317 genuinas
775 278 952 316 scripturas.
991 276 1077 303 Alibi
1100 280 1244 313 expertus
1266 279 1365 301 tamen
1391 277 1435 300 cst
1458 282 1578 299 manum
1600 271 1880 309 interpolatricem,
1903 280 1980 308 quae

112 333 216 361 eadem
238 333 270 360 in
294 331 375 359 Uict.
400 342 415 358 a
436 329 689 367 deprehenditur,
721 331 755 355 ut
773 324 799 365 §.
816 326 861 354 Gli.
886 327 919 353 in
937 326 1080 352 maximi-s
1101 323 1234 358 reba-s,
1266 320 1294 361 ᾗ.
1310 324 1354 359 89.
1379 320 1414 347 ol)
1436 321 1523 348 illam
1543 321 1832 351 constantiam,
1858 324 1888 346 et
1908 318 1981 345 ibid.

108 380 306 409 flletellorum
333 378 500 407 habitus
529 384 592 406 est.

183 429 449 456 fflonaeensis
469 427 621 455 tertius
642 423 729 463 (Mc).
762 422 811 450 Ab
827 422 904 458 Aug.
921 421 997 448 Mar.
1012 419 1162 448 Bandinio
1180 416 1290 446 carolo
1308 414 1484 450 Theodoro,
1506 415 1620 443 Comiti
1637 420 1667 443 ct
1682 414 1980 449 Electoripalatino,

108 476 286 505 Florentiae
307 485 375 503 cum
396 478 642 507 cmmmrarctnr,
673 472 753 499 dono
775 471 862 498 datus
884 469 915 497 in
936 467 1157 496 bibliothecam
1177 463 1440 499 Manllcmianam,
1468 469 1572 501 postca
1593 464 1624 491 in
1646 465 1862 491 Monacensem
1883 463 1980 498 uenit,

108 524 143 552 in
157 534 214 563 qua
230 533 310 551 nunc
326 522 513 557 adseruntur,
534 521 573 549 U.
590 522 633 559 94·
650 518 822 558 insignitus.
854 516 1040 545 Chartaceus
1055 520 1109 549 cst,
1130 514 1183 542 fol.
1199 513 1254 540 300
1270 516 1422 546 constans,
1443 515 1473 537 et
1492 520 1566 538 saec.
1581 511 1656 539 XV.
1671 511 1812 549 scriptus.
1833 511 1981 539 Continet

110 572 149 600 T.
168 572 243 599 Liui
263 571 345 599 Hist.
365 569 463 597 libros
485 569 589 597 decem
610 569 747 608 priores,
767 565 922 604 Baptistae
944 563 1075 592 Guarini
1098 567 1128 589 ct
1154 561 1206 588 has
1228 559 1389 587 Ciceronis
1411 558 1581 585 orationes:
1614 557 1649 596 1.)
1670 569 1726 596 pro
1748 559 1834 594 Mil.,
1862 556 1901 597 2.)
1925 568 1979 595 pro

108 619 208 657 magni
228 618 369 657 Pompeii
390 618 538 656 imperio,
559 615 598 654 3.)
620 626 676 654 pro
697 615 735 642 Α.
757 614 825 642 Lic.
846 611 963 640 Archia
983 614 1074 648 poeta
1095 614 1202 636 contra
1223 607 1398 641 Grachnm,
1418 604 1458 643 li.)
1480 616 1536 643 pro
1557 606 1600 633 M.
1622 606 1734 642 Marc„
1762 605 1802 644 5.)
1823 617 1880 644 pro
1900 605 1981 641 Lig„

110 666 150 705 6.)
172 667 293 694 Sallust.
314 666 347 694 in
369 666 450 701 Cic.,
473 664 511 704 7.)
533 664 597 692 Cic.
619 664 651 691 in
673 663 772 700 Crisp.
795 660 877 693 Sall„
898 656 937 696 8.)
958 668 1015 696 pro
1037 657 1092 685 Cn.
1114 655 1250 684 Plancio,
1270 671 1309 675 -
1336 653 1478 682 Contulit
1497 652 1579 680 hune
1601 664 1721 691 quoque
1743 655 1877 682 codicem
1898 654 1980 680 Kra-

108 714 254 751 bingerus
280 724 349 741 cum
370 713 415 740 ed.
437 712 627 740 Ernestiaua.
668 710 847 739 Orationem
868 705 1062 735 Plancianam
1091 703 1303 743 ineptissumis
1331 700 1626 740 interpolationibus
1654 701 1804 730 foedatam
1833 701 1980 728 continet.

110 762 193 790 Uide
214 762 251 790 ad
270 760 297 800 §.
317 771 340 788 1.
361 761 387 789 5.
412 761 452 788 13.
475 760 520 787 44,
542 761 586 789 58.
608 759 652 788 68.
674 769 715 796 71.
737 758 778 793 74.
800 766 841 793 79.
863 755 915 783 83..

184 811 330 846 Copiae
356 809 544 836 Uictoria
554 818 626 835 nae
654 817 673 834 a
704 805 798 844 (Uict.
819 801 848 841 a)
870 806 939 830 sunt
960 799 1111 828 lectiones
1132 799 1285 828 uariantes
1307 810 1323 827 e
1344 799 1451 827 codice
1473 798 1603 837 quodam
1633 796 1668 824 ab
1696 795 1807 823 Iacobo
1829 796 1981 830 Dim-vtio,

111 857 197 887 Petri
218 856 343 884 Uictori
362 855 476 889 amico,
504 859 537 882 ut
556 854 694 888 uidetur,
723 857 864 880 cnotatae
893 855 924 878 et
943 847 1073 885 margini
1095 848 1280 885 exemplaris
1302 847 1479 875 Uictoriani
1501 844 1665 879 editionis,
1687 854 1776 882 quam
1797 844 1981 870 Benedictus

110 905 257 935 Hectoris
277 902 481 932 Bononiensis
501 911 579 929 anno
604 901 681 938 1499.
707 900 866 928 Bononiae
895 897 1038 931 excudit,
1066 895 1256 933 adscriptae,
1283 906 1463 934 mecumque
1484 906 1500 923 a
1520 894 1715 930 Krabingero
1746 891 1981 919 eomnunicatac.

111 953 185 981 Non
205 957 276 980 sunt
295 951 394 989 magni
414 950 512 989 preti,
549 958 768 986 saepenumero
790 947 871 975 nihil
899 945 961 974 nisi
988 943 1246 981 interpolationes
1274 944 1383 972 librari
1411 943 1568 972 cuiusdam
1596 941 1687 969 docti.
1727 939 1777 967 Sic
1798 937 1821 977 §.
1843 938 1886 966 26.
1914 943 1983 975 post

112 1001 265 1029 cedentem
284 999 389 1037 inepte
410 998 539 1035 tempori
557 996 656 1031 addit3
682 994 708 1035 §
726 997 768 1025 61.
790 1007 846 1035 pro
867 996 984 1028 lacuna,
1006 1002 1080 1030 quae
1102 991 1134 1019 in
1155 991 1245 1019 libris
1266 992 1402 1020 familiae
1422 992 1534 1020 tertiae
1556 989 1708 1023 omnibus,
1729 987 1781 1025 qni
1801 997 1864 1014 non
1885 986 1983 1013 inter-

112 1047 209 1087 polati
235 1051 319 1081 sunt,
353 1045 434 1073 inter
458 1045 489 1072 T.
511 1049 542 1072 et
563 1045 593 1072 C.
613 1046 704 1073 Mari
723 1049 783 1078 est,
818 1052 931 1070 nomen
953 1040 1089 1069 Gracchi
1109 1038 1218 1076 l1abct3
1247 1038 1272 1079 §.
1294 1041 1336 1069 64.
1364 1043 1397 1069 in
1418 1041 1561 1068 maximis
1589 1037 1708 1067 rebus
1735 1035 1860 1070 scribit3
1895 1032 1920 1073 §.
1941 1036 1983 1070 89.

112 1102 214 1124 tamen
233 1094 267 1122 ob
287 1095 374 1122 illam
394 1094 696 1126 constantiam5
716 1092 831 1120 ibidem
852 1102 908 1130 pro
929 1090 1113 1119 iustissimos
1137 1090 1274 1116 onmium
1294 1089 1491 1117 Metellorzmz
1512 1087 1621 1115 scribit
1642 1085 1829 1114 iustissimus
1849 1083 1983 1109 otmzium.

110 1142 304 1173 Metellorum
322 1141 492 1169 habitas
512 1147 591 1173 (ἐκ
620 1139 646 1180 §.
670 1150 728 1169 100.
750 1151 805 1178 pro
826 1138 1082 1167 nccessitaclinem
1102 1143 1335 1175 comparantem
1355 1137 1447 1165 habet
1468 1138 1550 1165 necis
1571 1135 1704 1163 insidias
1723 1136 1926 1168 comparatas.

183 1189 333 1226 Copiae
364 1189 638 1217 Uictorianae
666 1189 683 1216 b
712 1187 808 1228 (Uict.
828 1185 862 1226 b)
890 1186 1014 1214 notulae
1035 1190 1105 1213 sunt
1126 1191 1157 1213 ct
1183 1184 1390 1212 correctiones
1417 1185 1453 1212 ab
1481 1184 1549 1223 ipso
1570 1183 1663 1210 Petro
1684 1179 1828 1208 Uictorio
1854 1176 1981 1214 margini

110 1236 255 1266 editionis
276 1235 408 1264 Aldinae
428 1236 556 1265 additae.
595 1238 729 1271 Harum,
764 1246 837 1274 quas
865 1234 946 1262 idem
973 1234 1027 1262 ille
1048 1233 1259 1271 Krabiugcrus
1280 1243 1399 1261 mecum
1421 1229 1669 1266 conmunicauit,
1698 1238 1770 1256 usus
1790 1236 1930 1255 maxume
1951 1225 1981 1252 in

109 1284 329 1314 commentario
350 1284 425 1319 fuit,
447 1294 514 1312 cum
536 1284 785 1324 interpretationi
806 1283 1010 1322 potissumum
1031 1281 1227 1310 inseruirent.

180 1333 495 1360 Laurentianus
517 1335 678 1369 primns
706 1332 786 1372 (La).
827 1332 975 1359 seruatur
1002 1330 1034 1358 in
1063 1329 1255 1357 bibliotheca
1282 1328 1507 1363 Laurentiana,
1543 1337 1619 1365 quac
1647 1317 1872 1357 Florentiacst,
1908 1321 1982 1359 plut.

110 1380 264 1409 XLVIII.
291 1386 396 1418 estque
424 1381 489 1408 eod.
511 1381 637 1415 XXV.,
665 1381 836 1419 descriptus
858 1391 874 1407 a
893 1378 1046 1407 Bandinio
1077 1378 1113 1405 Τ.
1135 1378 1174 1405 ΙΙ.
1194 1388 1222 1416 p.
1243 1378 1294 1405 451
1314 1392 1351 1397 --
1367 1377 1438 1405 453..
1459 1392 1496 1397 —-
1522 1376 1609 1412 Quae
1630 1374 1761 1412 scriptae
1782 1376 1853 1399 sunt
1872 1370 1904 1397 in
1925 1368 1983 1396 hoc

113 1429 219 1458 codice
240 1429 388 1456 lectiones
408 1429 562 1456 uariantcs
583 1429 634 1456 uel
655 1429 771 1466 glossae
801 1439 895 1467 super
922 1427 1017 1456 uerba
1037 1426 1070 1454 in
1091 1430 1181 1454 textu
1202 1425 1319 1463 posita,
1356 1435 1408 1453 cae
1429 1436 1445 1453 a
1465 1435 1513 1453 me
1541 1422 1705 1451 breuitatis
1735 1430 1838 1449 caussa
1865 1426 1983 1454 semper

113 1477 277 1515 glossarum
297 1475 360 1515 (gl.)
381 1477 504 1504 nominc
534 1476 697 1513 insignitae
718 1482 796 1505 sunt,
836 1477 944 1514 Longe
971 1475 1131 1513 plurumae
1153 1473 1374 1511 ineptissumae
1397 1472 1591 1511 corruptelae
1612 1475 1700 1504 suut,
1730 1478 1802 1507 quas
1824 1466 1982 1505 plerasque

114 1525 147 1552 in
167 1524 232 1562 ipso
252 1528 340 1552 textu
359 1524 474 1552 codicis
496 1524 685 1552 oxoniensis
705 1526 744 1553 H
760 1525 874 1564 positas
895 1524 1002 1552 uidere
1023 1523 1105 1550 licet.
1144 1521 1226 1549 'Uide
1248 1531 1324 1559 quae
1352 1521 1385 1549 in
1407 1521 1616 1560 descriptione
1638 1518 1722 1546 illius
1744 1515 1857 1544 codicis
1879 1523 1982 1540 excin-

115 1572 166 1611 pla
185 1572 309 1610 protuli.
348 1573 508 1600 Praeterea
528 1573 710 1608 tenendum,
745 1574 882 1601 codicem
908 1572 990 1601 hunc
1011 1570 1256 1599 Laurentianum
1277 1579 1498 1607 saepenumero
1520 1569 1552 1596 in
1574 1564 1882 1605 interpolationibus,
1912 1560 1982 1598 qui-

114 1620 170 1648 bus
191 1619 371 1657 dcprauatus
392 1625 452 1655 est,
473 1620 601 1659 aliisque
621 1621 740 1649 mendis
761 1633 863 1650 secum
884 1619 1128 1649 consentientem
1151 1618 1363 1646 oxoniensem
1385 1628 1406 1653 ψ
1427 1616 1548 1644 habere.
1588 1616 1633 1643 Ita
1654 1625 1721 1642 cum
1740 1613 1794 1641 illo
1815 1609 1840 1650 ἕ.
1856 1620 1880 1645 ς).
1901 1609 1981 1637 cedit

109 1667 255 1706 precibus
276 1671 345 1705 post
364 1667 443 1695 cedit
462 1667 545 1696 addit
560 1670 714 1706 popultts;
740 1668 766 1709 §.
786 1680 830 1707 27.
852 1670 935 1703 (lixi,
963 1673 1063 1705 tegere
1084 1671 1153 1704 post
1173 1667 1241 1694 <lixi
1261 1665 1346 1693 addit
1366 1674 1432 1695 7ne;
1459 1663 1532 1691 ibid.
1553 1674 1609 1702 pro
1631 1669 1665 1690 nt
1686 1663 1758 1689 illae
1778 1657 1884 1687 scribit
1904 1667 1981 1684 calc—

113 1725 164 1744 δαί
185 1715 258 1743 illae
285 1720 339 1747 ut;
371 1711 396 1752 §.
417 1714 458 1743 68.
486 1719 620 1750 uenerit,
653 1717 709 1745 hoc
731 1728 838 1745 nomen
866 1720 936 1755 post
957 1716 1075 1743 uertet-il
1096 1714 1180 1741 addit
1200 1713 1389 1751 satisfacere.
1410 1727 1447 1732 —-
1473 1712 1617 1750 Denique
1644 1707 1845 1741 monendum,
1879 1712 1980 1731 errare

114 1761 314 1796 Bandiniuin,
343 1762 395 1799 qui
414 1762 546 1800 primum
566 1763 647 1793 hunc
668 1765 911 1792 Laurentianum
932 1763 1052 1792 sacculo
1074 1762 1165 1791 XIII.
1184 1761 1334 1799 seriptum
1355 1764 1449 1798 putat.
1488 1759 1560 1787 Non
1581 1768 1669 1797 posse
1690 1756 1775 1794 prius
1797 1763 1885 1791 quam
1905 1760 1980 1779 saec.

115 1810 189 1838 XV.
209 1809 356 1847 scriptum
378 1810 515 1846 censeri,
548 1817 629 1839 recte
650 1812 774 1840 uidetur
793 1813 860 1840 Am.
881 1814 1005 1850 Peyron
1028 1811 1059 1838 in
1080 1811 1124 1838 M.
1146 1809 1234 1837 Tulli
1256 1807 1417 1836 Ciceronis
1440 1807 1538 1835 (narr.
1559 1817 1614 1845 pro
1637 1806 1749 1831 Scauro
1770 1806 1824 1828 etc.
1845 1800 1978 1836 fragium.

114 1858 194 1887 ined.
215 1868 241 1896 p.
261 1858 322 1895 239.
343 1858 506 1885 monuisse.
545 1858 652 1896 Neque
673 1859 753 1888 enim
780 1860 847 1888 iure
868 1859 1002 1888 Bandini
1028 1857 1213 1887 sententiam
1233 1856 1266 1884 in
1286 1857 1384 1884 Pracf.
1405 1855 1441 1883 ad
1462 1866 1540 1883 narr.
1561 1855 1641 1881 lectt.
1670 1862 1709 1879 ex
1729 1849 1793 1878 eod.
1813 1847 1877 1876 Erf.
1899 1851 1978 1874 enot-

113 1917 142 1946 Ρ.
162 1905 219 1934 XI.
239 1905 411 1933 defendisse
432 1906 508 1933 mihi
528 1907 645 1935 uideor.

188 1954 499 1981 Laurentianus
519 1956 716 1983 secandus
737 1954 821 1994 (Lb).
860 1955 1006 1984 Eiusdem
1036 1960 1081 1983 est
1101 1953 1326 1989 bibliothecae,
1360 1953 1436 1991 plut.
1458 1949 1541 1978 LIII.
1563 1947 1626 1976 cod.
1647 1946 1737 1981 XII.,
1771 1944 1942 1981 descriptus
1963 1952 1978 1969 a

114 2001 264 2031 Bandinio
287 2001 322 2028 T.
344 2001 380 2028 II.
401 2011 429 2039 p.
445 2001 498 2030 608
515 2013 572 2041 sq.,
593 2003 645 2041 qui
666 2004 787 2031 saeculo
809 2004 899 2031 XIV.
919 2005 1067 2042 scriptum
1089 2014 1157 2032 cum
1179 2003 1261 2030 dicit.
1277 2017 1315 2022 -—
1335 2001 1503 2037 Aliquanto
1524 1997 1574 2024 hic
1595 1993 1799 2033 praestantior
1820 2002 1907 2029 quam
1924 1990 1977 2023 La,

115 2050 196 2089 quod
214 2059 440 2086 nonnumquam
462 2060 528 2078 cum
550 2051 683 2089 optumis
704 2051 878 2086 codicibus,
898 2052 923 2079 B
944 2057 974 2080 et
993 2052 1030 2086 E,
1051 2051 1082 2078 in
1105 2050 1266 2089 scripturis
1287 2047 1428 2087 genuinis
1449 2043 1613 2073 consentit.
1649 2041 1776 2069 Errabit
1795 2045 1904 2074 autem,
1925 2037 1977 2075 qui

116 2097 210 2126 solius
231 2096 295 2124 eius
316 2097 496 2125 anctoritate
518 2099 612 2127 ullum
634 2099 811 2127 mutandum
833 2099 933 2127 locum
955 2109 1029 2133 esse,
1050 2098 1292 2136 recipiundaque
1313 2096 1417 2129 uerba,
1439 2103 1513 2131 qnae
1534 2091 1615 2119 solus
1636 2099 1863 2127 nonnumquam
1885 2087 1978 2121 addit,

117 2145 289 2173 existumet.
326 2144 482 2182 Expertus
511 2147 592 2175 enim
618 2158 739 2175 manum
766 2147 1064 2185 iiitcrpolatricemst.
1104 2147 1150 2174 Ita
1175 2146 1200 2186 §.
1228 2156 1267 2176 10.
1295 2155 1351 2183 pro
1382 2142 1459 2178 uolg.
1481 2139 1632 2177 scriptura
1660 2143 1693 2164 at
1719 2137 1826 2174 fueris
1854 2137 1978 2171 dignior

117 2193 207 2221 habet
226 2199 259 2220 nt
278 2194 306 2220 δι’
317 2194 436 2231 sctis-ses
456 2195 600 2231 dignior;
627 2193 655 2234 §
676 2205 715 2223 11.
737 2197 791 2232 qui
810 2197 843 2223 in
863 2195 922 2222 hac
942 2200 1120 2231 tempeslale
1135 2195 1249 2232 populi
1267 2195 1418 2221 iactemur
1438 2199 1494 2227 pro
1509 2187 1620 2224 populi
1640 2185 1872 2221 l1abctp<>lagi‚·
1892 2181 1916 2221 ᾗ.
1934 2191 1976 2210 20·

117 2241 194 2279 quid
211 2250 262 2278 ego
283 2241 318 2267 cle
338 2251 399 2275 me,
435 2242 471 2269 (le
489 2242 599 2279 finire
619 2253 682 2271 meo
702 2244 810 2280 loquar
831 2248 899 2270 ante
926 2243 961 2270 (le
980 2242 1088 2279 sralre
1115 2241 1199 2269 addit
1225 2240 1319 2279 qum,-
1352 2236 1377 2277 §.
1398 2246 1440 2266 22.
1468 2235 1638 2272 legalione,
1670 2235 1843 2260 te-stlnmnzo
1869 2229 1976 2258 scribit

115 2290 267 2325 legatione
286 2291 535 2327 testimonioquffi·
552 2288 577 2329 §
598 2291 641 2319 33.
661 2292 693 2318 in
717 2291 749 2326 Q.
770 2291 950 2319 Scaeuolam
970 2289 1077 2317 scribit
1097 2289 1231 2316 induant
1254 2286 1286 2322 Q.
1306 2285 1486 2313 Scaeuolam
1496 2293 1506 2315 ;
1526 2280 1551 2320 §.
1573 2281 1615 2309 54.
1636 2292 1656 2308 α
1676 2281 1811 2308 Plancio
1832 2279 1888 2306 tibi
1907 2282 1975 2305 ante

117 2335 173 2364 cibi
198 2334 281 2362 addit
298 2335 496 2370 Lemo112‘am;
525 2335 550 2376 §.
571 2338 613 2366 54.
639 2338 761 2366 indicas
792 2348 859 2365 eum
882 2347 949 2365 cum
969 2336 1036 2364 aliis
1057 2341 1126 2363 ante
1147 2345 1215 2363 eum
1234 2333 1318 2361 addit
1338 2344 1380 2361 an
1400 2332 1494 2363 dicim
1531 2327 1556 2368 §.
1577 2329 1623 2357 55.
1640 2328 1772 2360 recenti,
1806 2337 1887 2353 nunc
1907 2324 1991 2352 ante‘

118 2393 200 2411 nnnc
226 2382 309 2410 addit
335 2394 430 2421 neque
456 2388 554 2419 enim;
586 2383 612 2424 §
632 2385 669 2414 60
688 2390 764 2413 extr.
793 2390 864 2424 post
883 2387 1037 2413 consecull
1062 2383 1146 2412 addit
1165 2388 1258 2415 sunm
1291 2378 1318 2420 §.
1338 2380 1381 2409 61.
1401 2379 1556 2411 lacunam,
1588 2386 1663 2414 quae
1685 2376 1715 2403 iu
1737 2374 1822 2402 codd.
1842 2372 1974 2401 familiae

117 2431 225 2460 tertiae
252 2430 391 2459 omnibus
418 2437 478 2469 est,
510 2433 593 2461 Didi
618 2444 729 2462 nomen
756 2444 818 2462 non
845 2433 1047 2469 habentibus,
1080 2431 1125 2459 sic
1145 2429 1303 2469 expleuit,
1335 2433 1371 2457 ut
1397 2428 1535 2466 ineptum
1555 2434 1667 2452 nomen
1687 2423 1810 2450 Manlii
1827 2424 1973 2459 pom-ren

1518 2480 1532 2504 1
1549 2474 1561 2487 Y
