2264 2746
254 94 306 120 204
891 77 1464 111 COMMENTARIUS.

337 163 418 194 Sine
440 161 567 193 tlzensis
592 165 706 192 antem
728 157 813 200 qaid
828 160 950 198 potero
976 151 1102 195 dicere)
1146 152 1241 183 Iocus
1271 152 1462 183 Laterensis
1492 151 1533 182 de
1563 151 1690 183 thensis
1716 150 1829 182 locum
1851 151 1990 183 habebat
2013 150 2108 184 uerbi

254 226 367 248 caussa
388 213 488 245 etiam
510 213 544 244 in
567 211 634 242 istis
655 211 730 243 Aet.
755 210 799 241 V.
823 208 858 239 in
880 207 978 239 Uerr.
1000 216 1051 247 72.
1073 217 1253 249 omnesque
1274 205 1321 246 di,
1348 204 1408 248 qui
1430 204 1599 237 uehiculis
1618 205 1818 237 tlzensarum
1842 204 2015 236 sollemnis
2037 215 2112 236 coe-

257 276 313 302 tus
335 268 496 300 ludorum
518 265 625 296 initis.
670 262 872 294 ORELLIFS.

341 321 413 354 Hic
434 319 537 350 etiam
558 315 744 353 addidisti,
766 326 819 346 me
841 313 969 345 idcirco
992 324 1067 344 metz
1090 311 1166 354 lege
1188 310 1292 343 exilio
1316 309 1484 342 ambitum
1505 310 1671 349 sanxisse,
1694 309 2022 344 zet-miserabiliores
2045 308 2118 351 epi-

258 378 505 420 [οὑτω-[10338111
531 368 656 409 dicere)
701 365 833 399 Uaria
862 364 1154 396 cauillatione
1182 363 1441 395 Laterensis
1470 369 1705 394 exeruerat
1734 363 2010 406 asperitatem
2033 367 2121 391 sto-

259 425 395 460 machi
425 421 485 453 sui
517 421 558 451 in
587 421 635 452 M.
659 419 875 457 Tullium,
913 423 958 448 ut
987 417 1110 448 etiam
1142 427 1204 456 ea,
1236 416 1391 458 quibus
1416 415 1543 446 illius
1566 415 1704 446 oratio
1728 416 1911 447 maxime
1936 413 2120 452 floruit,

259 481 432 512 eleuare
455 496 464 505 .
488 495 497 504 .
521 494 530 504 .
555 473 581 516 ¹)
614 477 927 515 perseueraret.
972 471 1057 502 Nec
1079 469 1324 512 ignoramus
1347 473 1524 499 auctore
1551 468 1643 511 ipso
1668 467 1882 500 Cicerone
1903 473 1943 498 et
1965 468 2004 499 C.
2027 466 2121 499 An-

258 531 377 565 tonio
408 538 517 559 conS.
548 525 687 567 legem
715 524 981 556 seueriorem
1010 523 1057 554 de
1085 522 1308 565 puniendo
1339 520 1498 552 ambitu
1520 520 1740 562 scriptam,
1776 521 1900 552 cuius
1928 519 2123 552 meminit

259 595 333 627 pro
362 582 550 614 Blurena.
594 580 697 610 Nam
735 576 996 608 clementior
1032 575 1310 617 aliquatenus
1340 572 1574 605 uidebatur
1606 573 1678 604 lex
1707 573 1844 605 fuisse
1874 571 2121 616 Calpurnia.

257 635 340 668 Hic
370 644 468 675 ergo
497 637 712 663 mutuatus
742 635 804 660 est
833 628 1175 660 occasiunculam
1203 627 1416 670 quandam
1444 625 1628 658 amarius
1651 626 1908 665 lacessendi,
1938 632 1981 657 ut
2002 624 2125 656 uide-

257 693 379 719 retur
416 684 673 716 atrociorem
708 693 893 725 poenam
923 686 1158 724 eapropter
1187 680 1397 712 aduersus
1430 678 1630 710 ambitum
1659 678 1924 717 decreuisse,
1966 684 2009 709 ut
2043 689 2122 721 pro

256 740 345 772 reis
376 737 508 770 multo
540 735 816 767 lacrimosius
840 739 1082 778 peroraret.
1127 735 1221 766 Non
1252 733 1390 765 minus
1412 738 1555 763 tamen
1580 731 1738 762 urbane
1761 735 1803 761 et
1824 730 1919 773 ipse
1941 742 2124 774 respon·-

258 793 345 833 det,
386 791 599 822 denotans
628 788 804 819 nimiam
834 787 1085 820 Laterensis
1115 793 1155 818 et
1182 786 1507 818 immoderatam
1546 782 1890 815 contumeliosae
1924 783 2125 814 audaciae

256 845 544 878 insulsitatem
573 840 770 872 dicendo:
808 840 874 871 sed
900 841 1000 872 haec
1034 839 1185 872 nescio
1219 838 1423 882 quomodo
1456 837 1713 878 frequenter
1741 835 1785 867 in
1814 847 1876 867 me
1907 835 2125 878 congessi-

256 899 328 938 sti,
351 906 536 938 saneque
565 894 609 925 in
632 906 677 925 eo
709 892 860 923 creber
883 892 1023 924 fuisti.
1069 894 1125 926 Ut
1146 893 1244 924 haec
1266 891 1485 924 inmodica
1507 889 1656 921 creber
1682 888 1828 928 fuisti,
1869 895 1906 920 et
1927 888 1974 919 ab
1997 889 2126 931 inpu-

258 950 432 983 dentiae
454 947 703 980 temeritate
725 944 1010 984 uenientia12)
1032 946 1193 977 SCHOLIA
1216 946 1475 978 AMBROSIANA.
1518 941 1672 974 Profecto
1694 941 1820 973 recenti
1841 941 1948 973 adhuc
1970 953 2028 972 sua
2052 942 2126 985 lege

259 1015 336 1035 cum
368 1014 429 1045 pro
452 1001 596 1033 Murena
620 999 762 1037 diceret,
796 997 856 1029 hac
888 998 957 1029 eius
987 998 1068 1040 legis
1097 1010 1207 1041 poena
1237 1009 1264 1029 c.
1294 998 1346 1029 41.
1377 1008 1456 1028 usus
1480 1001 1529 1027 est
1554 994 1777 1026 ornatissume
1799 993 1842 1024 ad
1864 994 2126 1026 misericordiam

258 1056 406 1088 iudicum
439 1052 660 1084 excitandam.
705 1051 748 1083 A.
773 1051 881 1082 Maius
907 1050 1144 1082 conferendam
1176 1062 1246 1082 esse
1267 1049 1516 1081 adnotationem
1547 1048 1692 1079 eiusdem
1716 1046 1864 1078 hominis
1895 1047 2063 1080 intellexit
2085 1047 2127 1080 ad

261 1108 445 1141 orationem
468 1117 530 1148 pro
554 1105 590 1136 P.
614 1105 708 1135 Sulla
737 1115 807 1146 cap.
832 1105 861 1134 5.
886 1115 919 1146 p.
946 1115 994 1145 70.
1020 1104 1067 1146 [p.
1096 1115 1152 1146 129
1176 1115 1224 1145 sq.
1249 1103 1298 1133 ed.
1321 1103 1423 1143 sec.]‚
1457 1101 1517 1132 ubi
1539 1101 1620 1132 haec
1643 1100 1819 1142 leguntur:
1855 1100 2028 1133 Damnati
2050 1102 2126 1145 lege

259 1161 420 1194 Cornelia
443 1160 504 1191 hoc·
526 1170 636 1201 genus
654 1168 786 1199 poenae
799 1155 983 1199 ferebant,
1013 1162 1053 1188 ut
1075 1157 1347 1199 magistratuum
1363 1155 1533 1198 petitione
1550 1165 1616 1196 per
1639 1153 1753 1184 decem
1776 1165 1883 1184 annos
1905 1153 2126 1187 abstinerent.

261 1215 454 1257 Aliquanto
471 1217 593 1254 postea
616 1209 767 1241 seuerior
795 1209 848 1239 lex
873 1208 1065 1253 Calpurnia
1093 1214 1125 1240 et
1142 1209 1292 1251 pecunia
1314 1207 1481 1238 manauit
1510 1206 1573 1247 (est
1602 1206 1638 1236 in
1668 1205 1737 1235 cod.
1769 1206 1881 1238 multa
1900 1205 2005 1249 fait)
2025 1212 2058 1238 et
2089 1207 2126 1239 in

258 1270 462 1309 perpetuum
489 1262 673 1295 honoribus
707 1261 809 1293 iussit
839 1274 955 1294 carere
987 1262 1178 1293 damnatos.
1228 1259 1411 1291 Habebunt
1443 1264 1555 1290 tamen
1586 1258 1763 1289 licentiam
1789 1259 1921 1290 Romae
1953 1260 2125 1292 morandi.

260 1319 388 1351 Postea
418 1317 488 1347 iam
513 1316 686 1347 damnatis
714 1315 814 1346 Sulla
845 1321 877 1347 et
898 1316 1072 1349 Autronio
1096 1325 1245 1358 poenam
1268 1312 1308 1344 de
1330 1311 1461 1343 ambita
1482 1311 1684 1353 grauiorem
1714 1311 1867 1342 consules
1890 1311 1926 1343 C.
1948 1311 2124 1344 Antonius

263 1377 296 1404 et
319 1370 434 1402 Cicero
457 1373 665 1407 sanxerunt,
706 1373 745 1400 ut
761 1374 904 1411 praeter
932 1369 1014 1400 liaeo
1046 1366 1219 1400 ueteribus
1248 1363 1382 1407 legibus
1414 1363 1603 1394 constituta
1628 1363 1733 1394 etiam
1755 1362 1859 1394 exilio
1882 1364 2126 1397 multarentur.

261 1425 334 1455 Iam
356 1423 443 1464 leges
473 1420 615 1451 ambitus
640 1421 781 1462 conlegit
808 1421 962 1463 Sigonius
993 1421 1036 1451 ΙΙ.
1063 1420 1102 1450 de
1128 1418 1256 1450 iudiciis
1280 1418 1350 1456 50„
1385 1416 1425 1447 de
1448 1414 1554 1447 isdem
1578 1415 1683 1446 multa
1714 1414 1874 1456 perdocte.
1898 1415 2071 1447 Manutius
2093 1416 2130 1447 in

262 1476 378 1508 libello
403 1475 441 1505 de
461 1474 609 1516 Legibus
633 1485 703 1516 cap.
726 1474 916 1512 XXVIII.;
955 1473 1083 1515 aliquid
1109 1479 1220 1503 tamen
1242 1471 1281 1501 de
1304 1471 1365 1502 hac
1387 1469 1460 1511 lege
1481 1467 1596 1499 Tullia
1624 1467 1720 1499 nobis
1743 1467 1956 1500 adiciendum
1981 1468 2128 1500 uidetur.

262 1529 422 1567 Fontem,
447 1539 489 1558 ex
514 1539 579 1569 quo
603 1527 761 1565 manarit,
785 1526 991 1558 demonstrat
1013 1525 1181 1558 Asconius
1205 1535 1238 1567 p.
1263 1535 1334 1566 977.
1359 1522 1410 1553 ed.
1432 1522 1568 1559 Graeu„
1588 1519 1673 1551 ‘dum
1696 1527 1933 1562 argumentum
1956 1521 2027 1552 eius
2052 1533 2129 1553 ora-

263 1580 361 1613 tionis
385 1586 523 1615 enarrai,
550 1591 648 1621 quam
666 1579 781 1610 Cicero
806 1578 987 1610 consularis
1010 1577 1201 1609 candidatus
1227 1575 1345 1608 habuit
1365 1574 1400 1605 in
1423 1579 1556 1605 senatu:
1580 1573 1691 1613 Quom
1714 1574 1834 1606 indies
1857 1574 1998 1606 licentia
2020 1574 2130 1606 ambi-

267 1640 322 1666 tus
353 1639 542 1675 augeretur
558 1639 702 1676 propter
719 1633 947 1676 praecipuam
969 1632 1140 1663 Catilinae
1171 1636 1203 1662 et
1225 1629 1358 1662 Antoni
1388 1626 1588 1665 audaciam,
1629 1633 1807 1659 censuerat
1830 1633 1982 1667 senatus,
2015 1633 2055 1659 ut
2077 1627 2132 1658 lex

266 1686 413 1719 ambitus
447 1691 551 1717 aucta
579 1686 683 1717 etiam
714 1698 791 1717 cum
815 1698 929 1729 poena
950 1683 1123 1727 ferretur.
1166 1683 1215 1714 Ei
1238 1693 1368 1726 quoque
1391 1681 1442 1712 rei
1464 1680 1505 1719 Q.
1528 1679 1668 1711 Mucias
1692 1679 1874 1712 Orestinus
1901 1680 2059 1712 tribunus
2080 1680 2128 1722 pl.

269 1740 527 1775 interces.s·erczt;
560 1750 660 1781 quom
682 1738 816 1776 Cicero,
843 1739 1006 1781 grauiter
1028 1742 1149 1768 senatu
1173 1735 1447 1767 intercessionem
1460 1732 1619 1776 ferente,
1653 1733 1805 1764 surrexit
1825 1739 1928 1777 atque
1951 1734 1987 1765 in
2010 1733 2128 1764 coitio-

269 1805 343 1824 nem
375 1791 544 1823 Catilinae
573 1795 604 1821 et
627 1790 759 1822 Antoni
790 1791 945 1823 inuectus
975 1796 1025 1822 est
1054 1794 1132 1821 aute
1156 1788 1228 1819 dies
1250 1788 1466 1819 comitiorum
1482 1797 1624 1830 pauc-os.
1668 1785 1805 1816 Postero
1824 1797 1915 1819 anno
1938 1797 1989 1816 res
2013 1783 2128 1815 eadem

269 1845 304 1875 iu
327 1851 440 1876 senatu
462 1850 531 1874 acta
554 1850 599 1874 est
630 1849 662 1874 et
685 1856 728 1875 ex
752 1844 821 1875 eius
846 1843 1041 1874 auctoritate
1060 1840 1225 1884 perfecta;
1260 1851 1335 1870 cum
1359 1839 1493 1881 quidem
1516 1839 1570 1870 uir
1595 1838 1910 1882 praestantissumus
1932 1844 2031 1879 atque
2053 1848 2129 1879 gra-

270 1898 452 1929 uissumus,
491 1897 560 1927 Ser.
585 1896 770 1938 SulpiciuS,
812 1897 1022 1927 consulatum
1050 1899 1179 1937 peteret
1209 1892 1422 1934 aliorumque
1449 1891 1576 1922 ambitu
1607 1891 1850 1923 excluderetur.
1898 1892 1929 1923 Is
1955 1891 2067 1932 itaque
2095 1897 2129 1921 ut

271 1950 327 1981 lex
349 1950 493 1981 ferretur
515 1949 651 1980 lubente
677 1956 791 1981 senatu
814 1949 1034 1979 uehementer
1056 1947 1207 1978 instabat.
1254 1945 1319 1977 Cui
1342 1945 1460 1976 Cicero
1483 1955 1546 1986 pro
1564 1944 1707 1975 Murena
1731 1955 1757 1974 c.
1774 1945 1841 1976 25.:
1864 1945 1996 1987 Legem
2017 1941 2127 1974 ambi-

276 2008 329 2033 tus
351 2003 551 2047 flagitasti,
584 2015 670 2046 qnae
700 2003 762 2034 tibi
791 2014 856 2034 non
889 2003 1024 2033 deerat.-
1060 2005 1135 2032 erat
1157 2000 1247 2031 enim
1269 1999 1493 2030 seueri-§sume
1516 1998 1646 2040 scripta
1668 1996 1867 2040 Calpurnia.
1911 1994 2019 2035 Atqui
2041 1993 2130 2024 Tul-

274 2054 318 2084 lia
340 2055 408 2096 ipsa
430 2056 577 2086 seuerior
599 2056 761 2086 ambitum
784 2066 852 2085 11011
875 2053 1045 2097 repressit.
1091 2053 1216 2085 Gestus
1243 2057 1293 2084 est
1315 2063 1386 2083 mos
1407 2056 1439 2082 et
1462 2050 1636 2082 uoluntati
1658 2055 1690 2080 et
1714 2049 1883 2093 dignitati
1907 2054 1997 2079 tuae.
2043 2046 2130 2077 Cum

277 2105 408 2147 quidem
431 2107 513 2138 hanc
536 2108 643 2150 legem
667 2115 778 2151 patres
800 2107 1019 2138 necessariam
1041 2105 1237 2137 iudicarent.
1282 2105 1420 2136 Praeter
1443 2103 1585 2134 exilium
1606 2113 1708 2145 porro
1737 2102 1802 2132 duo
1831 2101 1895 2131 alia
1921 2100 2028 2142 capita
2056 2110 2129 2130 me-

277 2165 465 2190 morantur:
498 2173 609 2203 pocna
628 2162 777 2207 grauior
800 2162 835 2193 in
854 2159 1005 2206 plebem,
1036 2169 1159 2203 nempe
1184 2158 1220 2189 in
1242 2157 1420 2200 sequestris
1443 2155 1592 2198 aliosque
1617 2154 1757 2186 ambitus
1779 2153 2006 2192 administros,
2047 2163 2128 2193 quos

357 2323 383 2362 1)
424 2325 559 2362 Spatium
583 2338 645 2356 csso
665 2331 698 2358 in
718 2331 824 2359 codice
844 2330 933 2359 unius
954 2329 1098 2358 uocabuli
1118 2328 1155 2356 A.
1175 2327 1276 2356 Maius
1296 2332 1408 2354 monet.

353 2373 382 2409 2)
420 2371 508 2400 fidit
530 2374 734 2410 Nichuhrius,
756 2388 822 2406 cum
845 2377 1063 2406 exclamatione
1084 2376 1157 2403 haec
1177 2375 1259 2403 dicta
1279 2383 1351 2402 esse.

2244 1513 2257 1645 anfi—eo
2244 1326 2258 1505 maan-‚3
2246 1253 2256 1315 «οι-«ρ
2241 1226 2254 1240 l
