2264 2746
617 145 641 174 C
662 145 689 173 A
710 147 750 174 P.
790 145 899 174 XXII.
928 144 955 185 §.
984 151 1029 178 54.
1056 162 1093 166 -
1114 146 1240 174 XXIII.
1267 146 1294 186 §.
1316 152 1360 178 55.
1869 153 1921 179 151

48 234 75 252 c.
102 233 131 259 ¹7.
159 222 211 253 Tu
236 234 343 264 neque
365 221 406 261 Q.
430 218 668 262 Pedio,fm·ti
697 221 789 257 uiro,
825 234 1019 260 suscenses,
1051 234 1158 264 neque
1186 222 1266 253 hnic
1287 222 1332 253 A.
1357 221 1492 258 Plotio,
1526 219 1756 251 ornatissnmo
1781 221 1922 260 homiui,

38 275 222 319 familiari
253 287 343 313 meog
376 280 407 305 et
430 274 471 306 ab
495 286 550 311 eo,
585 273 644 316 qui
666 273 725 303 lzos
753 274 899 305 dimouit
916 276 1036 318 pocius·
1065 288 1166 318 qustm
1189 275 1230 306 ab
1251 275 1313 312 iis,
1348 274 1407 317 qui
1429 274 1464 304 itt
1491 278 1522 304 te
1546 273 1659 315 ipsum
1681 273 1922 314 incubuerunt,

50 332 82 358 te
104 327 285 370 depulsum.
302 333 421 370 putas.
467 327 562 367 Quae
593 336 722 362 caussa,
760 337 818 356 cur
843 338 908 356 non
934 328 1059 366 Plotio,
1096 334 1145 357 sct
1176 327 1310 357 Plancio
1340 327 1554 357 suscenseat?
1593 336 1676 366 quae
1705 337 1826 368 porro,
1863 338 1923 358 cur

49 390 117 410 non
141 379 254 417 illum,
278 386 328 411 set
350 380 439 411 hunc
461 377 652 410 Laterensis
676 381 848 410 accusset?
871 386 929 410 aut
951 380 1060 419 nulla,
1090 387 1147 411 aut
1170 381 1216 411 ita
1238 380 1340 417 leuis,
1368 385 1406 409 ut
1428 390 1494 409 non
1521 383 1690 420 appareat.
1734 380 1810 411 Hoc
1833 380 1923 410 enim

49 432 229 474 significat,
265 444 365 473 quom
389 432 452 464 ait:
494 444 515 463 (ι
539 443 603 474 qno
628 443 694 463 non
722 433 768 463 sis
792 438 956 475 rogatus:
993 433 1081 475 quod
1106 445 1174 464 non
1200 432 1288 464 serio
1311 443 1457 473 uereque
1481 431 1623 471 dicitur,
1657 431 1751 472 quasi
1771 443 1790 462 a
1812 431 1922 464 Plotio

50 492 186 528 rogatus
210 484 358 515 fuerit.'“

137 548 230 579 Eum
255 553 286 579 te
309 547 512 589 arripuisse)
555 546 729 577 Plancium
767 553 799 578 te
828 547 899 579 sine
928 548 1058 579 ratione
1087 548 1224 587 idonea,
1260 546 1451 578 temeritate
1475 547 1616 588 quadam
1646 547 1680 577 in
1705 547 1755 579 ius
1778 559 1922 579 uocasse.

50 602 129 632 Non
161 600 251 631 enim
282 599 468 641 simplicem
492 600 697 631 accusszmdi
727 600 918 641 notionem,
954 608 991 632 ut
1021 601 1156 632 uidetur
1180 600 1334 632 Manutio
1360 600 1593 641 Graeuioque,
1629 601 1784 644 arripere
1813 602 1923 633 habet.

50 652 218 694 Exempla
242 651 333 682 dabit
358 652 528 683 Gesnerus
553 653 613 683 sub
638 653 670 683 h.
696 664 787 683 uoce.

134 715 170 748 A
192 728 256 758 qno
279 727 345 746 non
368 716 415 746 sis
439 716 597 759 rogatus)
642 717 690 748 Ut
710 727 751 746 ne
774 727 898 746 nomen
921 728 1019 748 suum
1043 727 1061 746 a
1085 721 1117 746 te
1141 715 1343 746 deferretur.

134 778 232 811 Nam
255 779 346 821 qnod
370 785 508 821 questus
532 780 577 820 es)
625 780 676 810 De
705 790 802 809 sensu
832 792 913 811 nam
943 779 1126 822 particulae
1157 779 1244 809 mira
1269 777 1523 809 comminiscitur
1549 777 1738 810 XVeiskius.
1783 779 1928 810 Dixerat

51 830 153 861 modo
178 831 313 869 Cicero,
338 832 448 862 uideri
473 834 710 867 Laterensem,
735 837 772 861 ut
790 831 964 861 Plancium
987 831 1212 873 potissumum
1236 843 1332 861 reum
1354 830 1493 868 faceret,
1519 841 1594 860 cum
1618 831 1652 861 in
1682 830 1772 862 idem
1800 833 1927 864 crimen

51 883 181 914 uocarit
202 885 246 916 A.
272 884 436 920 Plotium,
463 885 524 915 hac
550 890 744 914 conmotum
769 895 880 915 caussa
904 896 989 922 esse,
1025 884 1114 926 quod
1138 896 1155 914 a
1179 884 1335 921 Plancit),
1375 889 1413 913 ut
1436 894 1477 913 ne
1502 895 1624 914 nomen
1649 896 1747 914 suum
1771 884 1928 924 deferret,

51 947 120 967 non
149 936 193 967 sit
224 943 369 978 rogatus.
415 938 496 968 Eius
526 936 710 968 sentcntiae
740 938 904 967 rationem
929 948 1018 966 nunc
1039 937 1166 973 reddit,
1201 937 1247 968 ita
1270 942 1307 967 ut
1329 942 1541 978 argumenta,
1577 936 1697 977 quibus
1720 937 1929 976 Laterensis,

52 995 90 1019 ut
111 989 225 1019 Planci
247 990 470 1031 potissumum
496 1002 617 1021 nomen
643 988 805 1027 deferret,
831 989 967 1019 ductum
991 1001 1025 1020 se
1048 989 1198 1028 dixerat,
1222 989 1309 1020 nihil
1335 989 1449 1019 ualere
1471 995 1617 1019 moneat.

136 1052 259 1084 Pluris
290 1059 322 1084 te
345 1054 438 1084 testis
461 1054 583 1085 habere
612 1054 653 1084 (le
682 1052 852 1093 Uoltinia)
899 1051 967 1092 Qui
998 1052 1187 1085 Uoltiniam
1217 1064 1235 1082 a
1266 1051 1400 1082 Plancio
1431 1058 1625 1094 corruptam
1655 1064 1724 1084 esse
1754 1058 1929 1084 testentur.

55 1103 126 1136 Cfr.
161 1105 197 1136 C.
221 1106 337 1138 XVII..
370 1107 398 1147 ξ.
423 1106 474 1137 45.
515 1107 671 1138 Uoltinia
701 1105 812 1137 [ribus
840 1105 881 1137 ab
910 1106 972 1137 lwc
999 1112 1173 1150 corrupta.
1217 1104 1466 1137 Incredibiliter
1497 1104 1533 1135 in
1562 1105 1613 1136 his
1638 1105 1846 1148 explicandis
1878 1116 1932 1135 er·-

53 1163 105 1188 rat
132 1157 317 1189 Weiskius.

141 1222 301 1260 Indicas,
325 1227 387 1253 aut
410 1233 463 1253 eos
487 1221 584 1252 testis
607 1226 639 1252 te
655 1220 864 1264 producere,
896 1233 975 1263 φα,
1005 1223 1088 1265 qnia
1111 1233 1265 1253 nummos
1287 1221 1496 1263 acceperint,
1525 1227 1557 1253 te
1574 1225 1842 1266 praeteriermt,
1871 1229 1933 1255 aut

56 1281 89 1307 te
109 1287 149 1306 ne
168 1276 331 1318 gratuita
354 1274 491 1317 quidem
513 1285 629 1304 eorum
651 1272 828 1316 suffragia
852 1273 984 1316 tulisse)
1029 1275 1139 1316 Negat
1163 1274 1297 1311 Cicero,
1322 1285 1404 1314 quos
1428 1274 1620 1306 Laterensis
1644 1276 1684 1307 de
1710 1275 1862 1309 Uoltinia
1884 1280 1934 1306 te-

53 1327 112 1359 stis
135 1340 170 1359 se
192 1328 315 1359 habere
339 1326 444 1365 dicat,
469 1338 588 1356 eorum
611 1325 721 1356 audiri
745 1325 976 1357 testimonium
997 1338 1106 1369 posse.
1151 1328 1239 1358 Nam
1261 1332 1318 1357 aut
1340 1326 1492 1368 corrupti
1517 1334 1614 1365 sunt,
1639 1329 1767 1371 inquit,
1790 1340 1809 1359 a
1831 1329 1935 1360 Plan-

55 1381 124 1420 cio,
147 1387 186 1412 ut
214 1387 247 1411 te
276 1379 519 1422 praeterirent3
558 1390 624 1419 quo
648 1377 734 1408 facto
758 1383 857 1408 testes
882 1389 951 1410 csse
974 1391 1042 1410 non
1066 1385 1222 1421 possunt,
1257 1391 1331 1409 cum
1363 1379 1430 1409 sint
1453 1381 1623 1422 corrupti3
1659 1388 1717 1412 aut
1739 1381 1820 1411 tales
1843 1386 1932 1420 sunt,

57 1433 115 1475 qui
144 1444 213 1463 non
244 1431 395 1473 corrupti
422 1442 441 1461 a
464 1431 599 1462 Plancio
633 1437 742 1461 tamen
774 1431 863 1461 hunc.
894 1431 1076 1462 maluerint
1101 1443 1201 1473 quam
1228 1438 1260 1462 te
1283 1431 1450 1474 suffragiis
1483 1432 1550 1463 suis
1575 1433 1719 1464 aedilem
1743 1433 1932 1471 declarare3

58 1498 125 1529 quo
148 1484 235 1516 facto
259 1484 518 1526 inprobabilest,
549 1496 604 1515 eos
629 1490 744 1514 contra
770 1484 942 1515 Plancium
966 1496 1036 1516 esse
1059 1485 1289 1516 testimonium
1314 1484 1480 1522 dicturos,
1511 1485 1575 1516 nisi
1598 1486 1739 1528 pecunia
1762 1498 1780 1516 a
1803 1492 1836 1516 te
1862 1497 1935 1517 em·-

59 1539 109 1583 pti
132 1538 173 1569 ad
198 1536 426 1569 testimonium
451 1537 699 1578 perhibendum
723 1536 787 1567 huc
810 1538 1017 1569 accesserint.
1062 1539 1193 1571 Uerum
1218 1537 1408 1568 Laterensis
1432 1549 1508 1568 cum
1532 1537 1672 1577 diceret,
1696 1539 1804 1581 pluris
1827 1550 1861 1570 se
1883 1545 1936 1570 te-

58 1592 118 1623 stis
142 1591 264 1622 habere
289 1590 329 1620 de
352 1590 520 1628 Uoltinia,
563 1601 661 1631 quau]
687 1596 768 1631 quot
790 1590 824 1620 in
849 1601 885 1620 ea
910 1590 999 1620 tribu
1023 1597 1146 1633 puncta
1168 1591 1301 1627 tulerit,
1338 1602 1412 1621 mea
1437 1591 1600 1622 sententia
1623 1592 1686 1622 hoe
1710 1592 1845 1623 uidetur
1871 1604 1936 1623 uo-

61 1645 163 1677 luisse
186 1643 410 1685 conprobare,
439 1643 562 1673 tribum
586 1642 679 1672 illam
704 1641 880 1673 manifesto
904 1654 965 1685 per
986 1643 1109 1674 sodalis
1133 1649 1279 1673 coactam
1303 1655 1390 1681 esse,
1423 1650 1461 1674 ut
1484 1644 1657 1674 Plancium
1679 1644 1845 1686 suffragiis
1867 1644 1936 1675 suis

63 1698 208 1730 aedilem
229 1702 373 1735 crearet,
396 1695 497 1737 idque
521 1706 563 1725 ex
587 1706 624 1725 co
649 1700 780 1737 patere,
809 1694 895 1735 quod
923 1696 1021 1726 multi
1047 1696 1153 1726 tribus
1177 1696 1267 1727 illius
1291 1696 1460 1733 homines,
1487 1696 1543 1737 qui
1566 1707 1600 1726 se
1623 1707 1691 1726 non
1714 1695 1854 1727 fecerint
1879 1708 1937 1727 ae-

19 1753 27 1757 ”
61 1751 182 1787 dilem,
207 1750 350 1791 ideoque
373 1761 391 1780 a
413 1761 447 1779 se
470 1747 621 1789 corrupti
645 1747 709 1778 dici
733 1753 917 1789 nequeant,
941 1760 959 1778 a
982 1748 1118 1779 Plancio
1141 1748 1268 1779 tribum
1291 1748 1382 1780 illam
1407 1755 1600 1791 corruptam
1626 1755 1807 1787 testentur3
1841 1760 1937 1790 quos,

62 1804 91 1836 si
113 1815 132 1834 a
154 1802 289 1833 Plancio
313 1813 468 1832 nummos
493 1801 712 1843 accepissent,
753 1801 904 1830 minume
927 1807 1045 1832 contra
1067 1813 1145 1832 eum
1167 1802 1398 1833 testimonium
1426 1814 1495 1834 esse
1520 1802 1686 1838 dicun-053
1724 1802 1836 1844 itaque
1860 1813 1938 1832 coa-

63 1863 131 1888 ctos
149 1866 218 1886 esse
236 1854 281 1893 ui,
306 1860 341 1884 ut
355 1854 466 1884 Planci
491 1853 627 1884 nomine
653 1853 786 1884 tabellas
810 1853 1041 1892 inscriberent,
1064 1854 1249 1885 necessario
1265 1855 1479 1886 statuendum
1494 1866 1574 1885 esse.
1619 1855 1734 1895 Atque
1748 1855 1821 1893 hoe,
1847 1853 1938 1896 quod

64 1908 255 1941 Laterensis
279 1907 410 1946 obiecit,
437 1906 574 1945 crimen,
597 1906 658 1937 etsi
682 1906 791 1937 denuo
817 1906 935 1937 callide
960 1906 1078 1938 Cicero
1102 1907 1228 1946 reiecit,
1255 1913 1366 1938 tamen
1390 1907 1526 1939 diluisse
1548 1908 1700 1938 minume
1726 1913 1837 1950 potest
1860 1906 1936 1938 dici.

827 1995 856 2028 C
883 1993 913 2028 A
939 1994 986 2028 P.
1031 1995 1171 2028 XXIII.

153 2069 182 2109 §.
206 2068 256 2099 55.
302 2066 425 2110 IVeque
448 2067 537 2098 enim
561 2067 622 2109 qui
644 2067 699 2098 illi
721 2068 853 2099 nummi
870 2066 1032 2110 fuerint,
1071 2078 1132 2098 nec
1155 2079 1241 2110 qnae
1270 2065 1399 2105 tribus,
1424 2079 1483 2099 nec
1506 2069 1566 2110 qui
1588 2068 1740 2106 diuisor,
1775 2065 1938 2109 ostendis)

69 2123 134 2154 Pro
158 2121 325 2159 ostendis,
350 2119 439 2161 quod
465 2126 684 2162 optumorum
708 2120 861 2151 codicum
884 2120 910 2150 B
935 2125 967 2150 et
989 2119 1017 2150 E
1041 2120 1256 2158 auctoritate,
1289 2120 1408 2161 quibus
1431 2120 1484 2151 Lb
1507 2120 1648 2159 accedit,
1684 2119 1814 2161 primus
1838 2118 1938 2149 resti-

67 2175 134 2213 tui,
178 2173 278 2215 uolgo
302 2174 474 2215 legebatur
499 2173 698 2205 ostenderis.
744 2173 839 2213 Quae
871 2172 1037 2214 scriptura
1066 2171 1126 2203 etsi
1157 2172 1356 2213 quibusdam
1385 2185 1461 2204 cum
1484 2173 1615 2205 Orellio
1649 2171 1778 2203 facilius
1801 2181 1862 2212 per
1883 2181 1938 2201 er-

66 2239 179 2260 rorem
204 2226 237 2257 in
257 2227 405 2258 ostendis
429 2226 551 2257 mutari
576 2226 724 2268 potuisse
747 2226 912 2264 uideatur,
937 2237 1036 2267 quam
1059 2230 1185 2263 contra,
1210 2236 1368 2256 maxume
1392 2237 1468 2257 cum
1490 2225 1638 2268 syllabae
1661 2237 1697 2257 er
1720 2224 1783 2255 hoc
1804 2224 1898 2266 signo
1923 2223 1933 2249 ⁸

68 2279 296 2323 superscripto
327 2278 466 2309 iudicari
497 2278 564 2310 sint
596 2279 730 2317 solitae,
766 2285 877 2309 tamen
907 2290 925 2308 a
957 2278 1120 2309 Cicerone
1153 2289 1220 2308 non
1250 2283 1360 2320 potest
1387 2277 1537 2320 prosecta
1568 2277 1723 2316 iudicari,
1768 2288 1845 2307 cum
1873 2276 1939 2308 loci

69 2331 253 2364 sentcntiae
276 2329 484 2361 aduersetur.
528 2332 588 2363 Est
620 2331 707 2362 enim
740 2332 925 2363 ostenderis
956 2330 1046 2360 idem
1076 2329 1146 2360 fere
1177 2336 1277 2371 atque
1306 2332 1481 2362 ostendere
1507 2331 1647 2374 poteris.
1691 2330 1761 2361 Iam
1787 2341 1863 2360 cum
1886 2328 1937 2360 his

72 2384 185 2415 uerbis
209 2395 315 2425 neque
338 2384 427 2414 enim
449 2389 510 2414 ete.
535 2384 682 2426 explicet
705 2384 840 2421 Cicero,
871 2395 947 2421 cur,
975 2382 1064 2424 quod
1087 2382 1189 2413 modo
1213 2383 1317 2421 dixit,
1348 2383 1474 2414 crimen
1499 2384 1576 2414 illut
1598 2382 1787 2422 refrixerit,
1819 2382 1853 2413 id
1877 2387 1937 2421 est,

38 2460 43 2461 κ
73 2448 141 2468 11011
164 2435 308 2477 amplius
331 2446 394 2477 pro
417 2447 498 2467 uero
523 2437 662 2468 crimine
684 2437 861 2469 habeatur:
885 2442 1067 2476 necessest,
1090 2435 1176 2466 hanc
1197 2434 1326 2467 adferat
1347 2447 1510 2476 caussam,
1535 2435 1625 2478 quod
1648 2434 1856 2474 Laterensis,
1881 2434 1938 2476 qui
