2264 2746
757 117 782 146 c
801 117 830 146 A
849 118 884 147 P.
922 117 1014 148 xm.
1040 117 1068 159 ς.
1088 122 1124 151 31
1142 132 1181 141 —
1198 123 1244 151 33.
1882 127 1937 154 109

150 195 417 240 Turpissumns,
440 193 471 226 si
492 191 775 236 sordidisszmzus)
823 193 1073 238 chrpissumns
1095 194 1244 238 pertinet
1265 193 1307 226 ad
1329 193 1435 226 uitam
1462 200 1495 226 et
1516 205 1640 236 moreS,
1666 196 1936 230 sordidis-eamus

60 248 103 281 ad
125 248 322 291 dignitatem
344 247 474 291 generis
499 253 532 278 et
554 245 693 278 ordinis.
742 246 794 278 W
796 256 954 278 EISKIUS.

144 302 312 335 Communi
339 299 453 343 sensa)
507 300 562 331 De
596 299 756 332 conmuni
784 311 885 331 sensu.
921 305 1004 342 aput
1037 298 1237 331 Ciceronem
1265 298 1416 331 Orellius
1445 298 1591 332 conferri
1621 300 1857 344 Spaldingium
1895 302 1936 333 ad

57 354 195 397 Quinct.
218 355 251 394 I,
276 365 312 392 2,
337 365 387 385 2ο.
411 353 516 384 iubet.

139 407 169 449 §.
196 407 247 438 52.
292 407 335 438 P.
368 406 498 448 Crassi)
542 404 650 437 Patris
680 404 728 436 M.
759 403 888 443 Crassi,
927 404 985 446 qui
1014 416 1092 436 cum
1119 405 1261 437 Fonteio
1291 405 1409 436 consul
1439 406 1488 437 bis
1512 405 1595 445 fuit;
1628 406 1683 438 hic
1712 406 1753 438 de
1774 407 1937 450 Hispanis

54 458 297 502 triumphauit,
335 464 368 490 et
389 459 426 489 in
451 457 682 489 dominatione
705 457 746 488 L.
773 456 919 496 Cinnae,
953 470 995 489 ne
1017 459 1054 490 in
1075 470 1194 490 manus
1222 457 1441 489 inimicorum
1464 458 1646 501 incideret,
1680 472 1715 492 se
1736 460 1809 504 ipse
1830 460 1939 491 inter-

54 512 153 550 emit3
178 512 355 553 utriusque
376 511 426 542 rei
452 516 569 542 auctor
590 509 767 541 Pedianus.
815 509 1028 543 Miswrurs.

139 565 249 597 Index
270 581 313 587 —
338 564 473 606 auctor)
520 564 632 605 Quem
662 563 812 605 primum
844 563 971 604 equites
1003 563 1038 594 in
1066 562 1183 594 multis
1210 562 1312 595 rebus
1340 563 1508 595 arbitrum
1538 567 1745 609 sumpserint
1765 582 1809 590 —
1837 576 1938 607 quem

51 617 224 650 societates
261 615 522 658 publicanorum
559 615 790 647 consiliarium
827 615 1023 656 habuerint,
1069 615 1163 648 cuius
1202 616 1350 648 consiliis
1388 616 1423 647 in
1454 616 1554 648 rebus
1596 619 1765 651 maxumis
1798 624 1938 650 uteren-

53 676 120 702 tur.
168 670 391 700 ERNEsTms.

140 722 169 763 §.
183 721 233 752 55.
257 722 412 765 Ergoni
427 721 573 766 ferendi
589 726 690 759 sunt,
714 720 775 763 qni
794 725 1004 764 queruntur,
1027 719 1222 753 libertatem
1246 720 1372 765 equitis
1393 721 1546 753 Romani
1568 734 1602 754 se
1615 722 1717 766 ferre
1739 736 1805 756 non
1826 724 1938 768 posse)

51 772 182 807 Erfurt.
208 775 271 817 qni
294 781 487 818 queruntur
511 776 572 807 hoc
595 773 746 815 [Falsum
768 773 851 812 hoc3
876 771 1086 804 Erfurtensis
1110 773 1227 805 eadem
1248 785 1388 816 prorsus
1411 780 1512 815 atque
1525 775 1680 806 Bauarici
1701 777 1937 818 scriptumst]-

52 828 243 860 Tullianast
266 827 452 859 conlocatio
476 827 512 858 in
534 827 674 865 Bauar„
718 827 778 870 qui
807 827 870 858 lzoc
898 832 1102 869 queruntur.
1147 827 1279 859 Tamen
1309 833 1343 858 et
1370 826 1442 868 ipsa
1465 828 1664 858 conlocandi
1686 829 1829 861 uarietas
1855 831 1938 871 [non

52 887 102 913 est
124 880 227 919 ulla],
265 892 350 923 quae
372 885 525 923 suspecta
548 890 618 910 esse
643 879 745 918 solet,
777 877 1011 910 omittentibus
1034 877 1142 918 fauet3
1182 886 1215 911 et
1237 880 1380 911 adiectio
1405 880 1467 911 ista
1490 879 1632 922 figurae,
1670 893 1755 923 quae
1777 882 1841 913 hoc
1864 883 1937 914 loco

53 940 122 974 est,
146 945 223 964 cuin
246 944 318 963 eam
342 944 411 964 non
433 933 540 972 tollat,
567 931 724 963 nonnihil
746 929 857 961 adfert
879 930 1098 962 incommodi.
1142 933 1193 964 Ea
1214 945 1297 964 uero
1324 932 1431 975 figura
1452 934 1579 976 efflpsis
1603 934 1767 976 quaedam
1791 941 1850 974 est,
1875 948 1939 978 qua

51 987 197 1020 uerbum
221 991 415 1030 queruntur
437 996 622 1028 praegnans
651 982 901 1026 quodammodo
924 988 963 1013 ut
984 982 1028 1013 sit
1050 983 1110 1025 (sic
1133 985 1225 1016 enim
1247 985 1420 1028 locuntur)
1442 986 1595 1017 efficitur.
1640 988 1728 1018 Rem
1752 987 1940 1020 docuerunt

53 1040 250 1073 Sanctianae
275 1038 453 1070 Mineruae
476 1039 586 1069 cultor
611 1036 808 1068 Perizonius
832 1036 901 1074 IV,
933 1036 962 1067 5.
988 1047 1022 1078 p.
1047 1036 1121 1068 818.
1156 1037 1208 1068 ed.
1233 1037 1367 1070 Scheid.
1392 1045 1425 1069 et
1448 1040 1684 1081 W'Vopkensius
1710 1042 1819 1072 Lectt.
1845 1041 1938 1073 Tull.

52 1105 88 1138 p.
113 1092 184 1124 244.
208 1102 336 1132 nosque
360 1090 410 1121 bis
436 1090 616 1133 adtigimus
639 1101 706 1120 una
728 1089 764 1120 in
785 1087 974 1120 Miloniana
996 1088 1038 1119 ad
1061 1100 1088 1119 c.
1117 1089 1164 1121 18.
1198 1096 1231 1121 et
1258 1091 1327 1123 24..
1373 1092 1577 1132 Queruntur
1599 1092 1703 1134 igitur
1726 1094 1872 1126 dicentes
1902 1106 1939 1125 ac

51 1144 268 1189 profitentes,
295 1143 489 1175 libertatem
513 1144 638 1188 equitis
660 1142 814 1174 Romani
841 1153 876 1173 se
888 1140 992 1183 ferre
1013 1154 1079 1173 non
1098 1154 1211 1185 Posse.
1254 1144 1317 1175 Est
1338 1151 1451 1176 autem
1474 1145 1511 1176 in
1533 1144 1605 1187 ipsa
1629 1147 1780 1187 querella
1811 1146 1940 1178 uocife-

52 1197 140 1230 ratio
167 1203 200 1228 et
221 1195 398 1240 professio.
445 1196 546 1238 Quod
570 1196 635 1228 nisi
657 1195 704 1226 ita
733 1199 837 1233 esset,
876 1194 1048 1236 quomodo
1072 1194 1128 1226 isti
1154 1194 1348 1227 dicerentur
1373 1198 1487 1240 queri,
1524 1196 1615 1237 quod
1638 1197 1772 1239 signum
1795 1206 1845 1231 est
1869 1211 1938 1231 non

52 1250 253 1289 ferentium,
277 1261 346 1280 non
370 1249 411 1280 de
433 1249 505 1292 ipsa
525 1261 580 1289 re,
606 1259 706 1291 quam
728 1257 798 1277 non
820 1245 997 1279 ferendam
1020 1247 1194 1291 putabant,
1220 1255 1271 1280 set
1290 1249 1384 1280 illam
1407 1262 1442 1280 se
1454 1248 1557 1292 ferre
1578 1262 1646 1282 non
1668 1253 1793 1294 posse?
1815 1253 1940 1283 Nonne

56 1305 174 1338 Cicero
197 1303 269 1346 ipse
292 1303 460 1344 queritur,
493 1301 574 1333 dum
597 1301 703 1332 telum
727 1302 927 1342 retorquet?
973 1300 1059 1331 Satis
1089 1307 1161 1332 erat
1182 1300 1335 1343 profecto
1361 1300 1489 1333 dicere:
1526 1314 1607 1345 ergo
1630 1303 1667 1334 Ιιιῗ
1679 1302 1826 1346 ferendi
1848 1311 1939 1346 sunt,

55 1358 116 1402 qni
145 1356 339 1389 libertatem
367 1356 493 1399 equitis
515 1354 667 1387 Romani
691 1351 793 1396 ferre
823 1364 891 1385 non
914 1355 1086 1396 possunt?
1129 1353 1187 1384 Set
1216 1354 1271 1385 uir
1299 1353 1603 1396 eloquentissumus
1637 1355 1745 1388 acrius
1778 1357 1940 1399 quiddam

54 1408 238 1452 quaesiuit:
262 1420 331 1439 non
348 1407 583 1452 profitentur,
610 1404 868 1449 zcoeffermztnr,
893 1406 1058 1445 clamant,
1085 1405 1197 1437 dicere
1220 1412 1333 1438 tamen
1357 1407 1484 1447 uoluit,
1510 1414 1560 1439 set
1583 1414 1621 1439 ut
1643 1408 1722 1440 illut
1743 1409 1855 1452 ipsum
1877 1421 1939 1441 au-

54 1467 166 1505 geret,
190 1467 394 1505 queruntur.
437 1461 507 1491 Iam
530 1460 582 1491 his
604 1458 766 1502 expositis
791 1458 832 1489 de
854 1459 1009 1489 Bauarici
1038 1460 1085 1501 [et
1109 1457 1198 1500 Erfi]
1223 1459 1470 1500 additamento,
1504 1467 1543 1492 ut
1575 1459 1640 1492 fert
1669 1461 1800 1493 animus
1832 1473 1940 1493 unus-

55 1514 198 1557 quisque
226 1513 361 1545 iudicet.
403 1514 662 1545 GARAToxlUs.
707 1511 819 1543 Multo
849 1510 985 1542 breuius
1011 1511 1217 1543 Garatouius
1247 1519 1440 1556 queruntur·
1470 1519 1694 1556 praegnanter
1724 1514 1852 1545 dictum
1874 1526 1938 1557 pro

56 1567 267 1612 qnerebztndi
295 1568 415 1600 dicunt
438 1577 508 1598 esse
529 1564 642 1608 potuit
673 1563 795 1594 dicere.
843 1563 898 1595 Sic
922 1563 960 1594 C.
982 1563 1101 1596 XXII.
1132 1566 1161 1606 §.
1186 1565 1255 1597 54.:
1289 1565 1387 1598 Nam
1411 1567 1502 1610 quod
1525 1572 1662 1610 questus
1686 1580 1737 1605 es,
1765 1567 1884 1610 pluris
1908 1573 1941 1600 te

57 1621 155 1653 testis
178 1619 300 1652 habere
323 1621 364 1652 cle
394 1618 568 1656 Uoltinia,
595 1629 699 1661 qnam
721 1622 803 1661 quot
826 1617 861 1649 in
885 1628 926 1648 ea
942 1623 1077 1660 puncta
1105 1618 1246 1657 tuleris,
1282 1619 1416 1651 indicas
1440 1625 1520 1650 ete..
1567 1620 1727 1651 Ceterum
1750 1620 1830 1650 uide
1855 1632 1940 1662 quae

57 1672 100 1704 de
121 1672 221 1704 huius
244 1672 310 1703 loci
332 1672 499 1715 scriptura
521 1670 653 1711 Proleg.
676 1670 718 1701 L.
743 1670 786 1701 II.
811 1670 849 1701 C.
873 1670 898 1700 Ι.
926 1669 956 1710 §.
981 1669 1011 1701 8.
1036 1681 1068 1712 p.
1092 1671 1284 1703 XXXVII.
1308 1671 1513 1703 monuimus.

148 1725 297 1758 Ubinam
320 1726 379 1757 ille
401 1724 485 1767 mos)
512 1724 553 1755 In
577 1722 779 1754 coaceruatis
800 1721 1121 1764 interrogationibus
1144 1723 1279 1754 nullum
1301 1736 1400 1767 saepe
1422 1725 1607 1766 particulae
1630 1725 1689 1758 ubi
1710 1725 1855 1756 uerbum
1876 1725 1939 1757 ad-

56 1778 220 1822 iungitur.
266 1776 336 1809 cfr.
363 1777 431 1809 Cic.
456 1777 491 1807 in
513 1776 580 1808 Pis.
604 1775 655 1807 40.
678 1775 828 1818 Philipp.
850 1775 902 1815 V,
925 1775 955 1806 5.
981 1775 1228 1808 GARATONIUS
1252 1776 1294 1807 ad
1318 1788 1367 1808 or.
1391 1777 1512 1809 Milon.
1536 1789 1570 1820 p.
1595 1779 1678 1810 225..
1704 1779 1854 1811 Orellius
1876 1779 1939 1810 ad-

58 1832 108 1864 dit
128 1832 217 1863 Plin.
241 1831 362 1871 Pancg.
387 1830 456 1868 IX,
487 1831 534 1861 5..

142 1885 251 1918 Malis
275 1895 436 1926 oppressa
459 1881 633 1922 ciuilibus)
677 1881 767 1912 Nam
790 1885 944 1922 ternpore
967 1879 1136 1911 bellorum
1162 1881 1332 1921 ciuilium,
1369 1887 1402 1913 et
1419 1882 1479 1913 sub
1505 1882 1656 1924 tyrannis
1680 1883 1808 1914 nemini
1830 1883 1938 1916 libere

57 1938 152 1980 loqui
176 1943 209 1968 et
239 1936 335 1978 queri
365 1935 454 1966 licet.
499 1935 604 1976 Saepe
635 1933 675 1964 de
698 1932 760 1964 hac
784 1932 1015 1964 dominatione
1037 1939 1263 1976 tyrannorum
1291 1934 1511 1976 conqueritur
1536 1935 1683 1966 Tacitus.
1730 1936 1936 1969 GRAEUIUS.

142 1990 314 2034 Equitum
343 2000 405 2032 ego
435 1989 673 2020 Romanorum
709 1986 813 2018 etiam
843 1986 879 2017 in
910 1986 1062 2018 homines
1092 1986 1331 2018 nobilissumos
1358 2004 1401 2010 —
1436 1987 1621 2020 maledicta
1648 1991 1936 2033 conmemoremP)

58 2042 135 2074 Hoc
156 2048 266 2073 totum
296 2053 373 2072 cum
403 2039 574 2072 stomacho
599 2038 738 2078 dicitur,
777 2045 810 2070 et
832 2038 953 2070 melius
976 2050 995 2070 a
1016 2040 1099 2070 Bau.
1124 2045 1157 2070 et
1183 2039 1313 2071 duobus
1338 2040 1452 2071 Oxou.
1490 2041 1688 2083 [multisque
1715 2042 1802 2082 aliis]
1833 2044 1938 2075 etiam

59 2094 173 2126 abesse
195 2094 352 2126 arbitror.
397 2096 518 2136 Neque
542 2091 632 2122 enim
656 2090 796 2133 dignum
816 2102 868 2131 se,
894 2102 1005 2133 neque
1027 2091 1086 2122 illo
1115 2091 1234 2123 ordine
1260 2092 1441 2123 existumat
1467 2093 1619 2134 equitum
1642 2094 1877 2126 Romanorum
1902 2096 1939 2127 in

59 2147 214 2179 homines
236 2147 472 2179 nobilissumos
495 2144 673 2176 maledicta
696 2155 959 2185 conmemorare,
985 2145 1145 2187 quoniam
1168 2144 1306 2187 quidem
1328 2146 1431 2176 homo
1448 2145 1608 2187 infumus,
1633 2147 1780 2179 Granius
1802 2159 1936 2190 praeco,

63 2198 193 2230 duobus
222 2199 448 2231 nobilissumis
481 2197 723 2229 contumeliose
746 2196 970 2239 responderit.
1017 2199 1056 2229 In
1079 2197 1143 2228 hoc
1165 2203 1363 2239 argumento
1387 2198 1465 2230 illut
1487 2200 1609 2238 etiam,
1643 2206 1682 2231 ut
1704 2200 1842 2242 opinor,
1874 2213 1937 2233 ex-

63 2251 228 2292 cluditur3
251 2252 378 2283 ualeret
400 2251 507 2291 enim,
531 2250 656 2282 nedum
679 2250 714 2281 iu
736 2250 836 2289 alios,
864 2249 904 2280 de
928 2251 1048 2292 quibus
1070 2251 1152 2282 haec
1175 2249 1295 2281 elatior
1319 2262 1360 2281 ne
1383 2251 1529 2293 cogitare
1552 2252 1689 2294 quidem
1713 2253 1794 2284 sinit
1817 2254 1934 2285 oratio.

65 2304 264 2336 Scholiastes
286 2305 320 2335 in
342 2305 393 2336 his
417 2303 641 2337 describendis
664 2303 815 2346 priorem
838 2309 970 2345 partem
993 2303 1122 2342 omisit,
1151 2308 1251 2344 atque
1273 2302 1407 2336 initium
1430 2305 1477 2336 ita
1498 2304 1598 2336 fecit:
1636 2306 1716 2349 Ego
1729 2307 1936 2349 publicano-

66 2370 144 2390 rum
166 2363 243 2397 etc.,
275 2364 307 2388 et
330 2357 363 2388 in
388 2363 540 2388 extremo
564 2367 632 2387 non
655 2355 827 2398 adgnoscit
850 2362 882 2388 et
905 2357 1019 2389 libere.
1063 2357 1257 2397 Utrumque
1281 2367 1360 2387 saue
1384 2358 1517 2400 placere
1538 2363 1667 2400 potest,
1693 2364 1730 2389 ut
1752 2371 1814 2402 ego
1837 2371 1935 2401 repe-

66 2417 174 2450 tatur,
204 2415 238 2441 et
259 2409 457 2440 aduerbium
479 2410 583 2442 libere
605 2408 772 2449 deleatur,
805 2409 965 2451 quoniam
988 2408 1125 2452 quidem
1148 2421 1267 2453 aspere
1290 2415 1323 2441 et
1337 2409 1526 2454 ferociter,
1564 2422 1649 2453 quae
1667 2411 1824 2453 grauiora
1845 2418 1933 2451 sunt,
