2264 2746
768 114 792 143 C
812 114 841 143 A
861 116 901 144 P.
942 115 984 144 X.
1017 113 1045 154 §.
1073 121 1118 147 25.
1139 120 1182 147 26.
1878 122 1914 147 07

38 190 105 222 [am
128 201 210 221 uero
234 191 370 223 custodi
391 203 474 229 meo,
500 188 589 232 quod
610 187 822 231 praeferebat
844 190 1018 228 Ernestus,
1045 201 1155 232 neque
1175 191 1253 222 satis
1276 192 1458 234 plenumst,
1481 203 1591 235 neque
1613 192 1684 223 uim
1706 191 1806 222 habet
1830 202 1913 230 eain,

36 253 119 284 quae
140 243 342 284 postulatur.
388 245 514 275 Contra
538 248 649 274 custos
673 243 798 274 salutis
821 243 987 274 rationem
1010 243 1170 282 continet,
1196 256 1255 275 cur
1279 245 1518 288 qztccsiparens
1532 244 1686 275 Plancius
1709 243 1912 286 appelletur,

34 300 67 326 et
88 294 271 337 respondet
293 295 449 327 inferiori
472 295 546 326 loco
569 306 596 325 c.
620 294 690 334 42„
722 306 788 336 quo
812 294 957 326 eundem
980 302 1079 326 uocat
1102 303 1314 329 seruatorem
1336 298 1461 340 eapitis
1484 298 1550 330 sui.
1594 297 1656 329 Est
1679 297 1779 328 etiam
1803 293 1911 337 course

34 347 105 391 ipso
127 354 263 380 auctore
289 348 404 379 Tullio
428 349 470 380 ΙΙ.
500 348 535 379 111
558 349 658 381 Uerr.
686 348 736 379 (15.
761 350 820 391 qni
842 350 990 381 salntem
1020 349 1126 381 dedit.
1172 349 1305 381 Paratas
1329 357 1440 381 autem
1464 362 1481 382 a
1505 350 1636 392 reliqua
1659 349 1910 381 coniuratorum

33 412 134 432 manu
153 401 290 433 insidias
313 401 402 432 uitae
425 413 503 433 suae
527 401 629 432 fuisse
652 406 793 432 testatur
815 400 904 432 infra
926 413 953 431 0.
977 400 1047 432 sti..
1093 402 1167 433 Hac
1189 401 1229 432 de
1255 414 1367 434 caussa
1389 415 1510 446 parens
1530 404 1615 434 alter
1637 403 1792 434 Plancius
1814 401 1914 433 uide-

33 453 140 485 batur.
186 454 286 495 Quod
312 466 386 485 cum
409 466 471 496 per
493 453 771 493 similitudinem,
808 454 909 485 etiam
932 453 990 484 ubi
1013 453 1164 485 absolute
1184 467 1315 498 parens
1338 455 1466 487 alienus
1490 456 1611 499 aliquis
1635 456 1777 494 dicitur,
1808 455 1912 486 intel-

32 506 96 549 legi
119 506 253 545 debeat,
277 505 377 537 huius
399 507 596 550 exemplum
621 507 852 538 similitudinis
879 519 949 549 cap.
975 508 1025 539 50.
1058 512 1151 537 extat
1184 507 1326 548 insigne.
1370 509 1421 541 At
1444 510 1482 541 id
1503 511 1608 541 etiam
1627 509 1790 553 gregarii
1816 508 1910 539 mili-

29 566 79 592 tes
91 559 238 604 facizmt
259 559 383 597 inuiti,
408 565 447 590 ut
469 572 629 591 eoronam
651 561 731 592 dent
754 560 916 603 cuiquam
939 560 1101 599 ciuicam,
1125 565 1157 591 et
1183 572 1217 591 se
1239 561 1281 592 ab
1304 561 1421 604 aliquo
1445 569 1600 594 seruatos
1625 575 1695 594 esse
1705 561 1907 604 fateantur,

25 626 95 645 non
122 626 188 657 qno
211 618 289 650 etc.,
326 616 377 642 set
401 623 486 644 Onus
509 612 653 655 benefici
676 612 923 654 reformidant,
961 612 1051 655 quod
1066 619 1351 654 permagnmnst,
1387 614 1500 646 alieno
1525 615 1643 647 debere
1672 616 1783 653 idem,
1820 614 1910 657 quod

26 666 175 710 parenti.
218 665 249 695 Is
271 663 376 705 igitur
399 676 418 694 a
440 665 604 696 Cicerone
626 665 734 696 honos
762 665 906 696 habetur
929 663 1082 701 l‘lancio3
1118 675 1184 705 quo
1209 664 1250 694 de
1277 676 1400 707 genere
1422 667 1523 709 longe
1546 667 1813 710 splendidiorem
1837 666 1909 708 ipse

29 718 150 749 tulerat
171 728 188 748 a
214 716 256 758 Q.
282 716 402 747 Catulo
429 724 562 749 senatus
585 718 756 760 principe,
804 717 862 759 qui
885 728 962 747 eum
987 715 1152 747 Catilinae
1183 716 1415 749 coniuratione
1440 719 1549 751 deleta
1576 720 1613 750 in
1636 726 1752 751 senatu
1776 731 1908 762 paren-

27 777 94 803 tem
112 770 251 814 patriae
273 769 480 809 nominauit3
504 782 580 802 cum
604 770 741 812 quidem
764 771 805 802 L.
823 770 954 801 Gellius
979 768 1009 799 ei
1032 781 1192 801 eoronam
1215 771 1362 802 ciuicam
1381 783 1399 802 a
1414 783 1450 802 re
1472 773 1607 815 publica
1630 772 1745 802 deberi
1769 771 1906 802 dixerit.

27 822 114 857 Uide
144 822 276 854 Fabi-ie.
308 822 341 853 in
367 823 435 854 Cic.
465 823 606 855 historia
633 822 675 853 ad
703 834 781 853 ann.
807 822 966 854 DCXC..
1012 822 1065 853 De
1090 822 1164 853 loco
1192 822 1296 854 simili
1318 830 1395 865 post
1426 825 1497 855 red.
1527 825 1563 856 111
1591 836 1661 856 sen.
1693 836 1720 854 e.
1748 825 1795 855 14.
1818 822 1908 854 infra

25 876 90 907 erit
115 874 156 906 ad
186 886 213 905 c.
239 875 291 907 50.
320 875 452 906 dicendi
480 875 552 907 fere
582 875 802 907 necessitas.“
844 876 938 906 Haec
963 875 1188 914 Garatonius,
1223 882 1339 907 contra
1363 888 1463 918 quem
1488 879 1545 920 qui
1567 877 1777 908 deteriorum
1799 877 1906 907 libro-

25 941 99 961 rum
123 928 324 970 scripturam
348 928 482 960 custodi
509 940 581 959 meo
614 925 795 958 defendere
817 928 926 967 nolet,
958 933 1122 958 necessest
1144 928 1297 969 primum
1322 928 1455 969 doceat,
1500 931 1675 961 Plancium
1707 928 1906 971 simpliciter

23 993 42 1013 a
65 982 228 1013 Cicerone
252 982 352 1024 quasi
368 986 550 1023 parentem
572 992 673 1011 sumn
696 979 762 1010 dici
784 980 950 1021 potuisse,
987 979 1108 1010 deinde
1132 982 1306 1012 cus-todem
1331 983 1484 1014 alicuius
1508 995 1586 1014 eum
1607 994 1705 1026 posse
1729 982 1810 1021 dici,
1848 981 1905 1022 qui

22 1035 57 1067 in
80 1034 242 1076 singulari
265 1032 412 1075 quodam
435 1043 511 1063 casu
534 1031 639 1062 uitam
662 1032 820 1071 alicuius,
854 1038 891 1063 ut
914 1032 1069 1063 Plancius
1095 1032 1267 1065 Ciceronis
1290 1034 1326 1065 in
1349 1036 1565 1075 Macedonia,
1599 1033 1782 1077 aliquando
1805 1045 1905 1076 prae-

19 1087 106 1120 sidio
129 1098 189 1118 suo
214 1085 432 1127 custodiaque
453 1084 589 1116 texerit.
636 1084 739 1126 Quod
762 1096 838 1115 cuni
862 1084 975 1116 doceri
998 1085 1093 1116 nullo
1118 1086 1277 1128 exemplo
1300 1089 1418 1130 possit,
1442 1088 1628 1120 necessario
1654 1093 1748 1131 patet
1771 1088 1904 1119 custodi

19 1141 144 1174 salutis
166 1129 260 1170 lizeae
282 1137 507 1176 scribendum,
532 1143 710 1179 totumque
733 1138 857 1176 locum,
882 1144 932 1169 set
956 1144 995 1170 ut
1019 1144 1080 1169 etc.
1104 1138 1150 1169 ita
1171 1138 1301 1172 utfecit
1325 1143 1530 1174 Garatonius
1554 1140 1797 1184 explicandum
1820 1152 1900 1172 esse.

19 1195 194 1226 Postremo
220 1191 342 1223 falsum
366 1191 466 1222 etiam
488 1191 566 1221 illut
590 1196 649 1229 est,
674 1190 764 1232 quod
788 1191 964 1222 Ernestius
988 1191 1029 1221 ad
1054 1190 1300 1224 defendendam
1322 1195 1524 1237 scripturam
1549 1195 1684 1226 custodi
1705 1207 1777 1226 meo
1800 1194 1901 1237 paulo

18 1245 107 1279 infra
139 1258 191 1278 me
221 1245 423 1276 custodierit
452 1243 518 1286 legi
548 1243 694 1275 monuit.
748 1245 803 1275 Ne
833 1244 897 1275 hoc
927 1244 1064 1286 quidem
1101 1244 1302 1288 simpliciter
1341 1247 1382 1277 de
1412 1247 1547 1278 Plancio
1582 1253 1640 1277 aut
1675 1247 1789 1289 potuit
1824 1246 1900 1287 dici,

17 1306 75 1332 aut
97 1299 224 1330 dictum
247 1303 306 1329 est.
351 1296 482 1335 Uerba,
525 1308 609 1339 quae
638 1296 777 1339 respicit
804 1297 998 1336 Ernestius,
1026 1296 1108 1327 haec
1141 1304 1219 1329 sunt
1248 1300 1277 1340 ξ.
1302 1300 1371 1332 26.;
1395 1301 1560 1339 Plani-is),
1595 1302 1686 1343 quod
1707 1313 1759 1332 me
1782 1301 1840 1332 uel
1861 1302 1899 1332 ui

15 1354 156 1399 pulsnm
178 1352 236 1384 uel
258 1351 392 1382 ratione
414 1350 585 1381 cedentem
609 1350 791 1393 receperit,
818 1350 967 1389 iuuerit,
993 1351 1196 1383 custodierit
1220 1358 1302 1383 etc..
1346 1353 1504 1396 Denique
1529 1352 1608 1383 uide
1631 1353 1764 1395 Proleg.
1788 1354 1830 1385 L.
1853 1354 1896 1385 II.

16 1407 54 1440 C.
76 1407 103 1438 I.
128 1407 158 1447 §.
183 1405 212 1436 8.
235 1415 269 1446 p.
293 1403 361 1434 XL
383 1413 468 1443 sqq..

100 1461 130 1500 §.
155 1458 206 1489 26.
234 1456 298 1487 Cili
318 1466 438 1487 nomen
466 1454 606 1495 [meum]
630 1454 779 1487 absentis
802 1455 1085 1499 honorifizisset)
1132 1457 1202 1488 Cur
1223 1470 1336 1490 meum
1357 1471 1548 1502 pronomen
1571 1460 1666 1491 uncis
1689 1459 1895 1500 incluserim,

16 1512 143 1544 dictum
173 1510 209 1541 111
230 1508 362 1550 Proleg.
392 1508 433 1538 L.
460 1507 501 1537 II.
535 1507 572 1538 C.
597 1508 622 1538 Ι.
653 1508 681 1549 §.
706 1508 736 1540 8.
760 1514 820 1540 est.
865 1509 918 1540 De
941 1508 1091 1550 genitiuo
1124 1509 1274 1543 absentis
1296 1519 1373 1555 post
1395 1524 1585 1556 pronomen
1608 1526 1721 1544 meum
1745 1514 1892 1545 Garato-

14 1566 91 1598 nius
110 1561 258 1596 conferri
281 1561 374 1592 iubet
396 1560 458 1592 IV.
480 1560 517 1591 in
541 1560 639 1591 Catil.
667 1572 714 1592 11.
740 1567 773 1592 et
795 1573 822 1592 c.
849 1562 899 1593 56.
923 1573 986 1603 pro
1012 1561 1124 1593 domo.
1151 1564 1247 1595 Brut.
1271 1565 1313 1596 ad
1336 1565 1404 1596 Cic.
1429 1567 1493 1608 Ep.
1519 1578 1547 1608 7.
1572 1568 1632 1610 qui
1654 1568 1783 1598 uostris
1799 1580 1893 1610 pau-

16 1631 133 1652 corum
155 1616 357 1659 respondeat
384 1613 555 1645 laudibus.
600 1612 772 1656 Bithynic.
796 1615 858 1646 VI.
883 1614 922 1644 ad
947 1614 1028 1645 Diu.
1055 1616 1101 1647 16.
1127 1623 1305 1648 contentus
1327 1630 1383 1649 ero
1406 1625 1525 1651 nostra
1549 1620 1703 1662 ipsorum
1725 1621 1890 1652 amicitia.

12 1670 162 1703 V'Martial.
188 1669 274 1707 VII,
309 1669 360 1699 50.
396 1668 427 1698 si
456 1672 546 1698 tenet
573 1666 723 1698 absentis
754 1673 888 1698 nostros
918 1673 1101 1711 cantatque
1131 1669 1272 1702 libellos.
1316 1670 1394 1702 Liu.
1418 1672 1598 1711 XXXVI,
1631 1684 1659 1713 7.
1700 1673 1772 1704 uim
1795 1679 1892 1705 tuam

13 1722 204 1767 praesentis
230 1722 464 1764 exercitusque
490 1721 543 1752 tui
566 1720 727 1763 experiri.
773 1726 805 1750 et
821 1719 1027 1762 Zinzerling.
1054 1721 1221 1753 Promuls.
1249 1722 1332 1754 Crit.
1358 1734 1384 1754 0.
1400 1724 1451 1755 55.
1477 1724 1627 1756 Orellius
1649 1725 1743 1756 addit
1766 1726 1889 1759 Catull.

15 1777 109 1808 Com.
132 1776 253 1806 Beren.
277 1785 310 1804 u.
335 1774 385 1804 51.
409 1773 523 1815 ibique
545 1772 707 1805 Ualcken.
745 1772 813 1803 Res
838 1779 886 1804 est
908 1773 1103 1805 notissuina.

95 1828 153 1861 An
174 1828 434 1860 Blinturnenses
457 1826 568 1857 coloni
591 1843 630 1847 —
654 1825 869 1868 eripuerunt)
916 1826 999 1856 Iam
1032 1834 1251 1860 narratum
1279 1840 1298 1859 a
1320 1841 1382 1860 me
1411 1829 1488 1861 hoc
1518 1832 1762 1874 exemplum
1790 1832 1888 1874 ple-

15 1879 198 1912 nissime
220 1879 312 1910 scio
338 1879 384 1909 de
408 1880 445 1910 C.
466 1877 619 1915 Mario,
645 1878 715 1919 qui
738 1878 934 1920 Syllanis
963 1880 1096 1912 armis
1120 1881 1276 1912 cedens
1301 1892 1390 1912 011111
1413 1881 1514 1914 filio
1538 1884 1582 1915 in
1607 1885 1887 1916 Minturnen-

13 1933 119 1965 sium
140 1932 374 1975 paludibus
398 1930 543 1963 latuit.
588 1929 693 1960 Inde
715 1930 909 1970 emissus,
935 1933 1135 1973 quoniam
1164 1945 1243 1964 11011
1273 1934 1493 1976 potuisset
1521 1937 1680 1978 occidi,
1710 1938 1884 1981 nauigio

13 1984 229 2028 inpositus
253 1985 295 2016 in
318 1984 513 2017 Africam
538 1988 768 2026 peruectus
799 1983 847 2014 ad
872 1996 1005 2026 usque
1036 1985 1211 2017 dirutae
1233 1987 1489 2029 Kartaginis
1518 1988 1640 2022 fines.
1685 1992 1787 2023 Inde
1816 2004 1886 2024 ar-

13 2039 90 2070 mis
123 2038 332 2069 Cinnanis
362 2038 403 2070 in
436 2037 604 2069 Italiam
634 2035 886 2076 restitutus,
924 2044 965 2069 et
995 2038 1173 2081 adeptus
1208 2040 1394 2082 denique
1423 2043 1652 2084 septimum
1683 2046 1884 2077 consula-

11 2097 109 2123 tum.
134 2091 293 2122 SCHOLIA
316 2092 575 2124 AMBROS1ANA.
599 2088 769 2131 Exposuit
792 2088 959 2133 interpres
974 2102 1011 2122 ea
1026 2091 1067 2123 de
1090 2093 1172 2124 rein
1190 2093 1303 2124 codice
1326 2094 1478 2126 uaticano
1491 2095 1531 2125 ad
1547 2103 1630 2127 orat.
1654 2097 1689 2128 in
1712 2110 1781 2129 sen.
1804 2105 1882 2141 post

11 2143 83 2175 red.
108 2144 145 2174 C.
167 2143 248 2174 XV.
272 2155 305 2186 p.
328 2144 380 2176 41.
405 2144 456 2175 ed.
481 2143 562 2176 Mai.
587 2144 706 2174 Rom..
751 2142 903 2173 Eandem
933 2155 1005 2174 rem
1029 2156 1047 2175 a
1072 2145 1234 2176 Cicerone
1260 2147 1448 2189 expositam
1470 2147 1587 2180 uidere
1610 2150 1687 2181 licet
1709 2157 1787 2194 post
1808 2152 1879 2183 red.

12 2195 52 2228 ad
75 2195 174 2237 Quir.
198 2195 265 2234 IX,
294 2207 361 2236 2o.,
393 2209 456 2240 pro
481 2196 588 2228 Sestio
612 2196 736 2233 XXII,
769 2196 839 2233 5o.,
870 2202 900 2227 et
924 2196 959 2227 in
982 2197 1093 2229 Pison.
1118 2199 1224 2238 XIX,
1248 2199 1318 2230 45..
1364 2200 1513 2232 Omnino
1544 2202 1747 2244 saepissume
1769 2205 1880 2237 hono-

10 2249 138 2280 rificam
161 2249 198 2280 C.
222 2248 310 2280 Mari
332 2249 540 2281 mentionem
563 2248 651 2280 facit.
698 2247 768 2280 Cfr.
792 2249 851 2279 III.
878 2249 912 2279 in
937 2250 1008 2281 Cat.
1030 2251 1081 2289 X,
1108 2252 1175 2290 24„
1199 2253 1261 2284 IV.
1286 2253 1320 2283 in
1344 2253 1415 2284 Cat.
1439 2254 1491 2293 X,
1516 2264 1586 2293 21.,
1608 2266 1672 2297 pro
1696 2257 1733 2288 C.
1760 2258 1878 2291 Rabir.

10 2302 55 2342 X,
81 2313 148 2343 27.,
176 2307 209 2332 et
234 2301 274 2332 de
299 2302 360 2333 Or.
383 2303 442 2342 III,
467 2313 496 2341 2,
521 2302 563 2334 8..
608 2304 735 2345 Fugam
758 2308 869 2333 autem
894 2303 986 2334 illam
1009 2303 1098 2335 Mari
1120 2304 1327 2345 plenissume
1350 2307 1508 2349 exposuit
1528 2307 1726 2340 Plutarchus
1750 2309 1785 2341 in
1807 2311 1878 2342 uita

12 2355 80 2386 eius
107 2365 134 2385 c.
155 2353 317 2385 XXXVI
332 2355 465 2387 —XL.
489 2367 522 2398 p.
547 2356 608 2398 870
624 2374 665 2380 —
679 2356 751 2398 879.
776 2355 827 2386 ed.
850 2356 965 2388 Reisk.
990 2363 1023 2388 et
1046 2357 1093 2388 H.
1118 2358 1156 2389 C.
1179 2358 1275 2390 Reiff
1294 2359 1496 2392 Geschichte
1519 2360 1579 2392 der
1600 2361 1702 2394 Rom.
1725 2362 1875 2406 Biirger-

8 2408 133 2451 kriege.
157 2407 199 2438 T.
222 2407 248 2438 Ι.
274 2418 308 2450 p.
332 2408 541 2450 265—269..

1424 2471 1459 2498 25
