2264 2746
232 63 288 89 222
886 53 1451 83 COMMENTARIUS.

233 143 336 175 quam
358 131 500 164 illorum
521 138 677 163 ueterum
685 153 697 167 ,
730 128 790 171 qui
806 128 996 170 populares
1018 126 1248 166 habebantur,
1282 128 1395 159 ullum
1419 140 1583 172 uinquam
1606 129 1642 160 in
1665 130 1820 162 contione
1842 131 1999 165 habuisse
2020 145 2101 164 con-

234 185 399 216 ductum?
441 184 554 217 Nemo
571 182 711 220 liabusit3
741 181 818 223 ipsa
838 180 929 212 enim
949 180 1096 223 largitio
1119 187 1151 212 et
1174 193 1249 224 spes
1272 181 1438 213 commodi
1454 181 1630 225 propositi
1651 181 1725 213 sine
1743 184 1895 215 mercede
1917 184 1992 216 ulla
2013 186 2104 217 mul-

235 237 421 269 titudinem
443 235 644 269 concitabat.
666 233 762 264 nullo
785 232 888 263 modo
912 232 1015 263 uerba
1037 245 1133 264 nemo
1157 233 1278 265 babuit
1302 233 1410 264 omitti
1430 240 1625 276 potuerunt.
1669 235 1787 276 Itaque
1809 234 1968 266 seruanda
1989 237 2105 278 putaui

235 289 355 325 uerba,
380 301 476 333 quem
497 286 652 330 profecto
676 298 743 318 non
766 285 934 317 uidebant.
979 285 1069 318 Uide
1090 286 1191 316 etiam
1212 286 1342 327 l'roleg.
1366 287 1408 317 L.
1432 287 1474 317 ΙΙ.
1500 288 1538 318 C.
1562 287 1588 318 I.
1615 288 1644 328 ξ.
1668 298 1697 319 2.
1720 299 1754 330 p.
1777 287 1934 318 XXXI..

319 343 447 374 Fateor
460 339 579 382 fuisse
594 338 832 382 praeclarum)
877 339 932 370 Ne
945 338 1117 382 futurum
1130 338 1249 382 fuisse
1273 338 1338 368 dici
1362 338 1516 371 debuisse
1537 345 1646 382 putes,
1671 339 1787 371 confer
1810 340 1854 371 G.
1878 339 1920 370 T.
1943 339 1989 371 A.
2011 339 2108 370 Kru-

235 406 370 437 gerum,
392 391 650 433 grammaticum
671 391 966 430 eruditissumum‚
990 391 1026 422 in
1049 392 1154 430 libro,
1179 392 1272 422 cuius
1295 391 1426 422 titulus:
1457 392 1760 434 Untersuchungen
1782 404 1840 424 aus
1864 391 1942 422 dem
1965 391 2108 423 Gebiete

235 447 292 478 der
317 447 371 477 lat.
395 443 632 486 Sprachlehre.
678 444 772 475 Fasc.
796 444 822 474 I.
847 455 880 485 p.
908 444 964 475 151
989 456 1038 486 sq.
1064 445 1152 475 conl.
1175 456 1209 487 p.
1234 444 1452 484 562—570..

318 499 356 530 Si
370 496 485 540 finem
510 501 585 528 tum
610 497 773 528 uincendi
804 497 971 538 uiderem)
1015 497 1069 528 De
1100 496 1164 527 hoc
1195 507 1330 538 quoque
1358 495 1519 537 loquendi
1548 508 1687 538 genere,
1722 498 1754 529 si
1775 515 1818 522 —-
1840 497 2012 534 uiderem,
2044 505 2108 537 pro

236 563 301 594 quo
331 550 458 581 tirones
488 550 519 581 si
537 566 579 573 -
602 550 768 581 uidissem
801 555 996 591 expectent,
1034 556 1172 592 optume
1206 548 1366 591 exposuit
1396 548 1484 579 idem
1515 549 1690 591 Krugerus
1722 550 1744 580 l.
1775 550 1799 582 l.
1830 561 1864 592 p.
1896 548 2108 581 216—242..

234 603 330 636 Addo
354 614 397 633 ex
422 602 483 633 hac
506 608 590 633 orat.
618 603 656 633 C.
680 603 763 633 XX.
790 603 819 643 §.
841 603 910 634 55.:
940 614 1048 646 neque
1071 603 1162 634 enim
1185 614 1350 646 umquam
1371 601 1518 633 maiores
1537 603 1648 633 nostri
1672 603 1886 634 sortitionem
1909 601 2110 633 constituis-

234 662 308 688 sent
330 656 549 694 aediliciam,
587 655 657 687 nisi
689 655 849 686 uiderent
877 656 1033 687 accidere
1048 667 1167 698 posse,
1205 661 1244 687 ut
1268 655 1493 698 conpetitores
1517 667 1619 698 pares
1643 654 1827 698 suffragiis
1853 661 1972 688 essent.
2009 660 2043 686 et
2070 653 2111 684 (le

232 719 345 750 arusp.
364 719 451 750 resp.
480 708 517 739 C.
543 707 662 739 XXVII.
687 708 716 749 §.
735 708 804 749 47st
838 708 897 740 An
918 709 1001 746 iste,
1031 708 1101 740 nisi
1118 708 1236 751 primo
1255 720 1289 739 se
1312 707 1509 740 dedisset
1532 709 1594 747 iis,
1629 719 1774 751 quorum
1795 709 1928 740 animos
1951 721 1973 740 α
1989 713 2111 740 nostra

233 761 442 792 auctoritate
463 761 634 792 seiunctos
657 773 728 792 esse
750 760 1026 800 arbitrabamur3
1064 761 1135 792 nisi
1165 773 1218 791 eos
1248 761 1283 791 in
1307 761 1440 792 caelum
1468 762 1542 792 suis
1566 760 1727 792 laudibus
1752 761 1959 803 praeclarus
1987 766 2111 793 auctor

233 813 397 845 extolle
408 820 489 849 ret.·
525 813 595 845 nisi
618 814 806 845 exercitum
834 812 869 845 C'.
892 814 1050 846 Caesaris
1082 812 1133 855 (in
1157 826 1222 856 quo
1236 812 1409 856 fallebat,
1444 821 1495 846 set
1518 826 1595 845 eum
1618 825 1714 844 nemo
1744 813 2008 856 redarguebat),
2039 813 2110 844 nisi

234 878 332 903 eum,
366 866 528 909 inquam,
560 867 748 898 exereitum
770 866 881 909 signis
905 865 1044 910 infestis
1075 866 1111 898 in
1135 867 1269 898 curiam
1292 878 1326 897 se
1349 867 1575 898 inmissurum
1604 866 1874 898 minitaretu
1888 878 1924 906 r3
1958 867 2027 899 nisi
2049 866 2110 898 Cn.

233 919 398 962 Pompeio
421 920 599 956 adiutore,
623 920 674 951 M.
697 919 819 951 Crasso
845 923 1005 956 anctore,
1033 931 1120 962 quae
1133 918 1454 963 faciebat,fiu·ere
1477 920 1712 958 clamaret,
1737 920 1807 951 nisi
1830 920 1983 952 consules
2009 931 2112 951 caus-

233 984 308 1003 sam
333 972 550 1004 coniunxisse
582 984 714 1009 secum,
753 972 789 1002 in
814 983 878 1014 quo
910 983 977 1002 uno
1006 984 1071 1003 non
1105 972 1354 1011 mentiebatur,
1393 972 1706 1016 confirmaret:
1748 978 1820 1004 tam
1849 973 2000 1004 crudelis
2032 973 2112 1012 mei,

235 1030 307 1056 tam
329 1025 516 1056 sceleratus
548 1025 598 1056 rei
617 1023 778 1067 publicae
801 1029 945 1054 uexator
968 1036 1038 1056 esse
1064 1025 1322 1066 potuisset?
1368 1025 1446 1066 Quo
1477 1026 1512 1056 in
1536 1026 1610 1056 loco
1635 1036 1679 1056 ex
1703 1025 1890 1056 uariatione
1912 1025 2113 1068 plusquam-

234 1075 377 1118 perfecti
401 1077 551 1108 dedisset
574 1083 604 1107 et
624 1074 888 1117 inperfectorum
911 1077 1107 1114 extolleret,
1130 1077 1373 1116 minitaretur,
1397 1078 1581 1116 clamaret,
1611 1077 1856 1120 confirmaret,
1889 1077 1971 1119 quid
1993 1078 2113 1110 discri-

234 1128 336 1160 minis
359 1129 448 1161 inter
470 1135 654 1170 utrumque
677 1133 809 1168 tempus
832 1127 1034 1167 intercedat,
1074 1140 1236 1158 maxume
1268 1129 1387 1160 elucet.
1432 1130 1490 1162 Ad
1520 1129 1768 1161 inlustrandum
1797 1137 1928 1171 autem,
1965 1131 2053 1174 quod
2076 1132 2112 1163 in

236 1181 299 1212 hac
322 1193 372 1213 or.
396 1181 576 1213 Planciana
597 1179 795 1222 positumst‚
818 1180 850 1210 si
869 1198 913 1203 --
935 1181 1108 1218 uiderem,
1131 1180 1226 1211 iuuat
1248 1182 1456 1223 adposuisse,
1481 1194 1565 1224 quae
1589 1181 1676 1212 idem
1701 1182 1820 1213 Cicero
1843 1184 1974 1226 scripsit
1997 1184 2112 1215 eadem

236 1233 276 1264 de
299 1245 337 1264 re
360 1234 396 1264 in
420 1245 470 1264 or.
494 1239 572 1275 post
595 1232 666 1263 red.
691 1232 726 1262 in
749 1243 820 1263 sen.
845 1232 883 1263 C.
906 1233 1004 1264 XIII.
1029 1235 1058 1273 §.
1083 1233 1153 1264 55.:
1182 1233 1301 1275 potui,
1325 1247 1361 1276 p.
1385 1248 1430 1272 (·.,
1453 1235 1573 1266 multis
1596 1235 1794 1266 auctoribus
1809 1235 2032 1278 fortissumis
2053 1238 2111 1269 ui-

238 1287 288 1318 ris
312 1299 364 1318 me
390 1287 428 1318 ui
449 1287 625 1330 armisque
657 1285 860 1328 defendereg
896 1297 956 1316 nec
984 1286 1072 1316 mihi
1099 1286 1172 1328 ipse
1195 1286 1255 1317 ille
1282 1286 1420 1317 (mimus
1443 1287 1534 1318 idem
1556 1298 1667 1325 meus,
1701 1286 1796 1317 uobis
1819 1300 1886 1319 non
1912 1289 2112 1332 incognitus

235 1339 370 1382 defuit3
410 1346 461 1371 set
491 1339 711 1378 uidebam,
759 1339 790 1370 si
827 1339 987 1370 uicissem
1011 1345 1232 1381 praesentem
1264 1339 1530 1378 aduersarium,
1565 1339 1712 1371 nimium
1742 1339 1869 1371 multos
1906 1341 1993 1373 mihi
2024 1343 2113 1374 alios

236 1404 309 1424 esse
331 1393 529 1425 uincendos.

328 1445 395 1477 Ubi
417 1447 508 1478 enim
526 1462 568 1469 --
591 1445 721 1477 ultores
744 1443 918 1486 uidebant.)
964 1444 1142 1486 Copiosius
1170 1445 1251 1476 haec
1275 1445 1394 1476 Cicero
1418 1456 1481 1487 pro
1506 1444 1612 1476 Sestio
1639 1445 1677 1476 C.
1701 1446 1802 1478 XIX.
1827 1447 1857 1488 ξ.
1880 1447 1933 1478 45.
1961 1448 2113 1491 exponit.

321 1498 469 1530 Praesto
481 1497 617 1541 fuisset
640 1498 727 1529 milii
749 1504 812 1529 aut
836 1503 907 1529 tam
921 1496 1035 1540 fortis
1059 1499 1196 1537 consul,
1228 1511 1331 1542 quam
1354 1499 1398 1530 L.
1423 1498 1604 1540 Opimius,
1638 1511 1742 1542 quam
1764 1499 1799 1532 C.
1824 1501 1982 1540 Marius,
2009 1514 2114 1546 quam

236 1551 281 1583 L.
302 1550 452 1582 Flaccus
474 1569 516 1575 —
537 1557 621 1589 aut,
644 1551 675 1582 si
697 1551 812 1582 minus
827 1549 961 1593 fortes,
984 1556 1137 1582 attamen
1162 1557 1233 1583 tam
1256 1550 1354 1593 iusti)
1400 1551 1470 1582 Cur
1493 1550 1655 1592 singulari
1678 1552 1795 1591 utitur,
1820 1564 1895 1584 cum
1919 1554 2027 1596 pluris
2049 1566 2114 1586 no-

235 1602 357 1642 minat,
384 1603 510 1645 plurali
533 1615 634 1641 uero,
659 1615 735 1634 cum
759 1603 887 1634 unum‘?
918 1603 1117 1644 praesertim
1140 1615 1217 1635 cum
1240 1604 1399 1635 continuo
1423 1610 1599 1644 sequatur,
1623 1604 1728 1636 Esset
1751 1606 1864 1648 igitur
1880 1608 2113 1649 pugnandum

237 1668 315 1688 cum
336 1656 542 1689 consulibus.
586 1657 698 1688 Uerae
716 1655 870 1686 lectionis
893 1655 1074 1697 uestigium
1089 1655 1249 1699 ficissent
1272 1657 1306 1687 in
1330 1668 1398 1686 nno
1424 1662 1552 1686 tantum
1577 1656 1692 1690 Oxon.
1718 1658 1885 1700 [aliisque]
1912 1670 1982 1690 esse
2004 1659 2113 1692 uideo.

237 1709 359 1750 Neque
383 1709 474 1740 enim
496 1708 721 1740 dubitandum
744 1714 810 1747 est,
850 1709 932 1749 quin
955 1708 1120 1751 scriptum
1147 1720 1166 1739 a
1187 1710 1304 1741 Tullio
1327 1708 1445 1748 fuerit,
1493 1709 1560 1740 Ubi
1583 1710 1673 1741 enim
1689 1717 1832 1754 praesto
1845 1711 2004 1754 fuissent
2024 1713 2111 1745 mihi

237 1768 300 1793 aut
323 1767 395 1794 tam
414 1762 532 1805 fortes
562 1764 728 1795 consules.
773 1762 871 1793 Falsa
902 1761 1017 1792 usitati
1046 1762 1211 1804 conpendi
1235 1762 1324 1794 Coss.
1349 1762 1581 1803 interpretatio
1604 1763 1766 1794 mendum
1796 1763 1894 1795 facile
1917 1764 2108 1798 adduxerit.

240 1814 487 1846 GARATONIUS
533 1815 633 1847 Nihil
657 1815 771 1846 uerius
795 1814 857 1845 hac
881 1814 1132 1853 emendatione,
1160 1815 1195 1846 in
1219 1827 1320 1858 quam
1343 1827 1419 1846 cum
1444 1815 1628 1846 Garatonio
1653 1815 1755 1846 etiam
1784 1817 1959 1849 VVeiskius
1981 1817 2107 1849 incidit.

323 1868 368 1900 L.
391 1868 566 1912 Opimius)
610 1868 750 1900 Dictum
773 1868 813 1898 de
836 1879 874 1899 eo
897 1867 964 1898 iam
986 1868 1023 1899 C.
1048 1868 1209 1900 XXVIII
1231 1881 1281 1911 sq.
1309 1875 1366 1900 est.

323 1922 368 1953 L.
389 1921 551 1963 Flaccus)
596 1922 638 1953 L.
662 1922 819 1955 Ualerius
840 1921 976 1953 Flaccus
999 1921 1137 1962 conlega
1160 1922 1197 1953 C.
1222 1922 1311 1954 Mari
1342 1923 1403 1955 VI.
1434 1920 1592 1952 consulis.
1638 1919 1728 1953 Uide
1751 1921 1821 1954 Cic.
1848 1934 1912 1965 pro
1942 1922 1979 1954 C.
2003 1923 2111 1955 Rabi-

241 1972 290 2004 rio
312 1974 350 2005 C.
373 1974 452 2006 VH.
478 1975 508 2015 ἕ.
533 1985 604 2013 20.‚
635 1975 784 2017 Philipp.
808 1975 911 2012 VIII,
936 1974 974 2011 5,
1001 1975 1049 2005 15.
1073 1980 1103 2004 et
1125 1974 1161 2005 in
1186 1975 1285 2006 Catil.
1311 1977 1342 2015 I,
1369 1987 1407 2013 2,
1431 1975 1479 2006 4..

323 2027 488 2070 Inprobos
520 2027 621 2071 ciuis)
665 2027 714 2059 M.
739 2026 899 2058 Fuluiom
927 2026 1084 2057 Flaccum
1115 2028 1326 2059 consularem
1360 2035 1389 2059 et
1422 2029 1460 2059 C.
1492 2026 1685 2058 Gracchum
1717 2027 1934 2059 tribunicium
1967 2028 2109 2071 Opimio

242 2079 395 2117 consule3
441 2080 662 2112 Saturninum
695 2080 868 2111 tribunum
900 2079 948 2123 pl.
979 2085 1012 2110 et
1043 2079 1219 2111 Glauciam
1249 2088 1441 2124 praetorem
1472 2081 1510 2112 C.
1543 2080 1654 2112 Mario
1690 2087 1722 2111 et
1748 2081 1790 2112 L.
1819 2079 1958 2112 Ualerio
1987 2080 2107 2113 Flacco

242 2141 344 2162 coss..
370 2131 582 2164 MANUTIUS.
626 2134 715 2167 Uide
739 2146 812 2165 eam
835 2145 907 2164 rem
930 2131 1036 2163 fusius
1060 2139 1290 2175 exponentem
1310 2135 1358 2166 M.
1376 2134 1532 2165 Tullium
1554 2133 1590 2164 in
1607 2133 1648 2164 iis
1664 2132 1744 2163 locis
1768 2144 1852 2173 quos
1874 2133 1976 2164 modo
1992 2133 2107 2165 adtuli.

326 2183 370 2216 P.
392 2184 544 2229 Illucius)
590 2187 626 2218 P.
650 2187 784 2219 Blucius
808 2185 986 2225 Scaeuola,
1023 2184 1082 2227 qui
1107 2196 1185 2216 cum
1208 2186 1251 2217 L.
1280 2186 1466 2230 Calpurnio
1490 2187 1610 2218 Pisone
1637 2184 1742 2226 Frugi
1770 2196 1824 2216 an.
1849 2185 1921 2217 621.
1952 2185 2108 2218 consula-

242 2242 313 2271 tum
335 2235 445 2277 gessit.

326 2288 372 2320 P.
393 2288 522 2331 Scipio)
565 2290 601 2322 P.
624 2291 736 2334 Scipio
759 2291 896 2331 Nasica,
934 2290 992 2333 qui
1015 2291 1173 2334 pontifex
1199 2303 1381 2324 maxumus
1410 2290 1485 2322 fuit.
1531 2290 1603 2322 Cfr.
1624 2289 1660 2321 in
1684 2289 1783 2321 Catil.
1807 2289 1841 2329 I,
1867 2300 1904 2329 1,
1927 2288 1958 2320 3.
1991 2288 2107 2332 ibique

241 2341 458 2384 interpretes,
486 2347 520 2372 et
540 2341 687 2385 Philipp.
711 2345 814 2384 VIII,
838 2345 872 2384 4,
901 2345 968 2376 15..
