2264 2746
267 70 416 104 XXVIII
819 64 843 92 P
864 64 892 91 R
914 63 941 91 o
963 63 990 90 L
1011 64 1038 91 E
1061 63 1090 90 G
1111 61 1139 89 o
1160 63 1204 91 M.
1283 63 1321 91 L.
1342 63 1365 92 1.
1387 64 1421 92 0.
1442 63 1499 92 111.
1519 61 1547 103 §.
1571 64 1613 93 13.

269 149 350 177 hunc
369 146 472 174 locum
492 142 586 171 scribi
606 140 744 170 uolebat:
773 139 816 166 ad
837 143 1005 174 praecepta
1026 143 1103 173 apta
1123 142 1211 164 aetas
1231 147 1291 164 non
1312 143 1355 165 est
1375 140 1454 167 nati.
1493 138 1646 166 Graenius
1666 139 1802 177 recepit,
1829 139 1912 178 quod
1931 141 1964 168 in
1984 141 2049 170 Erf.
2070 152 2144 180 rep-

268 198 408 235 perorat,
434 201 596 228 secumque
618 186 839 218 ctmscnticntis
867 185 976 213 habuit
1002 183 1182 212 Ernestinm
1209 189 1239 212 et
1269 184 1456 214 Sclmtzium.
1498 186 1701 222 Garatonius,
1738 197 1827 224 quem
1855 193 1976 216 seeutns
2005 188 2145 217 Orellius

269 249 330 278 est,
361 244 528 279 praeeunte
549 239 644 266 Pareo
669 238 780 274 grauis
807 232 981 260 eiciendum
1001 231 1140 270 putauit,
1174 231 1306 270 ideoque
1333 232 1411 261 113110
1438 244 1542 263 ueram
1569 235 1702 263 credidit
1722 235 1906 274 scripturmn
1927 245 2006 263 esse:
2035 246 2145 274 qaam-

270 301 363 330 quam
384 288 427 316 acl
441 291 609 324 praecepta
630 291 716 311 aclas
737 293 796 310 non
819 287 870 310 est.

344 335 522 374 Dupliciter
542 336 726 370 peccarunt,
756 329 808 368 qni
834 327 922 356 Parci
944 327 1061 354 iudicio
1083 327 1343 365 subscripserunt.
1382 329 1475 357 Prior
1503 339 1590 357 error
1610 329 1660 357 hic
1681 334 1743 364 est,
1777 329 1859 367 quod
1879 331 2008 358 uerbum
2024 333 2147 369 grauis,

272 385 354 425 qnod
373 384 404 411 in
426 382 491 409 Erf.
513 385 576 414 est,
603 380 638 406 ab
660 379 830 415 interprete
850 376 989 414 potuisse
1009 375 1166 414 111-01101501
1186 381 1345 414 putarunt.
1386 377 1449 413 Qui
1476 387 1545 405 011111
1570 376 1631 414 11151
1658 386 1720 403 11011
1741 376 1812 404 illut
1832 377 1977 412 uerbum,
2005 382 2051 405 sot
2070 383 2148 415 apta

272 434 322 462 uel
342 434 452 461 idonea
480 426 683 465 supplendum
713 436 776 453 esse
806 425 961 459 dicerent,
996 424 1139 462 profecto
1169 424 1276 451 eodem
1296 424 1386 451 modo
1408 424 1466 452 sibi
1489 425 1639 452 debebant
1659 434 1837 462 persuasum
1858 424 1971 453 habere
1990 425 2149 463 interpre-

272 488 333 511 tem
355 480 461 511 etiam,
490 475 515 502 si
537 473 610 512 quid
631 473 813 508 addidisset,
850 482 913 500 11011
931 473 1044 508 grauis
1065 476 1110 498 set
1131 472 1267 499 cinsdem
1288 471 1371 500 modi
1392 473 1522 499 uerbum
1543 472 1637 500 fuisse
1658 472 1857 500 adiecturum.
1896 472 1987 500 Alter
2008 483 2095 501 error
2114 473 2150 501 in

273 534 339 557 eost
359 525 493 565 positus,
523 520 605 559 quod
633 520 826 559 reliquorum
855 519 997 548 codicum
1025 519 1194 557 scripturas
1224 530 1280 557 pro
1309 519 1410 547 nihilo
1442 524 1640 557 putauerunt.
1679 519 1739 547 Eas
1759 520 1784 547 si
1806 520 1984 557 diligentius
2006 521 2149 549 conside-

272 579 402 607 rassent,
423 568 521 598 omnis
539 568 630 596 unice
651 568 767 596 codicis
783 567 976 595 Erfnrtcnsis
992 567 1176 605 scripturam
1194 567 1375 595 confirmare
1391 567 1626 595 intellexissent.
1653 566 1776 594 Reuera
1791 573 1892 596 autem
1909 568 2046 596 omnium
2061 568 2150 596 codi-

273 634 341 652 cum
367 616 504 656 exceptis
524 616 550 643 E
572 621 603 643 et
623 616 647 644 C
669 616 785 654 duplex
804 620 921 643 tantum
943 615 1139 653 scriptumst,
1168 620 1235 651 aut,
1264 615 1289 642 si
1310 615 1413 642 uerius
1434 614 1520 653 loqui
1540 614 1698 649 uolumus,
1725 625 1786 642 una
1805 616 2034 652 tantunnnodo3
2054 616 2151 644 altera

273 667 431 702 Bauarici,
466 664 517 703 qui
539 664 648 692 scribit
666 674 804 701 grim-zm,
825 663 920 691 altera
940 663 1156 701 plurumorum
1184 663 1317 691 familiae
1340 662 1448 690 tertiae
1475 661 1633 697 codicum,
1669 661 1721 699 qui
1742 662 1880 690 scribunt
1897 670 2023 701 gnatus,
2062 664 2151 699 Quae

273 720 303 746 in
325 716 393 744 aliis
414 722 572 752 pessumae
592 716 683 739 notae
704 711 793 739 libris
815 716 920 738 extant
941 711 1113 749 scripturae
1131 712 1225 748 gnati
1245 715 1275 738 et
1292 716 1411 746 gnata,
1433 720 1502 745 eae,
1533 710 1557 737 si
1580 710 1742 748 quicquam
1763 715 1927 745 certumst,
1954 711 1990 738 ab
2012 710 2149 739 librariis

273 765 350 794 male
371 760 502 794 sedulis,
524 759 576 797 qui
594 765 715 797 gnatus
736 768 827 786 5011511
848 768 950 787 carcre
971 758 1217 793 intellexissent,
1247 762 1328 785 ortas
1350 767 1414 784 esse
1436 757 1687 786 certissumnmst.
1727 757 1836 795 Neque
1863 762 1979 796 puncto
1999 758 2150 796 temporis

273 809 408 841 dubitari
428 811 546 847 potest,
582 805 672 843 (111111,
703 807 785 844 quod
806 807 865 834 ‹luo
888 806 1121 845 corruptissumi
1144 806 1235 841 libri,
1271 806 1315 833 Pb
1338 810 1367 833 et
1388 806 1445 840 Pc,
1481 805 1593 843 quibus
1614 805 1813 833 Lainbiniani
1833 805 1997 840 accedunt,
2023 805 2149 841 habent,

270 864 557 899 g071‹›ram8,11101*a
577 854 757 892 deprauatio
787 854 875 882 uerbi
901 860 1020 891 gnatus
1046 853 1095 881 sit.
1135 853 1346 881 Rclincuntur
1371 853 1467 890 igitur
1493 853 1569 880 duae
1595 853 1782 891 scripturae,
1813 864 1938 890 gnarus·
1965 858 1995 881 et
2019 860 2149 891 gnatus,

274 916 400 947 quarum
420 908 560 931 neutram
581 902 618 929 ab
639 902 811 940 interprete
831 902 1001 940 profectam
1023 910 1105 936 csse,
1130 902 1200 929 lnce
1220 901 1389 929 meridiana
1409 901 1521 929 clarius
1542 905 1597 928 est.
1636 900 1743 938 Itaque
1763 900 1868 938 negari
1888 911 2014 939 prorsus
2034 901 2151 939 nequit,

274 955 416 985 debuisse
444 952 477 979 in
505 949 611 977 codice
638 950 782 988 principe
809 950 928 988 aliquid
954 949 1104 987 scriptum
1132 949 1242 984 fnisse,
1276 949 1358 986 qnod
1385 949 1418 976 in
1448 948 1502 976 has
1530 948 1603 975 duas
1630 948 1798 986 scripturas
1819 948 1980 986 deprauari
2002 949 2151 987 potuerit.

274 1004 337 1032 Iam
357 999 430 1039 quid
450 997 572 1026 tandem
592 1007 668 1024 uero
690 998 821 1025 similius
843 1003 904 1033 est,
931 1008 1020 1035 qnam
1041 996 1190 1034 seriptum
1211 996 1256 1024 ibi
1275 997 1370 1024 fuisse
1387 999 1516 1034 grauis,
1543 996 1673 1023 fortasse
1693 995 1737 1023 sic
1758 1001 1933 1031 exaratum,
1960 1001 1994 1024 ut
2015 997 2151 1034 singula-

274 1061 342 1079 rum
362 1048 535 1076 litterarum
557 1045 665 1072 ductus
687 1055 749 1073 11011
770 1045 841 1073 satis
861 1050 988 1083 possent
1009 1044 1176 1081 adgnosci?
1214 1044 1250 1071 ld
1270 1055 1357 1082 quam
1378 1044 1469 1072 facile
1490 1048 1555 1071 tum
1575 1043 1607 1071 in
1624 1054 1746 1081 gnarus
1767 1048 1831 1071 tum
1851 1043 1884 1071 in
1901 1049 2021 1081 gnatus
2039 1048 2153 1081 potue—

275 1098 317 1126 rit
337 1093 459 1128 mutari,
480 1092 653 1129 intelleget,
675 1093 727 1130 qui
747 1093 933 1129 meminerit,
953 1092 1087 1131 primum
1108 1102 1201 1130 super
1221 1094 1232 1119 ι’
1260 1092 1395 1119 litteram
1415 1095 1565 1129 punctum
1585 1091 1617 1119 in
1639 1090 1868 1129 antiquioribus
1889 1091 2057 1127 codicibus,
2077 1102 2154 1130 qua-

274 1145 314 1173 115
334 1143 395 1172 fuit
416 1140 514 1169 codex
535 1141 590 1168 ille
611 1140 771 1178 princeps,
800 1151 861 1168 non
882 1141 974 1179 poni,
1001 1151 1096 1178 porro
1117 1151 1133 1167 r
1153 1140 1287 1167 litteram
1307 1139 1443 1178 procliui
1465 1149 1570 1167 errore
1590 1149 1659 1166 011111
1680 1149 1700 1166 η
1727 1137 1876 1165 confundi
1902 1139 2058 1175 potuisse,
2092 1151 2151 1178 po-

276 1198 389 1220 stremo
411 1201 426 1217 r
446 1193 476 1215 et
497 1195 508 1216 t.
529 1188 649 1215 litteras
670 1188 706 1214 ab
727 1190 739 1215 ι’
759 1188 863 1216 1111013
884 1188 1050 1216 1001550010
1071 1187 1203 1214 differre.
1244 1187 1331 1222 Quae
1352 1197 1421 1215 cum
1441 1186 1485 1214 ita
1504 1187 1580 1222 sint,
1602 1186 1727 1225 quaeuis
1748 1185 1925 1223 explicandi
1946 1187 2050 1225 potius
2070 1193 2151 1216 tem-

276 1239 387 1279 ptanda
407 1237 495 1271 uiast,
516 1245 604 1273 quam
624 1240 659 1262 ut
678 1240 814 1263 mutetur
835 1236 987 1274 scriptura
1016 1234 1132 1263 codicis
1152 1234 1363 1270 Erfnrtensis,
1384 1245 1472 1273 quem
1494 1234 1614 1272 saepius
1634 1234 1733 1262 solum
1753 1233 1901 1270 integi-am
1923 1233 2010 1262 Tulli
2030 1245 2152 1264 manum

277 1294 483 1319 conseruasse,
503 1292 593 1320 supra
618 1287 811 1310 05101151111151.
852 1283 928 1311 Ε550
948 1288 1049 1311 autem
1068 1292 1177 1310 reuera
1197 1282 1382 1320 scripturam
1402 1282 1488 1310 illam
1508 1282 1612 1310 sensui
1632 1282 1992 1316 3000110110(131155111113111,
2013 1282 2046 1310 in
2066 1292 2151 1311 com-

277 1334 426 1364 mentario
448 1331 519 1359 satis
540 1340 556 1358 a
576 1339 624 1358 me
645 1330 885 1359 demonstratum
906 1336 981 1369 puto
1002 1340 1087 1366 esse,
1107 1329 1150 1357 ita
1168 1334 1203 1358 ut
1223 1340 1322 1369 neque
1343 1330 1488 1358 Lambini
1515 1339 1614 1368 neque
1634 1329 1712 1358 Baki
1733 1329 1926 1358 coniecturas
1946 1329 2043 1358 uerbo
2062 1330 2149 1359 refu-

278 1389 342 1412 tare
363 1380 493 1418 amplius
514 1388 591 1416 opus
612 1378 661 1405 511.
1480 1378 1483 1381 ·

279 1513 428 1544 intellegas..
456 1510 527 1543 quod
549 1510 612 1534 Gar.
632 1510 799 1534 conmendat:
828 1512 950 1533 neutrum
974 1507 1042 1531 bene
1060 1506 1182 1531 Latinum
1209 1516 1266 1531 esse
1296 1509 1442 1540 contendo,
1470 1516 1590 1542 quaeque
1610 1506 1672 1531 Gar.
1698 1506 1781 1530 adfert
1800 1505 1935 1538 exempla,
1961 1506 2048 1531 omnia
2067 1507 2152 1533 aliena

279 1566 345 1583 esse,
382 1556 434 1579 Fae.
451 1558 540 1579 tamen
561 1555 597 1579 sic
618 1563 693 1587 posse
712 1553 779 1583 diei,
800 1552 862 1585 quid
880 1552 947 1576 istuc
967 1552 1071 1575 tandem
1091 1551 1153 1581 erit,
1178 1551 1253 1576 soleo
1272 1552 1327 1577 filio
1347 1562 1405 1577 meo
1426 1553 1597 1586 praecipere,
1624 1559 1780 1584 quamquam
1797 1551 1913 1575 nondum
1932 1550 2070 1584 percipere
2088 1557 2152 1585 pot.

281 1607 318 1625 est
336 1599 496 1633 praecepta?
530 1599 665 1623 Audacem
683 1606 829 1631 proponam
850 1595 1043 1626 coniecturam,
1074 1600 1113 1619 set
1131 1604 1196 1628 quae
1222 1596 1279 1621 aliis
1297 1598 1407 1621 fortasse
1426 1597 1536 1621 meliora
1556 1594 1720 1628 excogitandi
1741 1595 1810 1618 uiam
1829 1595 1966 1619 ostendat:
1991 1603 2152 1630 quamquam

280 1646 316 1670 ad
329 1648 474 1678 praecepta
496 1644 566 1667 satis
584 1648 623 1668 est
642 1648 742 1667 actum.
777 1641 930 1665 BAKIL'S.
967 1639 1018 1671 Qui
1038 1639 1135 1663 uellem
1153 1640 1263 1665 meliora
1283 1642 1467 1674 excogitasset.
1503 1640 1662 1665 Garatonius
1682 1639 1715 1663 ad
1733 1647 1771 1663 or·
1791 1638 1859 1663 Sest.
1880 1647 1902 1663 c.
1922 1640 1964 1665 42.
1983 1649 2009 1672 p.
2032 1640 2088 1673 176.
2108 1641 2152 1666 ed.

281 1691 366 1722 Neap.
384 1690 449 1713 haee
468 1688 582 1712 monuit:
615 1688 679 1719 ,‚IV.
704 1687 729 1711 in
748 1686 824 1711 Uerr.
844 1684 885 1709 56.
905 1683 1019 1714 ualuas,
1044 1693 1113 1717 quae
1131 1683 1196 1708 olim
1214 1686 1252 1710 ad
1266 1686 1416 1709 ornandum
1434 1685 1562 1718 templum
1579 1689 1656 1709 erant
1675 1692 1812 1708 maxume:
1836 1693 1924 1717 neque
1947 1684 2015 1709 enim
2031 1689 2095 1717 puto
2113 1686 2152 1710 ibi

283 1734 432 1759 sumendum
452 1742 484 1758 ex
502 1741 575 1766 seqq.
594 1732 710 1766 factae,
729 1739 786 1754 011111
805 1729 959 1762 praesertim
976 1728 1097 1752 similiter
1115 1729 1181 1753 ibid.
1202 1730 1241 1756 15.
1262 1731 1298 1754 ad
1317 1739 1376 1754 eam
1392 1738 1447 1754 rem
1466 1730 1531 1754 istos
1548 1729 1655 1762 fratres
1674 1730 1704 1760 C)
1713 1727 1818 1752 hiratas
1827 1729 1930 1761 fuisse,
1949 1728 1993 1752 ubi
2010 1730 2152 1761 genuinum

285 1778 392 1803 Catonis
410 1777 495 1801 locum
513 1777 546 1800 de
566 1776 599 1800 R.
618 1776 652 1802 R.
671 1785 694 1801 c.
717 1776 775 1799 125.
795 1775 895 1807 profert
914 1773 1118 1797 Hottomannus.
1153 1775 1230 1799 Adde
1250 1775 1294 1800 III.
1313 1775 1345 1798 de
1363 1774 1425 1798 Nat.
1443 1774 1478 1799 D.
1497 1775 1554 1801 5·i.:
1574 1775 1648 1807 eique
1667 1773 1776 1798 laneum
1790 1772 1908 1806 pallium
1926 1772 2026 1804 iniecit,
2044 1782 2103 1798 cum
2122 1775 2152 1800 id

284 1831 339 1846 esse
358 1820 394 1844 ad
412 1829 486 1844 onzne
505 1820 572 1844 anni
590 1825 694 1853 tempus
712 1820 820 1843 diceret.
839 1818 883 1842 ubi
902 1822 996 1851 aptum
1015 1817 1173 1849 interpretes
1190 1819 1414 1852 interposuerant.
1449 1818 1518 1843 Hinc
1537 1818 1663 1843 formulas
1682 1818 1743 1842 huie
1760 1817 1910 1841 simillumas
1928 1817 2062 1849 habemus,
2082 1829 2151 1852 quae

286 1875 334 1899 per
353 1874 380 1888 se
399 1865 539 1894 denotant,
567 1865 607 1888 cui
626 1864 741 1897 quidque
759 1863 900 1894 inseruiat,
923 1862 1006 1886 0011111
1025 1862 1097 1886 serui
1114 1862 1151 1886 ad
1169 1871 1281 1894 remum,
1311 1863 1349 1887 ad
1365 1863 1506 1895 cyathum,
1539 1862 1640 1887 milites
1658 1862 1695 1886 ad
1712 1861 1792 1886 nauis
1811 1865 1870 1886 etc..
1904 1860 1944 1886 Ex
1962 1861 2002 1886 his
2022 1863 2151 1896 explicari

286 1911 398 1934 fortasse
416 1912 502 1941 potest
520 1907 657 1933 Liuianum
676 1909 737 1933 illut
753 1908 777 1939 Ι,
795 1907 838 1932 34.
875 1909 990 1932 Romast
1008 1908 1045 1932 ad
1063 1907 1091 1931 id
1104 1907 1283 1940 potissumum
1302 1907 1376 1937 uisa5
1395 1907 1440 1932 ubi
1460 1908 1544 1932 Gron.
1564 1912 1591 1931 et
1608 1907 1690 1932 Drak.
1708 1906 1805 1930 malunt
1817 1906 1984 1939 poti-numa,
2002 1906 2151 1936 Heumann.

287 1955 445 1987 aptissuma.
480 1951 510 1976 Id
531 1957 614 1976 tamen
634 1954 677 1976 fiet
697 1953 828 1986 apertius,
863 1951 884 1975 si
910 1961 959 1984 pro
982 1956 1021 1976 est
1043 1952 1170 1976 rescribas
1194 1954 1275 1976 esse.ss
1311 1952 1395 1976 Recte
1420 1957 1507 1976 autem
1526 1951 1622 1976 Bakius
1645 1951 1716 1976 nullo
1740 1950 1834 1975 horum
1859 1950 1976 1975 locorum
1994 1952 2151 1985 scripturam

288 1999 325 2023 ad
340 2000 484 2031 praerepta
504 2001 580 2020 aetas
598 2005 648 2021 non
668 2002 707 2021 est
726 1997 830 2021 defendi
850 1997 995 2022 contendit.
1031 1997 1168 2021 Docerem
1186 1996 1213 2020 id
1233 1997 1379 2029 copiosius,
1403 1997 1453 2021 nisi
1471 1997 1533 2021 satis
1552 1998 1602 2021 13111
1621 1996 1804 2025 ostendissem,
1836 1994 1915 2025 hanc,
1948 2005 2014 2028 quae
2031 2006 2045 2020 a
2065 1997 2151 2022 Gara—

288 2043 362 2067 101110
381 2041 489 2074 probata
509 2041 554 2072 sit,
581 2040 732 2073 scripturam
750 2040 794 2064 uel
814 2040 846 2065 ob
867 2040 988 2065 codicum
1007 2041 1190 2066 auctoritatem
1210 2042 1340 2072 omnium,
1371 2040 1413 2074 qui
1438 2041 1534 2075 grauis
1552 2051 1566 2067 a
1584 2041 1674 2066 Tullio
1693 2049 1749 2065 esse
1767 2039 1884 2065 additum
1903 2041 2039 2066 manifesto
2058 2047 2150 2068 osten-

291 2087 369 2118 dunt,
385 2084 535 2110 necessario
554 2093 610 2109 esse
628 2085 796 2110 reiciendum.
