2264 2746
242 90 297 117 112
894 76 1469 108 COMMENTARIUS.

242 157 278 190 in
309 168 375 200 quo
404 155 539 189 reiectis
567 152 743 186 manifesto
775 151 939 194 significat
969 163 1036 184 non
1065 152 1198 184 auclitis
1226 151 1283 182 uel
1311 164 1377 184 non
1406 152 1580 184 admissis,
1624 148 1825 194 Diff'erencli
1847 152 2021 186 notionem
2043 160 2117 187 tum

243 217 376 243 tantum
398 208 522 240 habere
543 211 669 249 potest,
703 216 779 235 cum
802 204 955 237 additum
977 204 1105 247 aliquid
1131 210 1197 243 est,
1235 215 1279 235 ex
1302 215 1368 245 quo
1393 204 1434 235 de
1457 204 1619 236 dilatione
1644 214 1835 235 sermonem
1859 214 1929 235 esse.
1951 212 2041 237 certo
2064 206 2119 238 in-

244 261 436 304 tellegitur,
471 258 577 291 ueluti
599 258 632 288 in
656 256 726 288 Cic.
750 257 814 300 Ep.
838 257 879 289 ad
907 257 1077 299 Quintum
1099 255 1142 287 fr.
1167 257 1214 296 Π,
1239 257 1270 288 5.
1303 256 1340 289 Λ
1361 257 1444 289 Kal.
1467 257 1567 290 Febr.
1589 256 1779 300 legationes
1802 255 1838 287 in
1861 256 1941 288 iclus
1961 258 2119 292 Februa-

247 317 320 349 rias
345 314 585 346 reicielmntur.
624 315 657 340 et
679 309 824 342 ibidem:
853 311 1001 343 Interim
1024 309 1159 342 reiectis
1182 308 1414 352 legationibus
1436 310 1472 341 in
1499 312 1577 343 iclus
1601 316 1680 341 etc..
1727 307 1882 351 Simplex
1910 315 2023 342 autem
2050 311 2123 343 elo-

247 368 338 400 cutio
360 366 548 409 legationes
571 364 697 396 reicere
718 362 844 405 ubique
866 361 1030 404 significat
1051 362 1242 405 legationes
1269 374 1336 393 non
1366 362 1501 394 audire.
1543 362 1674 394 Eodem
1705 360 1808 392 modo
1837 363 2013 395 auctiones
2041 364 2124 396 reici

249 420 427 456 dicuntur,
465 427 541 446 cum
564 415 714 448 exerceri
730 415 971 459 prohibentur.
1014 414 1084 445 Eae
1106 426 1188 445 uero
1217 414 1376 457 quoniam
1399 413 1529 446 tamdiu
1550 421 1683 446 tantum
1706 414 1859 446 exerceri
1881 426 1950 446 non
1972 421 2124 458 possunt,

249 471 411 516 quamdiu
432 468 599 500 iustitium
623 474 691 508 est,
725 467 823 499 facile
845 466 1072 509 intellegitur,
1113 466 1178 498 hoc
1208 467 1302 507 loco,
1337 466 1373 497 in
1397 478 1463 508 quo
1492 466 1621 498 iustitio
1645 467 1754 498 edicto
1777 467 1948 498 auctiones
1972 467 2126 500 dicantur

249 525 409 561 reiectae,
444 527 535 553 recte
558 522 702 554 reiectas
725 521 889 563 explicari
913 532 1012 563 posse
1035 521 1175 552 dilatas.
1217 520 1335 561 Itaque
1357 525 1535 558 certumst,
1570 519 1823 562 ambiguitatem
1850 520 1885 550 in
1908 520 2014 552 uerbo
2040 521 2128 553 reie-

250 584 324 611 ctae
345 575 401 607 hic
431 585 520 612 esse,
556 580 714 616 recteque
733 574 799 605 iam
821 573 1009 605 Graeuium
1033 574 1210 605 auctiones
1233 574 1378 605 reiectas
1408 571 1592 615 explicasse
1620 583 1682 614 per
1711 574 1887 605 auctiones
1909 573 2058 612 dilatas,
2093 579 2127 605 et

249 628 439 672 legationes
462 628 604 660 reiectas
627 638 689 670 per
710 627 900 670 legationes
922 637 988 657 non
1011 626 1164 659 auditas.
1207 626 1279 657 Iam
1304 636 1388 667 quae
1421 624 1582 656 acerbitas
1605 624 1641 655 in
1658 625 1767 656 Grani
1790 638 1951 669 responso
1973 626 2027 666 sit,
2046 637 2127 669 per-

249 682 365 725 spicue
383 680 611 723 intellegetur.
655 680 777 712 Nasica
798 678 967 711 Granium
990 678 1120 710 tristem
1143 685 1280 721 putarat
1301 689 1388 717 esse,
1416 676 1506 720 quod
1530 687 1589 719 spe
1612 676 1710 717 lucri,
1738 677 1829 720 quod
1852 689 1895 709 ex
1917 679 2128 711 auctionibus

249 735 285 766 in
308 744 490 777 praecones
512 734 640 765 solebat
662 732 870 771 redundare,
900 730 1091 762 excidisset.
1137 731 1202 763 Cui
1223 731 1270 762 ita
1291 730 1476 774 respondet
1498 728 1664 766 Granius,
1694 736 1733 761 ut
1754 742 1823 762 non
1845 737 1987 774 propter
2011 731 2129 764 dilatas

249 786 439 825 auctiones,
480 792 531 818 set
562 792 705 829 propter
733 797 803 817 non
828 784 957 816 auditas
987 783 1170 826 legationes
1196 795 1231 815 se
1255 784 1386 816 tristem
1411 783 1499 815 dicat
1521 793 1602 813 esse.
1649 781 1727 823 Quo
1757 783 1935 825 significat,
1970 796 2040 816 non
2070 797 2129 817 sua

251 850 366 871 caussa
390 850 425 870 se
445 837 570 878 dolere,
596 839 721 882 quippe
745 838 802 880 qui
826 837 937 869 dilatis
967 836 1178 869 auctionibus
1203 836 1239 867 in
1262 842 1395 880 tempus
1420 846 1578 879 praesens
1602 835 1838 867 tantummodo
1861 836 1948 867 nihil
1970 837 2057 869 lucri
2077 837 2131 869 fa-

251 894 331 932 ciat,
358 897 409 923 set
431 903 549 923 eorum
572 902 700 930 caussa,
724 891 782 933 qui
804 891 936 922 reiectis
958 889 1182 933 legationibus
1206 890 1345 921 omnino
1370 889 1552 933 priuentur
1573 887 1667 918 lucro
1691 889 1747 919 uel
1768 888 1928 931 pecunia,
1958 900 2058 931 quam
2080 891 2132 922 le-

251 946 336 990 gati,
361 945 389 976 si
412 949 521 976 essent
545 943 670 982 auditi,
701 943 879 975 dedissent.
922 943 1006 976 Uolt
1029 948 1159 981 autem,
1187 942 1246 984 qui
1267 943 1362 974 lucro
1385 942 1538 985 priuatus
1562 940 1621 980 sit,
1652 939 1765 983 ipsum
1786 941 1939 984 intellegi
1960 942 2128 983 Nasicam,

251 1010 328 1031 cum
351 996 496 1029 consulis
519 995 744 1038 potissumum
767 1001 868 1035 esset,
903 995 1052 1035 efficere,
1083 1001 1123 1026 ut
1151 995 1252 1037 legati
1281 995 1492 1026 audirentur.
1537 994 1582 1024 Et
1604 1005 1724 1024 reuera
1748 993 1885 1036 quidem
1908 994 2034 1037 legatos
2055 1002 2130 1028 tum

251 1050 415 1094 temporis
439 1048 585 1087 consuli,
622 1047 715 1078 cuius
739 1059 841 1090 opera
863 1048 970 1079 auditi
997 1054 1124 1087 essent,
1161 1047 1339 1090 pecuniam
1362 1047 1504 1078 reddere
1525 1057 1717 1084 consuesse,
1751 1052 1886 1089 praeter
1908 1047 2132 1091 interpretem

251 1102 519 1137 Ambrosianum
542 1106 684 1132 testatur
707 1100 825 1131 Cicero
848 1100 920 1142 ipse
942 1100 978 1130 in
1001 1100 1066 1142 Ep.
1089 1098 1131 1130 ad
1156 1099 1324 1140 Quintum
1347 1098 1389 1130 fr.
1414 1100 1464 1139 II,
1492 1110 1559 1131 12.:
1592 1100 1648 1131 De
1671 1099 1896 1142 Commageno
1918 1112 2017 1143 rege,
2041 1103 2134 1145 quod

253 1169 324 1189 rem
347 1161 454 1188 totam
480 1154 727 1190 discusserunt,
758 1151 908 1194 mirifice
929 1153 1016 1184 mihi
1040 1159 1072 1184 et
1089 1163 1155 1195 per
1177 1164 1212 1183 se
1235 1157 1267 1183 et
1284 1164 1350 1195 per
1371 1152 1603 1195 Pomponium
1625 1152 1805 1184 blanditur
1825 1152 1976 1196 Appius.
2027 1155 2131 1187 Uidet

234 1211 361 1255 ssnim,
400 1209 461 1240 lioc
481 1217 607 1250 genere
630 1204 767 1236 (licendi
788 1204 820 1235 si
845 1209 928 1236 utar
951 1205 987 1236 in
1010 1205 1148 1243 ceteris,
1179 1204 1411 1237 Februarium
1433 1205 1633 1236 sterilem
1653 1204 1835 1247 fliturum.
1879 1204 2006 1237 Confer
2029 1207 2131 1239 etiam

253 1273 338 1306 quae
363 1260 488 1292 ibidem
511 1257 612 1300 paulo
636 1262 713 1299 post
734 1256 845 1288 addit:
914 1257 994 1288 '‘ilzil
1015 1263 1065 1288 est
1087 1258 1177 1289 enim
1190 1256 1362 1300 facilius,
1394 1269 1498 1300 quam
1520 1259 1655 1301 reliqua
1675 1258 1858 1289 discutere.
1902 1258 1960 1290 Set
1982 1272 2049 1292 non
2062 1260 2132 1304 fa·-

253 1317 354 1353 ciam,
378 1319 417 1346 ut
440 1312 541 1344 illum
563 1309 747 1354 offendam,
770 1321 811 1340 ne
833 1309 982 1352 inploret
995 1308 1109 1352 fidem
1130 1310 1229 1342 Iouis
1253 1310 1466 1354 Hospitalis,
1489 1309 1617 1341 Graios
1639 1310 1747 1341 omnis
1771 1316 1941 1349 conuocet,
1957 1324 2024 1355 per
2047 1326 2130 1356 quos

253 1379 384 1401 mecum
407 1367 442 1397 in
463 1363 622 1408 gratiam
644 1362 759 1394 rediit.
782 1367 815 1392 et
837 1361 974 1393 consule
996 1361 1038 1392 ad
1062 1362 1138 1393 illos
1161 1362 1252 1393 locos
1275 1362 1468 1393 Manutium
1493 1367 1526 1392 et
1539 1361 1746 1392 Ernestium.
1793 1362 1953 1393 Ceterum
1975 1374 2014 1394 eo
2036 1375 2131 1396 acer-

252 1421 327 1453 bius
351 1419 478 1450 dictum
499 1416 576 1448 illut
595 1420 677 1453 erat,
702 1427 768 1457 quo
790 1414 895 1456 magis
921 1413 1096 1456 integritas
1111 1414 1252 1446 Nasicae
1275 1420 1309 1446 et
1321 1414 1430 1446 uirtus
1453 1414 1608 1446 omnibus
1631 1420 1711 1446 nota
1727 1420 1807 1454 erat,
1832 1426 1932 1457 quem
1946 1415 2131 1460 Diodorus,

251 1480 291 1506 ut
313 1471 483 1505 monitum
504 1469 572 1501 iam
594 1479 613 1499 a
636 1467 863 1506 Gaiatoniost,
888 1464 1140 1510 ἀδωροδόκητον
1161 1465 1299 1500 ἅπαντα
1320 1465 1380 1500 τὸν
1400 1466 1480 1510 βίον
1501 1467 1592 1498 dicit.
1639 1467 1796 1510 Denique
1817 1468 1935 1507 miror,
1959 1469 2131 1503 neminem

253 1527 424 1559 editorum
454 1521 680 1560 intellexisse,
711 1520 769 1562 qui
793 1519 921 1551 fuerint
942 1520 1043 1562 legati
1066 1520 1132 1560 illi,
1166 1521 1286 1563 quibus
1316 1520 1448 1552 reiectis
1476 1519 1642 1552 iustitium
1667 1521 1784 1552 Cicero
1813 1521 1960 1552 edictum
1982 1533 2052 1554 esse
2073 1524 2131 1556 ait.

253 1581 362 1612 Erant
390 1577 478 1609 filius
506 1573 689 1616 Iugurthae
713 1573 848 1616 duoque
872 1573 942 1604 eius
965 1571 1148 1605 familiares
1177 1573 1218 1605 ad
1248 1579 1402 1605 senatum
1424 1572 1533 1612 missi,
1567 1579 1606 1604 ut
1627 1579 1721 1616 patet
1752 1585 1795 1605 ex
1818 1574 1955 1606 Sallusti
1976 1575 2130 1618 Iugurth.

256 1634 293 1665 C.
315 1630 469 1663 XXVII.
494 1633 528 1658 et
549 1637 636 1668 seq.‚
670 1626 861 1658 scribentis:
894 1627 954 1658 Set
976 1626 1035 1658 ubi
1056 1632 1195 1678 senatus
1223 1627 1343 1658 clelicti
1371 1626 1579 1657 conscientia
1595 1626 1766 1669 populum
1789 1628 1904 1666 timet,
1935 1628 2012 1672 lege
2035 1630 2132 1662 Sem-

254 1685 379 1729 pronia
402 1681 608 1726 prouinciae
629 1677 771 1722 futuris
801 1679 996 1711 consulibus
1024 1679 1201 1712 Numidia
1235 1684 1338 1722 atque
1367 1678 1477 1710 Italia
1509 1678 1674 1710 decretae.
1718 1679 1879 1711 Consules
1908 1680 2131 1714 declarantur

256 1739 299 1770 P.
323 1735 438 1779 Scipio
461 1733 616 1771 Nasica,
647 1732 692 1764 L.
714 1733 837 1764 Bestia
860 1732 1092 1775 Calpurnius3
1123 1731 1312 1775 Calpurnio
1335 1730 1531 1768 Numidia,
1558 1731 1714 1774 Scipioni
1735 1732 1846 1764 Italia
1868 1732 2015 1766 obuenit.
2057 1734 2131 1767 De·

257 1791 335 1822 incle
358 1788 528 1821 exercitus
537 1812 548 1826 ,
578 1786 637 1829 qui
660 1785 696 1817 in
720 1785 884 1829 Africam
901 1790 1124 1829 portaretur,
1154 1784 1338 1823 scribitur3
1374 1784 1603 1827 stipendium,
1634 1784 1727 1823 alia,
1760 1797 1846 1828 quae
1867 1785 1952 1817 bello
1974 1786 2055 1817 usui
2066 1785 2132 1830 fo·

258 1849 350 1881 rent,
391 1842 633 1873 decernuntur.
677 1838 727 1871 At
749 1838 927 1881 Iugurtha
950 1843 1068 1869 contra
1092 1848 1185 1880 spem
1207 1837 1329 1868 nuntio
1353 1841 1507 1879 accepto,
1547 1836 1673 1879 quippe
1695 1837 1751 1869 cui
1773 1839 1905 1870 Romae
1926 1838 2042 1870 omnia
2070 1851 2131 1871 ue-

259 1907 339 1927 num
363 1895 412 1925 ire
435 1894 471 1925 in
494 1893 609 1925 animo
631 1892 808 1929 haeserat,
836 1890 1003 1934 filium
1029 1896 1067 1922 et
1090 1902 1178 1922 cum
1200 1902 1241 1922 eo
1265 1890 1343 1921 cluo
1365 1888 1628 1932 familiaris
1653 1889 1709 1921 acl
1736 1895 1933 1921 senatum
1957 1890 2131 1933 legatos

258 1947 420 1985 mittit,
445 1947 610 1989 iisque,
632 1949 681 1976 ut
703 1943 823 1982 illis,
850 1955 950 1987 quos
972 1942 1230 1986 Hiempsale
1253 1940 1491 1984 interfecto
1514 1941 1972 1984 mise1·at‚praeeipit,
1996 1945 2132 1976 omnis

260 1999 463 2032 mortalis
488 1998 681 2042 pecunia
705 1995 1044 2039 adgrediuntur.
1088 1996 1172 2035 Qui
1194 2001 1429 2039 postquam
1452 1994 1627 2026 Romam
1647 1993 1969 2033 acluentarant‚
2002 2008 2132 2028 sena-

261 2058 331 2084 tus
359 2064 381 2083 a
403 2051 560 2083 Bestia
589 2049 845 2082 consultus:
871 2049 1132 2092 placeretne
1162 2048 1336 2091 legatos
1358 2047 1604 2089 Iugurthae
1632 2046 1774 2088 recipi
1795 2046 2040 2086 moenibus3
2071 2049 2132 2080 ii-

262 2115 338 2148 que
369 2104 624 2142 decreuere,
661 2102 726 2134 uti
754 2102 798 2132 in
826 2101 974 2133 diebus
1003 2101 1146 2133 decem
1175 2101 1324 2133 Italia
1353 2099 1628 2132 decederent.-
1667 2097 1821 2129 consul
1848 2098 2055 2132 Numidis
2083 2112 2132 2133 ex

261 2157 406 2190 senati
443 2157 612 2188 decreto
659 2154 869 2188 nuntiari
907 2154 1039 2186 iubet.
1082 2154 1156 2186 Ita
1193 2152 1382 2196 infectis
1416 2151 1538 2184 rebus
1574 2151 1649 2181 illi
1682 2150 1843 2182 domum
1883 2151 2130 2185 discedunt.

261 2209 408 2243 Interim
431 2208 639 2251 Calpurnius
656 2212 815 2252 parato
838 2207 1155 2250 exercitu‘legat
1177 2205 1243 2238 sibi
1267 2206 1419 2238 homines
1441 2203 1565 2236 nobilis
1587 2208 1666 2233 ete..

345 2261 462 2294 illeclio
492 2261 527 2290 in
550 2259 648 2302 foro)
691 2259 764 2292 Etsi
798 2259 833 2290 in
862 2259 994 2301 Proleg.
1023 2260 1066 2291 L.
1095 2260 1122 2290 Ι.
1157 2259 1195 2291 C.
1217 2258 1277 2289 III.
1309 2259 1339 2300 ς.
1370 2258 1399 2289 6.
1428 2254 1636 2299 probandam
1666 2254 1886 2286 Ambrosiani
1917 2256 2130 2300 scripturam,

264 2313 368 2344 uerba
394 2313 441 2344 sic
468 2312 688 2352 conlocamus,
729 2312 766 2344 in
787 2312 898 2344 medio
911 2311 1016 2356 foro,
1060 2323 1130 2344 esse
1153 2311 1247 2351 dixi,
1289 2309 1394 2341 malui
1415 2314 1528 2340 tamen
1550 2308 1612 2340 hac
1632 2307 1675 2350 ¹in
1700 2319 1738 2339 re
1763 2314 1954 2341 ceterorum
1977 2310 2129 2343 codicum

264 2365 497 2397 auctoritatem
518 2363 625 2406 sequi.
