2264 2746
221 85 277 115 254

222 157 319 186 Sirim
330 155 430 186 forma
453 154 581 184 breuior
601 162 619 182 a
635 151 840 191 scriptoribus
859 150 1009 190 prosaicis
1030 160 1123 180 usur-

299 209 372 244 pata
393 204 454 234 168.
474 205 538 232 218.

224 253 350 281 Soaelales
371 251 422 290 qui
442 250 584 279 dicantur
603 246 760 276 LXXIV.

226 300 380 329 Sodalicia
400 298 488 337 quale
509 297 625 325 crimen
641 294 800 324 LXXIV.
831 293 868 322 de
884 293 1003 323 iudicio
1023 293 1056 322 in
1072 303 1124 321 so-

300 347 479 376 daliciorum
498 355 568 373 reos
591 344 760 372 constituto
776 341 934 370 LXXVI.
958 343 1010 370 128
1028 351 1069 379 sq.
1090 340 1124 368 in

301 405 360 433 quo
381 392 499 421 iudices
520 392 641 421 editicii
660 390 839 420 iudicabant
858 388 1032 418 LXXVII.
1061 388 1127 417 ele—

300 442 341 469 cti
364 450 380 467 e
401 439 458 468 IV.
484 440 645 475 tribubus,
680 448 807 476 quarum
827 447 918 465 unam
938 437 1052 464 licebat
1070 445 1125 465 reo

298 488 416 517 reicere
445 487 618 516 LXXVII.
648 487 709 515 124.
747 495 807 522 127.
839 484 876 512 de
896 494 997 523 poena
1022 484 1055 512 in
1075 494 1127 511 so—

299 535 409 563 dalicia
438 535 606 563 constituta
628 533 789 563 LXXIX.
816 532 969 572 quomodo
990 532 1027 559 ab
1058 541 1127 559 am—

288 584 366 612 ¹hilu
381 582 586 621 discreparint
593 582 752 611 LXXIV.
767 587 799 610 et
814 591 831 609 a
846 582 976 609 coitione
987 580 1127 609 LXXV.

225 633 365 661 solidum
385 631 459 670 quid
479 630 632 668 significet
652 638 712 659 101.

225 680 350 708 Solam-e
366 680 535 717 pecuniam
555 682 585 705 et
605 677 773 706 (lissoluere
799 675 946 704 differunt
968 685 1029 714 179.
1065 676 1127 704 sol-

302 738 373 755 uere
393 726 431 754 ab
450 727 557 764 'aliquo
578 725 653 763 quid
672 723 826 762 significet
847 723 913 753 245.

226 774 379 803 Sordidus
399 778 430 801 et
450 775 552 811 turpis
575 782 635 810 109.

225 823 298 850 Sors
318 820 355 848 de
375 820 643 849 administratione
662 819 843 859 prouinciae
866 819 928 857 175.
960 819 1034 848 Sors
1059 828 1129 847 mu-

302 873 399 897 tatum
418 868 453 896 in
466 868 540 905 jors
559 868 620 895 244.

227 917 356 945 Sortilio
377 916 527 944 aedilicia
548 916 609 953 149.

229 964 430 993 Substantiua
449 963 605 999 uerbalia,
627 962 740 991 omisso
760 962 944 1001 participio,
964 960 997 989 ui
1018 959 1130 989 ablati-

304 1021 415 1040 uorum
435 1011 674 1049 consequentiae
689 1020 723 1048 79
740 1021 782 1048 sq.
803 1009 956 1048 quomodo
978 1007 1131 1036 eiusmodi

304 1058 435 1088 ablatini
457 1058 600 1086 soluendi
621 1059 683 1087 sint
702 1060 746 1087 80.

228 1107 393 1146 Suffiugia
413 1106 576 1134 enucleata
596 1111 627 1133 et
645 1104 805 1133 eblandita
825 1103 924 1142 qualia
945 1103 1008 1131 sint
1027 1102 1072 1132 68.

228 1156 353 1183 Sumere
374 1158 405 1181 ct
425 1163 533 1189 capere
553 1163 643 1180 arma
670 1151 823 1190 quomodo
851 1150 993 1178 differant
1011 1150 1066 1178 223
1085 1158 1129 1187 sq.

229 1203 389 1231 Summum
410 1201 443 1228 in
464 1199 552 1228 codd.
574 1199 773 1237 deprauatum
793 1199 825 1227 in
845 1209 935 1226 suum
955 1197 999 1225 61.

228 1250 307 1277 Sunt
327 1247 532 1287 praecedente
551 1254 596 1275 set
617 1248 763 1275 omissum
785 1245 872 1275 LIII.
891 1245 956 1274 214.

229 1297 424 1334 Supplicatio
444 1297 705 1332 magistratuum,
738 1294 857 1323 locutio
879 1291 990 1321 dubiae
1010 1288 1131 1327 siguifi-

305 1343 435 1372 cationis
456 1347 487 1371 et
505 1343 542 1371 ab
563 1342 788 1381 interpretibus
808 1341 948 1380 profecta
968 1340 1003 1376 78
1023 1348 1067 1376 sq.

664 1400 702 1428 T.

235 1452 380 1485 Tantum,
409 1455 513 1478 tamen
534 1453 564 1477 et
584 1455 650 1477 tum
669 1446 839 1486 particulae
860 1457 877 1474 a
896 1444 1033 1474 librariis
1056 1453 1132 1472 con-

305 1497 391 1526 fusae
411 1497 474 1525 241.

232 1545 423 1583 Tarquinius
445 1544 570 1573 Priscus
590 1554 628 1572 an
649 1542 806 1581 Superbus
830 1541 871 1570 sit
891 1541 1040 1570 feriarum
1060 1539 1136 1568 lati-

307 1604 415 1622 narum
429 1598 536 1621 auctor
547 1602 582 1630 92
597 1602 640 1630 sq.

237 1643 375 1670 Ten-tores
403 1640 456 1679 qui
484 1640 546 1667 sint
577 1639 628 1667 166
656 1649 720 1678 sqq.
750 1648 858 1666 eorum
878 1647 950 1665 usus
971 1637 1004 1664 in
1027 1636 1134 1665 eastris

310 1690 371 1718 168.
408 1687 529 1717 confusi
558 1696 627 1714 cum
655 1686 823 1714 texlorz'hus
854 1685 916 1721 167.
943 1684 1089 1712 differunt
1119 1693 1136 1712 a

307 1735 511 1765 structoribus
534 1735 594 1763 168.

236 1787 382 1824 Tempus.
422 1784 476 1812 Ad
493 1788 613 1820 tempus
633 1781 707 1820 quid
727 1780 880 1819 significet
901 1781 962 1818 189.

239 1835 353 1862 Tenere
372 1831 417 1860 66.

237 1882 407 1909 Terentum
430 1888 489 1908 122.
523 1876 693 1906 Terentina
712 1876 813 1905 tribus
833 1875 905 1904 ibid.

241 1929 460 1956 Testimonium
479 1935 524 1964 91.

242 1977 378 2004 Thensae
398 1975 452 2002 203
472 1984 515 2012 sq.

239 2022 430 2060 Torquatus,
450 2020 488 2048 A.
509 2029 552 2058 99.
731 2053 736 2058 ι

243 2070 441 2097 Τ)·ι”[)ιιαι·ἰιι7η
461 2070 576 2096 crimen
599 2068 659 2105 139.
683 2067 840 2095 tribuaria
860 2077 908 2094 res
926 2075 987 2094 120.

243 2115 414 2147 Tribulum,
435 2113 567 2152 genitiui
587 2114 686 2142 forma
701 2115 831 2143 fortasse
847 2124 862 2142 a
879 2113 1030 2142 Cicerone
1044 2120 1137 2140 usur-

313 2167 384 2201 pata
408 2162 466 2190 156.

627 76 847 107 INDEX
884 75 1116 106 RERUM
1153 75 1230 105 ΕΤ
1269 74 1666 106 UERBORU-M.

1185 149 1340 178 Tributim
1360 154 1541 188 corruptum
1561 148 1594 178 in
1613 149 1752 179 tribuum
1770 150 1816 189 94.

1182 197 1290 226 Tullia
1308 196 1361 225 lex
1381 196 1444 225 204.

1185 246 1263 273 Tum
1283 248 1313 272 ct
1333 249 1407 272 tune
1427 243 1552 273 confusa
1572 244 1700 275 XXVI.

1185 292 1299 329 Turpis
1319 296 1351 320 et
1369 292 1512 319 sordidus
1531 301 1592 330 109.

1185 339 1430 373 Tuseolislarum,
1451 349 1515 367 uox
1534 339 1567 368 in
1588 339 1694 379 fragm.
1714 342 1817 372 Lucil.
1837 344 2013 383 reponenda
2034 347 2078 376 85.

1186 386 1355 416 Tusculani
1375 386 1596 416 maleuolentcs
1611 390 1657 418 85.
1676 392 1721 427 89.

1615 473 1654 503 U.

1185 532 1337 569 Uaccaei,
1358 531 1528 571 Hispaniae
1546 541 1619 570 gens
1639 533 1692 561 208
1713 541 1756 571 sq.

1185 581 1314 610 Uatinia
1332 581 1385 609 lex
1407 588 1468 609 120.

1185 629 1330 658 Uatinius
1351 632 1522 657 accussatus
1535 627 1673 655 LXVII.
1693 626 1836 656 defensus
1851 628 2029 659 aCicerone
2050 631 2081 661 in

1260 687 1366 706 caussa
1396 676 1614 705 sodaliciorum
1643 676 1703 704 125.
1738 675 1859 714 quando
1888 688 1905 705 a
1932 677 2083 709 Cicerone

1261 725 1403 754 defensus
1423 724 1464 753 sit
1482 723 1629 752 LXVIII
1648 734 1690 763 sq.
1717 724 1769 753 lex
1788 725 1825 753 ab
1845 735 1883 753 eo
1902 725 1964 755 lata
1985 736 2046 759 120.

1192 773 1251 803 Ubi
1270 773 1303 801 in
1323 772 1619 810 interrogationibus
1639 772 1752 801 omisso
1773 773 1869 801 uerbo
1892 783 1953 812 109.

1186 821 1356 850 Ueientina
1374 820 1474 849 tribus
1495 829 1658 857 numquam
1678 830 1695 847 a
1714 825 1789 848 uett.
1808 827 1975 851 memorata
1998 825 2058 854 123.

1192 871 1249 899 Uel
1267 874 1298 897 et
1318 875 1347 896 et
1365 877 1428 896 non
1450 867 1576 895 confusa
1596 877 1612 894 a
1631 867 1767 896 librariis
1793 869 1851 898 125.

1192 917 1342 946 Uenclitor
1363 915 1462 944 tribus
1486 923 1546 943 122.
1569 915 1629 950 137.

1186 966 1364 994 Uerborum
1384 964 1500 992 formae
1520 963 1681 992 breuiores
1708 973 1725 992 a
1745 964 1896 993 Cicerone
1925 973 2085 1006 usurpatae

1265 1012 1327 1041 168.
1348 1014 1413 1041 218.

1187 1059 1363 1098 Uergilius,
1390 1059 1440 1095 C.‚
1466 1062 1592 1097 praetor
1617 1058 1671 1088 235
1698 1069 1742 1098 sq.
1782 1060 1819 1088 de
1847 1062 2000 1101 scriptura
2029 1075 2087 1094 no-

1262 1107 1355 1136 minis
1382 1107 1503 1145 Uergili
1522 1106 1596 1135 ibid.

1194 1157 1273 1184 Uero
1293 1160 1325 1183 et
1344 1165 1405 1182 non
1425 1154 1459 1182 in
1480 1154 1566 1182 codd.
1589 1155 1717 1183 confusa
1735 1156 1932 1186 XXXVIII.

1195 1202 1274 1229 Uero
1301 1204 1332 1228 et
1356 1211 1464 1228 uerum
1490 1202 1661 1238 particulae
1681 1203 1907 1241 distinguendis
1927 1211 2088 1239 sententiis

1266 1247 1442 1276 inseruiunt
1466 1256 1526 1285 191.

1195 1298 1308 1326 Uestra
1328 1300 1359 1324 et
1379 1301 1485 1323 nostra
1504 1295 1538 1323 in
1558 1294 1646 1324 codd.
1666 1300 1838 1333 permutata
1860 1300 1920 1328 114.

1196 1346 1343 1374 Uetustas
1363 1342 1511 1380 singulari
1531 1342 1757 1380 significatione
1778 1345 1841 1381 237.

1190 1392 1344 1422 Ufentina
1363 1391 1464 1420 tribus
1487 1390 1548 1418 123.

1192 1440 1306 1468 Uibius
1328 1438 1415 1466 Sicca
1435 1439 1499 1476 239.

1198 1489 1351 1518 Uidelicet
1369 1487 1429 1516 185.
1448 1489 1655 1525 permutatum
1678 1495 1746 1514 cum
1766 1488 1883 1517 iudices
1905 1490 1979 1521 ibid.

1198 1537 1311 1570 Uidere
1330 1536 1464 1573 aliquem
1484 1536 1602 1563 saluom
1622 1535 1700 1562 uelle
1719 1540 1804 1562 recte
1825 1536 1940 1566 dicitur
1959 1539 2004 1569 61.

1199 1584 1321 1622 Uigilia
1341 1584 1404 1611 230.
1436 1583 1469 1610 in
1490 1582 1578 1611 codd.
1599 1587 1780 1621 corruptum
1802 1584 1834 1612 in
1855 1586 1997 1624 iugulum
2017 1589 2091 1619 ibid,

1199 1632 1295 1660 Uilici
1314 1631 1521 1668 reipublicae
1544 1630 1603 1659 168.

1269 1679 1403 1707 bendum
1425 1678 1465 1706 sit
1488 1678 1540 1707 168
1559 1688 1602 1716 sq.

1196 1726 1270 1755 Uiri
1291 1727 1373 1755 docti
1395 1737 1411 1755 a
1430 1726 1609 1765 municipiis
1630 1725 1738 1754 Italiae
1758 1727 1884 1757 ciuitate
1905 1730 2008 1761 donati
2030 1736 2072 1764 88.

1203 1775 1312 1803 Uitam
1331 1775 1418 1803 edere
1438 1777 1498 1804 228.

1202 1824 1288 1851 Unus
1308 1821 1484 1851 adiunctum
1505 1821 1696 1861 superlatiuo
1716 1822 1780 1851 236.
1802 1824 1855 1862 239
1875 1835 1916 1863 sq.

1202 1872 1290 1899 Unus
1311 1881 1363 1908 ego
1383 1876 1414 1899 et
1435 1882 1487 1909 ego
1507 1881 1590 1898 uuus
1609 1870 1755 1898 differunt
1778 1872 1839 1907 157.

1196 1918 1340 1948 Uoltinia
1359 1919 1459 1947 tribus
1482 1927 1531 1946 122
1552 1928 1593 1956 sq.

1200 1967 1353 1995 Uoluntas
1372 1966 1417 2005 (in
1437 1977 1502 1995 rem
1522 1966 1565 2005 p.)
1590 1967 1647 1995 114.

1200 2015 1280 2042 Uota
1301 2019 1331 2042 et
1349 2017 1452 2043 omina
1472 2015 1635 2042 coniuncta
1655 2025 1715 2053 quo
1737 2026 1827 2045 sensu
1847 2017 1984 2049 XLVII.

1199 2064 1314 2100 Urget-e
1333 2062 1453 2090 rariore
1473 2068 1627 2091 structura
1648 2063 1692 2091 64.

1199 2111 1242 2138 Us·
1263 2110 1382 2148 syllaba
1401 2109 1502 2138 finalis
1522 2121 1613 2149 saepe
1632 2111 1665 2139 in
1688 2111 1771 2139 codd.
1792 2111 1908 2140 excidit
1935 2115 1997 2144 240.

1200 2157 1242 2185 Ut
1261 2158 1435 2196 significans
1449 2161 1553 2196 posite
1573 2158 1616 2188 68.
1637 2159 1778 2187 iteratum
1799 2159 1862 2187 231.

1648 1632 1766 1659 Uilicus
1792 1642 1828 1660 an
1859 1633 1989 1663 Uillicus
2015 1639 2093 1666 scri-
