2264 2746
227 81 281 111 173}
934 77 1510 107 COMMENTARIUS.

230 154 426 197 Graeuique
456 155 585 186 codices
621 160 654 185 et
684 153 751 183 duo
780 152 974 190 Barberini,
1014 159 1212 195 septemque
1240 152 1446 192 Britannici,
1482 152 1540 184 ille
1574 152 1720 194 denique
1749 153 1906 196 inprimis
1937 155 2109 187 Mediceus

228 215 406 251 optumus,
445 220 487 238 ex
512 219 577 249 quo
601 205 685 236 mihi
707 216 795 235 anno
820 205 1047 237 MDCCXCI.
1085 217 1118 236 11.
1141 216 1168 236 e.
1193 205 1365 237 Antonius
1389 205 1518 237 Sartins
1543 206 1732 237 Canonicus
1755 206 2004 239 Laurentianus
2032 220 2110 240 ora-

231 262 413 294 tiunculam
442 261 534 291 illam
557 269 688 289 summa
711 257 886 298 diligentia
909 258 1128 300 descripsit.“
1176 258 1436 289 GARATONIFS.

313 315 438 347 Oculos
469 311 559 343 acris
591 315 695 353 atque
723 312 853 351 acatos)
898 312 949 342 Ita
988 323 1048 342 cur
1076 310 1286 353 scripserim,
1331 310 1525 353 expositum
1555 311 1689 354 Proleg.
1722 311 1764 342 L.
1796 311 1839 341 Π.
1872 312 1910 342 C.
1943 312 1970 343 I.
1999 313 2029 353 §.
2064 324 2111 345 10.

230 380 263 412 p.
290 369 420 399 XLV..

314 421 377 451 Cui
393 417 511 460 ficerit
534 428 576 447 ne
599 416 708 448 otium
731 417 868 460 quidem
891 429 1054 460 umquam
1077 414 1239 456 otiosum)
1287 414 1358 447 Cfr.
1385 427 1448 458 pro
1473 416 1587 448 Caelio
1612 417 1650 449 C.
1674 417 1699 449 1.
1722 418 1752 458 §.
1782 428 1807 447 1.
1843 429 1904 449 uos
1928 417 2115 450 laboriosos

229 475 429 506 existumet,
455 469 577 513 (suibus
601 469 719 501 otiosis
743 482 784 501 ne
807 471 843 501 in
867 470 1028 501 conmlmi
1051 470 1189 513 quidem
1212 469 1280 499 otio
1307 469 1411 500 liceat
1433 482 1514 502 esse.
1538 470 1579 500 de
1603 470 1655 501 Re
1677 469 1813 512 publica
1836 470 1869 509 I,
1901 483 1948 512 17.
1972 465 2033 514 qni
2055 472 2115 503 (le-

229 527 330 568 niqae
359 528 397 554 tlt
420 522 634 565 Asi-[canum
666 535 768 554 auom
796 535 909 554 meum
939 522 1059 553 scribit
1082 522 1165 554 Cato
1189 522 1331 552 solitum
1353 533 1424 553 esse
1446 523 1576 561 dicere,
1607 523 1717 566 possit
1741 523 1831 554 idem
1854 523 1895 554 cle
1918 536 1953 555 se
1969 524 2115 567 praecli-

229 589 321 616 (τινε,
354 587 543 618 ηιωηιμιαιη.
572 587 607 607 se
624 575 709 618 plus
732 587 853 618 agere,
888 586 992 618 quam
1014 575 1106 606 nihil
1135 588 1213 607 cum
1234 579 1376 617 ageret,
1409 586 1598 618 numquam
1620 576 1734 607 mimis
1758 576 1869 607 solum
1891 588 1980 615 esse,
2013 587 2117 619 quam

228 641 304 661 rum
327 629 419 659 solus
441 634 536 660 esset.
581 628 741 659 Ceterum
764 634 885 670 sponte
906 633 998 670 patet
1021 628 1130 659 otium
1152 637 1242 658 nunc
1265 626 1331 656 dici
1354 626 1433 658 illut
1455 634 1599 671 tempus,
1625 640 1691 670 quo
1716 628 1790 670 quis
1811 628 1955 670 publicis
1974 627 2117 670 negotiis

229 693 353 712 naeuus
376 681 436 721 sit,
461 681 609 713 otiosum
630 686 744 711 autem
768 686 918 723 tenipus,
944 692 1009 722 quo
1034 680 1122 711 nihil
1145 679 1284 711 omnino
1308 686 1436 722 agatur.

314 734 497 766 Clarorzan
520 735 678 766 uirorum
700 739 804 777 atque
826 733 1048 777 magnorum)
1093 732 1302 764 Ersurtensis
1322 744 1386 775 pro
1413 734 1572 766 uirorum
1593 734 1694 766 habet
1723 735 1910 766 homimem.
1954 735 2117 776 „Sequor

226 793 259 818 et
281 786 336 818 hic
360 786 596 818 Erfurtensem
619 797 683 829 pro
707 786 861 828 uolgato:
897 788 1072 819 clarorzmz,
1101 787 1260 818 uirorum
1284 792 1388 829 atque
1409 799 1637 830 magnorumg
1673 785 1764 828 quod
1788 792 1954 828 respuunt
1975 798 2083 818 aures.
2096 790 2116 807 “

227 841 435 871 GRAEUIUS.
479 839 552 881 Ego
577 846 690 871 tamen
716 840 939 880 recentiores,
977 841 1035 882 qui
1058 846 1249 871 ceterorum
1273 839 1427 870 omnium
1453 840 1608 871 codicum
1631 840 1810 871 lectionem
1835 840 1993 871 uirorum
2015 851 2116 882 prae-

226 892 398 931 tulerunt,
434 903 502 923 non
533 892 704 935 uitupero.
750 894 827 925 Nisi
857 893 982 924 etenim
1007 893 1126 924 Cicero
1158 893 1193 923 in
1225 892 1339 924 uerbis
1368 893 1486 924 alienis
1509 893 1574 925 1100
1596 893 1660 925 sibi
1681 893 1883 935 sumpserit,
1921 898 1960 923 ut
1981 892 2117 923 aurium

227 957 339 977 caussa
362 945 491 986 aliquid
514 945 717 984 inmutaret,
757 946 797 977 ab
821 946 895 989 ipso
921 947 1049 978 Catone
1082 947 1167 977 hanc
1190 951 1280 976 certe
1304 945 1514 988 diligentiam
1537 958 1606 977 non
1629 946 1779 988 requiro.
1823 947 1900 977 Hoc
1923 957 1966 976 ex
1991 946 2119 977 Catone

226 998 368 1029 retinuit
398 997 536 1037 Cicero,
577 998 636 1029 ubi
665 998 805 1030 tertium
839 1011 907 1031 non
939 1006 1010 1031 erat
1042 999 1185 1030 uerbum
1209 998 1367 1029 similiter
1390 998 1564 1038 desinens,
1600 1000 1663 1032 IV.
1687 999 1788 1030 Tusc.
1814 1009 1861 1037 2.,
1897 998 1988 1030 etin
2009 999 2118 1030 Bruto

226 1063 253 1082 c.
282 1063 329 1093 19.
361 1051 505 1083 Utinam
529 1057 691 1083 extarent
715 1052 778 1084 illa
801 1055 976 1092 carmina,
1016 1065 1102 1097 quae
1132 1052 1253 1083 maltis
1279 1051 1426 1083 saeculis
1457 1057 1539 1084 ante
1560 1065 1661 1084 suam
1683 1058 1832 1084 aetatem
1855 1053 1891 1083 ia
1914 1051 2026 1094 epulis
2048 1063 2119 1083 esse

227 1106 399 1137 cantitata
429 1117 451 1136 a
474 1105 626 1147 singulis
650 1106 808 1137 conuiuis
837 1107 878 1137 cle
901 1107 1075 1138 clarorum
1105 1106 1263 1137 uirorum
1291 1104 1471 1143 laudibus,
1507 1106 1544 1136 in
1567 1105 1763 1148 originibus
1785 1106 1952 1148 scriptum
1976 1103 2119 1146 reliquit

228 1158 322 1190 Cato.
363 1157 494 1195 Uideo,
518 1156 599 1197 quid
622 1156 776 1197 intersit3
808 1165 858 1190 set
882 1159 955 1200 quis
978 1159 1141 1197 iniretur,
1173 1158 1338 1188 Catonem
1361 1157 1505 1198 dixisse,
1538 1158 1713 1190 clarorum
1736 1159 1894 1190 uirorum
1915 1162 2020 1199 atque
2044 1168 2119 1188 ma-

225 1223 387 1254 gnorum,
412 1209 469 1251 qui
493 1207 639 1247 nouerit,
665 1211 827 1242 orationis
850 1217 1054 1242 structuram
1077 1216 1255 1241 uenustam
1279 1216 1312 1241 et
1334 1217 1474 1252 gratam,
1497 1222 1656 1242 numeros
1680 1210 1826 1253 denique
1849 1210 1883 1241 in
1907 1210 2036 1241 Catone
2059 1209 2120 1240 de-

228 1263 372 1294 siderari
395 1274 413 1293 a
437 1261 555 1292 Tullio
578 1260 614 1292 iu
639 1263 757 1294 eodem
779 1265 886 1295 Bruto
911 1275 938 1294 c.
964 1265 1030 1303 16„
1053 1269 1154 1304 atque
1177 1263 1213 1293 in
1236 1264 1376 1294 summis
1400 1264 1470 1295 eius
1493 1262 1649 1293 laudibus
1672 1263 1736 1293 hoc
1758 1269 1870 1293 tamen
1893 1262 2120 1304 potissumum

228 1316 351 1358 excipi.
397 1315 488 1346 Hine
511 1314 696 1347 Diomedes
719 1327 753 1359 p.
780 1317 853 1348 463.
883 1316 1061 1356 monebat,
1095 1317 1243 1360 cmtiqua
1265 1317 1461 1360 scriptura,
1494 1328 1581 1359 quae
1603 1316 1735 1347 dicitnr
1757 1314 1985 1359 confragosa,
2019 1327 2121 1347 usum

229 1382 300 1402 esse
323 1368 496 1401 Catonem.
543 1369 804 1401 GAnAToxffs.

313 1423 462 1465 DIeaclue
481 1422 631 1465 priuata
661 1423 807 1454 consilia
835 1422 968 1466 publici
998 1434 1130 1465 qnoque
1157 1434 1257 1453 casas
1279 1421 1597 1465 conprobauerzmt,
1632 1427 1672 1453 ut
1694 1421 1800 1453 etiam
1822 1433 1956 1452 samma
1979 1432 2033 1452 res
2048 1434 2120 1465 pu-

229 1476 318 1507 blica,
343 1475 430 1506 milli
453 1475 546 1505 (lomi
559 1472 679 1517 faerit
699 1476 854 1517 gerenda
878 1481 909 1506 et
934 1475 1014 1506 urbs
1044 1475 1081 1506 in
1111 1475 1194 1507 arbe
1216 1474 1403 1516 seruanda)
1449 1474 1603 1516 Respicit
1634 1484 1829 1517 oppressam
1857 1485 1876 1504 a
1898 1485 1933 1505 se
1962 1474 2121 1505 coniura-

228 1529 357 1560 tionem
387 1527 631 1559 Catilinariam.
678 1527 717 1558 In
742 1538 806 1569 qua
830 1534 999 1566 notumst,
1037 1529 1146 1559 multa
1176 1540 1253 1559 eum
1275 1528 1438 1570 priuatim
1462 1527 1588 1569 cepisse
1611 1533 1644 1558 et
1670 1533 1850 1558 executum
1875 1538 1944 1558 esse
1970 1527 2119 1568 consilia,

232 1593 317 1624 quae
340 1580 389 1612 rei
413 1579 568 1623 publicae
590 1579 749 1610 salutaria
770 1580 952 1612 admodum
976 1580 1097 1621 fuisse,
1128 1580 1193 1623 ipsi
1216 1580 1285 1620 illi,
1311 1592 1393 1622 quos
1417 1580 1514 1618 dicit,
1535 1579 1663 1623 publici
1684 1591 1776 1612 casus
1799 1580 1997 1611 docuerunt.

316 1635 345 1676 ἕ.
370 1634 421 1674 67.
465 1633 601 1664 Eadem
624 1633 757 1676 igitar,
798 1633 913 1672 Cassi,
953 1635 1014 1666 aia
1036 1634 1174 1666 mzmita
1196 1633 1384 1666 Laterensi
1405 1652 1447 1657 —
1469 1632 1623 1674 ascendi)
1668 1633 1780 1664 Nota
1812 1632 2118 1675 gratificatio-

231 1698 321 1719 nem
358 1686 580 1717 molestam
630 1692 670 1716 et
705 1697 795 1716 011111
832 1687 993 1729 magnis
1030 1686 1347 1718 amaritudinis
1382 1686 1547 1717 aculeis
1584 1685 1907 1728 interpositam.
1951 1686 2116 1718 Dicens

231 1751 409 1782 namque
444 1751 531 1770 non
558 1739 688 1770 aliter
717 1738 763 1769 ad
792 1739 979 1770 honores
1011 1738 1315 1781 adipiscendos
1348 1744 1665 1781 peruenturum
1698 1749 1789 1769 esse
1822 1739 2115 1776 Laterensem,

233 1805 354 1835 quain
380 1792 558 1824 Tullius
581 1793 673 1835 ipse
695 1810 737 1816 —
758 1810 801 1815 ——-
825 1792 871 1823 de
895 1811 938 1817 ——
959 1811 1000 1816 —
1027 1792 1260 1823 subiunxit
1292 1791 1593 1831 testificando,
1628 1803 1670 1822 se
1695 1803 1777 1823 non
1801 1791 1969 1834 generis
1990 1790 2116 1822 nobi-

233 1846 357 1877 litate
385 1845 453 1877 sed
482 1846 643 1877 uirtute
673 1845 720 1876 ad
749 1845 891 1876 omnis
917 1845 1192 1887 magistratus
1213 1845 1482 1888 peruenisse3
1524 1846 1799 1877 Laterensem
1827 1845 1904 1876 hoc
1929 1843 2115 1886 amplius

233 1898 465 1930 adiumenti
500 1899 763 1938 habiturum,
811 1899 922 1940 quod
962 1898 1100 1929 nobili
1137 1898 1308 1929 familia
1348 1905 1464 1929 ortus
1500 1898 1543 1929 in
1573 1898 1791 1929 candidam
1823 1897 1977 1928 ueniat.
2021 1895 2116 1926 Sibi

235 1962 331 1992 ergo
361 1951 627 1983 adiudicauit
655 1963 737 1983 non
767 1952 1021 1983 laenocinia
1046 1951 1217 1993 generis
1249 1952 1314 1982 sed
1345 1950 1655 1994 praestantiam
1678 1950 1874 1988 uirtutis,
1913 1947 1984 1979 illi
2006 1959 2115 1979 uero

235 2015 349 2046 spem
389 2004 436 2035 de
474 2005 712 2037 maioribus
750 2005 888 2046 dedit,
934 2005 1043 2048 quod
1080 2005 1345 2047 suffragium
1381 2004 1534 2035 scimus
1568 2014 1657 2034 esse
1694 2003 1899 2034 fortunae.
1955 2002 2116 2033 SC110L1A

234 2056 494 2088 AMBROSIANA.

319 2109 416 2140 Idem
438 2111 583 2144 uirtutis
606 2124 728 2144 cursus
750 2113 798 2144 acl
817 2110 985 2156 gloriam)
1030 2110 1086 2143 Ad
1112 2110 1215 2142 uerba
1237 2111 1384 2143 uirtutis
1407 2123 1529 2144 cursus
1555 2106 1878 2149 subintellegendum
1900 2117 2027 2138 nomen
2046 2106 2117 2138 La-

237 2166 372 2192 terensm
398 2168 454 2192 est.

320 2213 392 2246 Per
414 2226 466 2246 me
488 2217 604 2259 nixas)
651 2219 732 2250 Cod.
756 2219 854 2250 Barb.
878 2219 1013 2255 missas,
1038 2216 1133 2259 prior
1155 2217 1243 2249 Uen.
1268 2218 1378 2256 uisus,
1400 2222 1581 2257 utrumque
1606 2225 1649 2244 ex
1671 2213 1781 2252 nisus,
1804 2213 1843 2243 (le
1867 2223 1932 2254 qua
1954 2211 2116 2255 scriptura

235 2265 311 2296 uide
334 2265 372 2296 ad
395 2266 440 2298 V·
464 2267 497 2298 in
523 2270 618 2301 Uerr-
642 2271 692 2302 55.
717 2277 747 2302 et
770 2283 831 2313 pro
856 2271 991 2302 Cluent.
1014 2271 1082 2311 57..
1107 2269 1367 2301 GARATONIUS.
1414 2269 1548 2300 Scilicet
1569 2266 1765 2308 scripturam
1787 2267 1885 2298 nisus
1907 2265 2116 2308 praeferebat

234 2319 340 2350 Drak.
363 2319 401 2349 ad
424 2320 502 2351 Liu.
527 2321 594 2357 IV,
623 2334 681 2364 19„
705 2324 744 2354 ad
768 2324 827 2355 Sil.
852 2324 895 2360 ΙΙ,
923 2323 992 2354 125.
1017 2328 1047 2352 et
1070 2329 1159 2354 extat
1183 2335 1217 2354 u.
1242 2334 1268 2354 c.
1295 2328 1375 2365 aput
1394 2322 1471 2353 Liu.
1493 2321 1542 2360 II,
1565 2321 1628 2359 50.,
1652 2325 1699 2350 set
1721 2325 1801 2362 aput
1824 2318 2021 2350 Ciceronem
2043 2318 2067 2350 1.
2089 2318 2113 2350 l.

235 2372 390 2403 meliores
416 2373 493 2403 libri
518 2373 655 2403 alteram
679 2382 820 2407 seruant.
867 2376 1072 2407 ORELLILS.
