2264 2746
272 95 328 122 206
916 88 1490 117 COMMENTARIUS.

273 161 352 203 quid
377 162 491 195 forum
515 163 638 202 deccat,
664 173 760 193 nosse
784 162 902 199 debes3
928 161 956 193 si
982 161 1069 193 nihil
1092 161 1190 201 aliut,
1212 168 1300 193 certe
1322 174 1418 202 usus,
1442 163 1641 204 adsiduitas,
1666 165 1828 207 laborque
1850 165 1992 198 forensis
2015 167 2135 198 docere

270 221 304 246 te
327 215 459 256 debuit,
483 214 676 247 huiusmodi
699 214 843 256 argutias
867 226 937 245 esse
960 214 1151 245 mittendas.
1196 215 1287 245 Tum
1311 214 1395 245 aliut
1416 215 1608 247 Laterensis
1633 216 1758 248 dictum
1783 218 1861 248 huic
1884 224 1952 249 tam
1974 218 2134 248 concinne

271 268 459 310 subiungit,
488 274 525 299 ut
548 267 588 297 de
610 278 670 298 sua
692 267 764 309 ipse
789 266 944 298 facultate
968 267 1102 298 dicendi
1124 273 1270 298 recusset
1292 267 1403 308 loqui,
1427 269 1644 299 Laterensem
1667 269 1816 309 inludat,
1847 269 1940 311 quasi
1964 269 2054 311 quod
2079 271 2134 301 uel

271 319 306 350 in
332 319 406 351 foro
431 321 540 350 dicere
562 319 731 360 potuerit,
756 319 950 350 discendum
974 320 1087 351 Rhodi
1109 320 1246 362 putarit.
1291 321 1409 351 Rhodi
1432 321 1540 359 enim,
1571 322 1705 365 inquit,
1728 321 1884 365 nonsui.
1927 322 2053 353 Rhodii
2075 333 2136 353 au-

271 379 339 404 tem
363 380 510 404 oratores
536 371 693 402 dicuntur
715 371 751 402 in
765 372 870 403 Bruto
898 373 945 403 15.
969 374 1122 405 saniores
1146 379 1178 405 et
1199 374 1399 405 „Atticorum
1421 374 1624 413 similiores,-
1646 386 1747 416 seque
1772 374 1852 405 ibid.
1875 386 1926 416 91.
1950 374 1996 406 ait
2017 374 2136 405 Cicero

270 437 289 456 a
311 426 448 457 Melone
475 424 590 455 Rhodi
615 429 805 455 correctum
834 425 1079 467 melioremque
1104 437 1141 456 ac
1163 426 1315 457 sobrium
1339 436 1408 456 esse
1431 424 1574 466 factum,
1608 427 1849 469 hominemque
1873 428 2002 467 laudat,
2037 439 2138 470 quom

271 484 417 510 actorem
441 478 476 508 in
501 478 593 509 ueris
617 477 749 508 caussis
772 478 1039 522 scriptoremque
1055 485 1313 521 praestantem,
1337 485 1411 510 tum
1433 480 1469 510 in
1492 481 1654 512 notandis
1676 481 2059 523 animaduertenclisque
2082 480 2138 511 ui-

270 531 330 561 tiis
353 535 385 561 et
408 530 620 561 instituendo
641 530 855 572 docendoque
872 531 1206 574 pruclentis-sumum.
1232 532 1492 563 GARATONIUS.
1537 533 1618 564 Bau.
1645 535 1735 575 [cuin
1750 534 1777 564 E
1802 540 1833 564 et
1848 533 1904 574 Pe]
1929 544 1992 575 pro
2016 531 2137 564 uideor

268 582 368 613 habet
397 583 555 621 uicletur3
590 593 674 623 quae
696 583 838 614 uarietas
870 590 976 614 totam
998 584 1163 616 sermonis
1193 584 1358 615 rationem
1387 586 1571 626 conuertit,
1607 593 1639 617 et
1661 586 1750 628 quod
1776 590 1871 617 antea
1894 586 1933 616 de
1956 587 2138 617 Laterense

268 634 455 674 dicebatur,
478 634 519 665 ad
543 635 699 666 Tullium
722 636 891 675 transfert,
915 636 1014 678 idque
1038 649 1116 668 sane
1137 649 1237 679 quam
1263 637 1486 680 probabiliter
1508 637 1596 670 facit.
1643 640 1738 680 Quae
1760 639 1864 681 igitur
1888 639 1970 670 olim
1992 638 2034 669 ad
2057 638 2139 669 haec

268 687 477 729 explananda
501 687 723 727 contulimus,
763 688 797 719 in
818 689 959 719 alteram
983 695 1112 731 partem
1135 690 1360 722 conuertenda
1382 696 1475 730 sunt,
1510 691 1538 722 si
1560 692 1642 723 Bau.
1667 691 1765 723 unius
1796 697 1828 722 at
1851 689 2140 734 praestantissumi

267 739 302 770 in
326 745 466 782 optuma
487 740 631 771 lectione
653 741 768 783 potior
792 747 841 772 est
864 741 956 773 fides.
1001 742 1156 774 Modeste
1185 755 1219 774 se
1243 743 1354 786 ipsum
1379 744 1495 775 Cicero
1526 745 1653 776 laboris
1676 750 1709 775 et
1729 743 1810 787 fori
1835 744 2045 787 discipulum
2074 755 2138 774 uo-

266 798 337 830 cat3
379 793 597 824 Laterensem
629 793 890 826 declamatorem
923 806 992 826 esse
1024 807 1092 826 non
1121 796 1218 835 dicit,
1255 802 1304 827 set
1333 808 1410 828 eum
1440 810 1516 829 cum
1547 798 1775 830 declamatore
1805 798 1984 840 disputare
2011 796 2137 834 uideri,

266 846 345 876 dum
375 846 520 887 argutias
552 846 813 878 declamantium
850 854 1069 879 consectatur.
1116 848 1229 889 Quam
1260 854 1365 887 tecte,
1402 861 1502 891 quam
1532 851 1703 881 molliter!
1748 851 1787 880 111
1812 850 1908 881 Orat·
1937 861 1964 880 c.
1992 850 2040 881 15.
2071 860 2138 880 non

266 898 357 931 enim
380 899 645 931 declamatorem
673 900 824 942 aliquem
854 901 895 932 cle
919 902 1018 940 ludo,
1058 907 1121 933 aut
1143 901 1300 933 rabulam
1324 903 1365 934 cle
1378 902 1482 946 foro,
1517 909 1567 936 set
1586 904 1832 935 (lactis-sumum
1861 908 1893 934 et
1910 901 2139 946 perfecti-ssu-

266 963 361 982 mum
383 952 591 994 quaerimus.
635 952 768 983 Deinde
791 964 860 983 11011
884 953 979 994 dicit,
1003 961 1053 986 set
1075 954 1311 996 suspicandum
1337 955 1518 998 relinquit,
1552 957 1772 988 Laterensem
1795 967 1829 986 se
1852 955 2039 987 Asiaticum
2061 965 2138 986 ora-

266 1009 375 1034 torem
397 1003 524 1042 facere,
554 1015 622 1034 11011
646 1004 838 1044 Rhodium,
868 1006 901 1037 h.
925 1018 953 1037 e.
980 1007 1164 1045 saniorem,
1193 1013 1231 1037 ut
1255 1007 1336 1040 olim
1361 1009 1583 1047 ostendimus,
1609 1014 1642 1039 et
1663 1008 1787 1040 Atticis
1810 1008 2028 1046 similiorem3
2061 1018 2138 1038 cum

266 1062 394 1096 tamen,
432 1061 469 1087 ut
495 1062 585 1087 recte
612 1056 778 1088 intellexit
801 1058 984 1098 Ferratius,
1025 1060 1234 1102 eloquentiae
1263 1060 1321 1091 ille
1349 1073 1428 1093 suae
1451 1062 1651 1093 tenuitatem
1682 1067 1852 1100 excusset,
1891 1059 1982 1102 quod
2003 1071 2074 1091 non
2095 1059 2139 1090 ad

267 1119 341 1139 eam
363 1108 616 1150 perdiscendam
642 1110 772 1149 Rhodi,
807 1117 857 1142 set
879 1111 918 1141 ad
942 1111 1100 1143 militiam
1126 1113 1346 1144 exercendam
1372 1114 1424 1144 bis
1453 1114 1488 1145 in
1510 1115 1672 1157 Bithynia
1694 1113 1808 1145 fuerit.
1842 1114 1946 1144 IDEM.
1991 1113 2047 1144 Ex
2069 1118 2140 1144 tota

268 1161 432 1192 Garatoni
458 1161 685 1204 disputatione
708 1162 850 1193 uerbosa
872 1175 909 1194 ea
934 1170 1062 1195 tantum
1085 1165 1126 1195 ad
1149 1166 1409 1208 intellegendum
1432 1167 1521 1198 hunc
1543 1168 1655 1199 locum
1678 1167 1819 1205 faciunt,
1855 1177 1939 1208 quae
1963 1165 2004 1196 de
2026 1164 2138 1196 uerbis

267 1213 509 1245 declamatoris
539 1219 573 1244 et
594 1213 722 1245 laboris
745 1220 778 1246 et
795 1214 876 1258 fori
898 1216 1064 1260 discipuli
1086 1218 1279 1260 disputauit.
1325 1219 1471 1259 Reliqua
1499 1219 1624 1260 paxtim
1653 1219 1762 1250 aliena
1785 1225 1878 1255 sunt,
1915 1219 2039 1261 partim
2068 1229 2138 1249 non

266 1272 356 1306 recte
380 1266 477 1297 dicta.
522 1266 752 1298 Uellementer
776 1274 887 1299 autem
910 1269 1037 1300 errauit
1060 1270 1202 1310 Bakius,
1226 1271 1395 1312 uolgatam
1418 1271 1617 1313 scripturam
1640 1272 1779 1309 uideor,
1801 1282 1862 1313 pro
1886 1283 1950 1312 qua
1971 1272 2006 1303 in
2030 1273 2073 1312 B,
2096 1273 2138 1312 E,

267 1325 298 1349 et
320 1319 365 1349 Pe
387 1319 581 1350 rectissume
604 1321 746 1352 uidetur
768 1327 833 1360 est,
858 1323 1014 1353 tuendam
1032 1323 1190 1353 iudicans.
1238 1323 1274 1354 Si
1292 1324 1413 1355 uideor
1437 1324 1572 1365 legitur,
1597 1324 1715 1354 Cicero
1738 1323 1954 1354 Laterensem
1979 1324 2060 1356 dicit
2082 1325 2138 1356 ui-

266 1370 338 1402 deri
361 1371 483 1403 debere
508 1372 783 1413 declamatorem,
806 1386 875 1405 non
897 1375 1021 1407 laboris
1046 1382 1075 1406 et
1102 1374 1168 1406 fori
1192 1374 1396 1417 discipulum
1422 1388 1509 1415 esse3
1543 1376 1594 1406 sin
1615 1376 1757 1408 uidetur
1778 1375 1919 1417 legitur,
1944 1376 2060 1408 Cicero
2083 1389 2138 1409 se-

265 1429 336 1454 met
358 1423 469 1466 ipsum
492 1424 677 1456 secundum
701 1437 754 1466 ea,
783 1439 867 1468 quae
890 1429 1079 1460 Laterensis
1100 1428 1263 1471 disputet,
1294 1428 1571 1468 declamatorem,
1606 1440 1675 1459 non
1697 1428 1822 1459 laboris
1846 1434 1878 1460 et
1900 1428 1967 1461 fori
1990 1430 2138 1474 discipu-

265 1475 338 1507 lum
367 1476 477 1508 uideri
505 1478 626 1508 debere
656 1478 713 1510 ait.
756 1480 827 1512 Iam
859 1493 939 1513 uero
968 1482 1120 1523 uolgatae
1150 1482 1335 1524 scripturae
1357 1483 1519 1513 sententia
1544 1482 1694 1525 primum
1722 1488 1903 1524 propterea
1925 1482 2138 1514 alienissuma

265 1529 306 1559 ab
331 1529 395 1560 1100
421 1530 544 1569 locost,
581 1530 669 1572 quod
698 1531 733 1563 in
765 1539 836 1565 toto
866 1535 930 1566 hoc
954 1534 1061 1577 capite
1089 1545 1159 1565 11011
1183 1535 1299 1566 Cicero
1324 1535 1517 1574 Laterensi,
1554 1540 1604 1566 set
1626 1535 1817 1566 Laterensis
1842 1534 1997 1565 Ciceroni
2027 1535 2138 1566 deela—

265 1582 379 1612 mandi
404 1583 552 1614 studium
576 1590 609 1615 et
632 1590 739 1616 artem
764 1586 880 1626 obicit,
917 1587 1104 1629 Ciceroque
1126 1588 1360 1619 tantummodo
1383 1588 1425 1618 ad
1449 1600 1486 1619 ea
1507 1588 1704 1631 respondet,
1738 1599 1781 1618 ex
1804 1587 1924 1628 quibus
1947 1588 2136 1620 Laterensis

266 1646 344 1665 eum
367 1635 625 1668 declamatorem
648 1649 717 1669 esse
741 1638 893 1682 intellegi
915 1652 1012 1682 posse
1035 1641 1176 1671 monuit.
1220 1641 1455 1683 Exprobrauit
1471 1641 1560 1672 enim
1585 1641 1746 1684 primum,
1775 1640 1862 1681 quod
1883 1640 2003 1672 flebilis
2027 1641 2138 1683 epilo-

265 1699 323 1730 gos
342 1687 452 1720 facere
474 1689 610 1729 soleret,
647 1691 737 1731 quod
760 1692 871 1735 ipsum
894 1693 1107 1724 declamantis
1131 1700 1197 1733 est,
1229 1694 1347 1725 deinde
1378 1694 1465 1736 quod
1488 1694 1632 1725 nimium
1655 1693 1780 1724 multos
1802 1693 1994 1725 defenderet
2017 1694 2133 1725 eodem

265 1740 325 1771 illo
360 1742 567 1773 declamandi
596 1744 702 1775 studio
734 1745 909 1788 abreptus,
948 1747 1091 1788 denique
1122 1748 1151 1788 ς.
1182 1747 1233 1779 85.
1265 1747 1353 1789 (1110(1
1386 1747 1581 1779 facetiarum
1612 1747 1859 1790 cupidissumus
1888 1752 1983 1777 esset.
2024 1747 2131 1777 Porro

266 1793 373 1825 aliena
396 1795 454 1826 illa
477 1796 670 1828 sententiast
691 1803 832 1839 propter
856 1800 1047 1840 sequentia,
1070 1801 1189 1832 Rlzosli
1211 1801 1317 1839 enim,
1343 1801 1477 1844 inquit,
1500 1813 1562 1845 ego
1586 1814 1652 1833 non
1666 1800 1750 1843 fui,
1774 1807 1851 1838 etc.;
1881 1799 2000 1842 quibus
2022 1799 2133 1830 mani-

267 1844 417 1878 festumst
442 1849 660 1881 Laterensem
692 1850 757 1880 hoc
786 1849 895 1881 dicere
922 1852 1087 1892 uoluisse,
1129 1853 1328 1885 Ciceronem
1359 1854 1513 1896 profecto
1541 1861 1646 1886 artem
1675 1852 1945 1884 declamatoriam
1973 1852 2131 1894 consequi

267 1900 431 1941 potuisse,
466 1901 592 1944 quippe
623 1902 695 1944 qui,
734 1910 768 1934 ut
792 1915 829 1934 ea
852 1904 1061 1945 erudiretur,
1093 1906 1254 1938 Rhodum
1276 1907 1318 1938 ad
1341 1907 1568 1949 Apollonium
1591 1907 1767 1939 Molonem
1793 1904 1963 1948 profectus
1993 1904 2044 1935 sit.
2088 1906 2128 1936 In

269 1951 387 1992 quibus
413 1953 526 1985 uerbis
550 1955 644 1986 omni
669 1967 767 1987 sensu
789 1956 954 1998 particula
980 1958 1069 1989 enim
1092 1966 1234 2000 careret,
1268 1961 1296 1992 si
1319 1961 1440 1992 uideor
1462 1961 1636 2003 legeretur.
1681 1960 1855 1990 Postremo
1879 1969 1939 2000 per
1960 1969 1995 1988 se
2017 1957 2132 2000 inepta

269 2002 325 2034 illa
347 2006 555 2046 sententiast,
591 2008 679 2050 quod
700 2009 892 2040 Laterensis
915 2022 976 2041 nec
999 2010 1205 2043 declamandi
1229 2019 1337 2044 artem
1366 2013 1524 2051 callebat,
1555 2023 1616 2043 nec
1638 2011 1760 2043 laboris
1782 2017 1839 2041 aut
1862 2009 1926 2040 fori
1949 2010 2131 2054 discipulus

269 2063 348 2087 erat.
392 2059 507 2100 Itaque
534 2071 595 2090 nec
616 2061 721 2092 landis
752 2062 930 2104 quicquam
950 2075 1011 2094 nec
1033 2064 1290 2106 uituperationis
1314 2066 1348 2096 in
1371 2067 1588 2097 Laterensem
1616 2077 1659 2097 ex
1681 2066 1743 2096 ista
1765 2063 1925 2095 sententia
1950 2063 2131 2096 redundas-

269 2114 329 2139 set.
372 2110 498 2141 Contra
522 2113 640 2144 Cicero
672 2125 748 2145 cum
774 2115 848 2146 iure
877 2127 913 2147 se
940 2123 1052 2158 posset
1080 2117 1204 2148 laboris
1235 2124 1268 2149 et
1292 2118 1359 2149 fori
1381 2118 1585 2161 discipulum
1613 2117 1823 2160 praedicare,
1861 2127 1959 2157 aegre
1988 2115 2130 2150 debebat

268 2159 372 2199 ferre,
396 2161 440 2193 ita
461 2175 573 2196 secum
594 2166 814 2200 Laterensem
837 2169 1026 2211 disputare,
1049 2181 1087 2201 ac
1108 2170 1135 2200 si
1158 2181 1286 2201 meram
1311 2171 1520 2202 declamandi
1542 2177 1649 2202 artem
1670 2168 1844 2199 difficisset·

353 2214 383 2254 ξ.
407 2214 458 2245 84.
501 2217 618 2251 Rhodi
639 2222 747 2261 enim,
777 2223 911 2265 inquit,
939 2234 1002 2266 ego
1024 2235 1090 2254 non
1104 2222 1187 2266 fui.-
1209 2236 1262 2255 me
1281 2225 1359 2256 uult
1376 2224 1507 2268 fici-sse)
1550 2225 1601 2255 Et
1631 2221 1858 2253 uerissime
1889 2226 2057 2252 constat
2083 2221 2127 2253 in

267 2265 404 2307 prima
432 2266 723 2306 adulescentia
745 2275 940 2307 Rhodum
969 2275 1194 2318 nauigasse
1217 2277 1265 2308 M.
1290 2277 1500 2315 Tullium,
1539 2282 1582 2307 ut
1611 2280 1702 2305 arte
1733 2273 1944 2312 oratoria,
1977 2273 2020 2304 in
2049 2285 2126 2316 qua.

267 2317 500 2361 insigniter
529 2327 766 2366 praestitit,
801 2328 1054 2360 erudiretur
1085 2336 1190 2372 aput
1217 2330 1489 2361 notissimum
1520 2327 1693 2359 rhetora
1724 2332 1763 2358 et
1791 2326 2036 2369 magistrum
2066 2326 2125 2357 il-

267 2370 354 2402 lius
386 2373 543 2405 aetatis
573 2376 877 2420 Apollonium,
925 2382 1030 2423 [est]
1063 2382 1134 2423 qui
1163 2382 1279 2413 Molo
1309 2381 1639 2424 cognominatus
1669 2386 1740 2412 est.
1781 2382 1943 2412 ScnoLlA
1965 2378 2123 2410 AMBRO-
