2264 2746
814 84 1224 128 CAP.1.§.1—3.
1917 98 1951 125 51

163 166 191 207 ς.
207 176 235 197 2.
253 165 459 208 Conspectus
472 169 505 196 et
519 161 706 206 consessus)
734 161 805 194 Cfr.
820 163 864 194 ΙΙ.
881 163 916 195 in
933 165 1033 197 Uerr.
1047 164 1088 196 L.
1106 164 1131 195 I.
1159 164 1197 195 C.
1215 163 1295 195 Vll.
1318 162 1417 206 §.19.
1442 164 1518 208 quis
1542 170 1614 196 tam
1634 178 1805 199 nouarum
1828 179 1954 207 rerum,

77 218 299 257 iudiciorum,
325 219 545 261 iudicumque
569 216 728 259 cupidus,
752 217 812 259 qui
833 229 900 248 non
924 223 1160 260 conspeetu
1188 229 1389 249 consessu
1400 229 1473 260 que
1496 224 1646 250 nostro
1670 223 1955 253 commoneretur?

160 272 340 303 Summum
361 269 536 314 meritum)
582 268 685 310 Quod
708 269 842 311 peiores
866 269 996 301 codices
1020 270 1159 309 habent,
1193 282 1295 301 suum
1316 270 1496 309 meritum,
1529 270 1710 302 alieuumst
1731 273 1771 303 ab
1794 274 1857 304 hoc
1880 274 1954 304 loco

69 330 269 368 propterea,
295 323 385 365 quod
409 323 449 353 de
469 335 538 354 uno
562 321 752 364 eodemque
776 322 941 361 onmium,
970 322 1027 363 qui
1051 323 1171 354 delecti
1196 328 1301 361 eraut,
1328 322 1479 354 iudicum
1502 323 1624 354 merito
1649 324 1767 356 Cicero
1792 326 1954 367 loquitur.

70 378 153 408 Erat
176 383 289 408 autem
312 377 392 414 hoc,
424 374 515 417 quod
539 386 617 405 eum
640 375 676 406 in
697 375 841 406 comitiis
867 375 908 406 de
931 375 1043 406 reditu
1067 376 1137 406 eius
1162 374 1283 406 habitis
1308 375 1475 416 sutt'ragiis
1500 376 1568 407 suis
1591 378 1820 409 reuocandum
1845 379 1956 409 decla-

71 435 197 461 rarant.
243 430 359 470 Itaque
385 427 421 458 iu
444 428 660 470 sequentibus
691 428 791 459 etiam
815 440 884 459 non
908 427 1152 470 beneficiorum
1183 434 1233 459 set
1256 426 1400 469 benefici
1434 428 1601 461 dictumst.
1647 431 1757 462 Sunm
1786 437 1898 462 autem
1929 431 1956 463 si

71 483 258 525 legeretur,
282 479 413 521 singula
436 480 648 522 singulorum
673 480 823 511 iudicum
849 481 884 512 in
909 480 1108 512 Ciceronem
1132 481 1253 512 merita
1277 480 1429 511 extitisse
1451 483 1666 514 statuendum
1690 491 1784 522 esset,
1807 485 1840 515 id
1866 485 1956 527 quod

71 548 110 567 eo
137 535 249 567 minus
272 533 373 565 statui
396 540 525 575 potest,
564 546 630 575 quo
654 533 759 575 magis
784 534 903 565 Cicero
928 544 998 576 cap.
1021 534 1094 566 XV
1116 551 1159 559 —
1182 534 1283 565 XIX.
1307 533 1440 576 ignotos
1463 535 1527 565 sibi
1550 536 1675 568 iudices
1699 543 1732 567 et
1755 537 1956 569 inhumanos

73 594 106 620 et
131 587 276 619 crudelis
301 597 371 617 esse
395 586 549 627 quamuis
573 592 660 617 tecte
683 586 841 618 ostendit.

154 641 254 684 Aput
277 639 343 681 eos)
390 639 487 681 Aput
511 638 649 670 iudices.

155 694 215 726 Me
239 694 320 736 ipsi)
367 692 421 723 Sic
445 692 547 723 etiam
573 692 645 723 sine
671 691 768 723 codd.
791 691 991 723 auctoritate
1019 703 1083 734 pro
1107 692 1243 734 uolgato
1273 704 1325 724 me
1349 692 1463 735 ipsum
1484 691 1699 724 scribendum
1723 694 1824 727 fuisse
1849 697 1958 728 Gara-

71 745 184 778 tonius
208 745 353 776 monuit.
399 745 544 783 Caussa,
570 756 670 786 quain
693 757 762 776 non
784 744 861 776 satis
884 745 1062 786 perspexit
1085 745 1270 779 W'ottlius,
1295 745 1353 786 qui
1374 745 1465 775 idem
1489 744 1669 784 iudicauit,
1694 746 1773 778 llaec
1797 756 1855 780 est.
1900 752 1960 783 file

72 801 186 843 ipsum
209 798 236 830 si
263 798 404 829 dixisset
427 797 562 836 Cicero,
604 796 782 828 manifesto
806 809 841 828 se
864 796 921 827 alii
946 797 1179 839 opposuisset,
1225 797 1318 828 cuius
1341 798 1429 828 salus
1454 797 1565 828 minus
1591 809 1691 839 quam
1712 812 1771 831 sna
1794 802 1958 835 iudicibus

72 863 172 882 curae
194 850 324 883 fuisset.
369 850 478 892 Atqui
502 849 543 880 de
565 850 651 889 alio,
693 861 795 891 quem
818 849 931 892 potius
957 861 1057 891 quam
1081 850 1281 880 Ciceronem
1312 851 1444 881 saluom
1474 851 1564 881 uelle
1588 852 1778 893 potuerint,
1822 855 1960 896 cogitari

71 905 173 948 plane
196 916 264 935 non
288 909 410 947 potest.
455 904 572 944 Itaque
602 901 791 944 requiritur
814 914 866 933 me
890 897 977 945 ipsi,
1018 915 1084 944 quo
1115 902 1261 933 declarat
1286 909 1400 934 orator
1429 915 1464 934 se
1487 916 1556 934 non
1578 904 1707 942 uereri,
1747 917 1789 936 ne
1810 893 1959 950 illi‹ipsi’

75 958 196 1001 quibus
220 958 307 989 salus
330 968 388 988 sua
412 967 487 986 cara
513 955 596 986 olim
615 955 736 994 fuerit,
768 955 904 986 Plancio
930 966 1018 985 nunc
1042 962 1184 997 propter
1208 956 1395 986 custodiam
1422 956 1537 987 salutis
1561 969 1639 988 suae
1662 957 1775 989 infesti
1798 958 1875 989 sint.

159 1012 301 1043 Salaom
323 1008 454 1050 uidere)
500 1007 701 1040 Guilielmio
726 1013 760 1038 et
784 1007 944 1039 Ernestio
968 1015 1161 1051 suspectum
1186 1007 1249 1038 suit
1274 1009 1403 1047 uidere,
1429 1009 1506 1050 quia
1531 1010 1649 1040 Cicero
1673 1022 1806 1053 semper
1830 1013 1961 1045 saluom

77 1065 165 1096 uelle
200 1064 351 1106 aliquem
381 1061 478 1092 dicat.
525 1060 713 1092 Garatonio
736 1072 804 1091 non
835 1060 990 1103 ineptum
1020 1061 1177 1100 uidetur,
1200 1061 1372 1093 monenti:
1414 1062 1556 1101 „Habet
1579 1063 1668 1093 enim
1693 1063 1777 1094 hanc
1800 1065 1889 1103 nim,
1925 1073 1963 1098 ut

74 1117 199 1149 horum
232 1115 383 1146 iudicum
407 1125 485 1156 erga
512 1125 547 1144 se
576 1113 727 1144 studium
750 1113 1100 1145 uehementissumum
1125 1114 1280 1146 ostendat
1303 1113 1426 1151 fuisse,
1472 1115 1529 1156 qui
1553 1127 1622 1146 non
1646 1116 1857 1157 qnieuerint‚
1898 1119 1962 1150 nisi

74 1181 151 1200 cum
173 1169 304 1200 saluom
327 1167 498 1198 uiderunt.
511 1169 531 1184 “
577 1167 665 1198 Cum
688 1178 707 1197 a
729 1167 877 1205 Plancio,
902 1167 960 1208 qui
983 1167 1017 1198 id
1044 1173 1173 1198 tantum
1199 1166 1340 1205 fecerat,
1364 1174 1402 1198 ut
1425 1169 1506 1198 exul
1528 1168 1568 1198 ab
1592 1168 1723 1200 insidiis
1746 1169 1962 1203 inimicorum

77 1229 166 1255 tutus
190 1229 293 1261 esset,
326 1213 444 1253 Cicero
468 1221 611 1252 salutem
633 1231 729 1251 suam
754 1226 787 1252 et
812 1221 918 1251 uitam
942 1227 1110 1251 seruatam
1135 1220 1277 1258 diceret,
1308 1225 1448 1262 optumo
1474 1221 1546 1251 iure
1569 1221 1681 1262 potuit
1705 1233 1776 1258 eos,
1812 1223 1868 1264 qui
1892 1224 1964 1255 suf-

75 1275 189 1318 fragiis
212 1275 280 1307 suis
304 1273 534 1306 reuocandum
558 1283 635 1303 eum
661 1271 930 1311 declaratum-ani,
968 1286 1128 1305 maxume
1152 1286 1186 1305 se
1209 1274 1343 1305 saluom
1366 1274 1486 1305 uidere
1515 1275 1667 1306 uoluisse
1690 1274 1822 1316 dicere,
1858 1277 1892 1307 id
1916 1284 1964 1309 est

77 1329 262 1372 cupiuisse,
286 1335 325 1359 ut
347 1339 521 1359 reuersum
546 1326 580 1356 in
604 1325 749 1368 patriam
774 1326 933 1357 uiderent
957 1326 1050 1357 omni
1073 1326 1229 1357 restituta
1250 1325 1394 1368 pristina
1417 1325 1554 1357 fortuna
1576 1339 1612 1357 ac
1636 1328 1808 1370 dignitate.

164 1383 389 1426 Saepiusque,
412 1378 755 1422 z'uclic·eS,—fecz'sse
781 1380 956 1419 uideatur)
1003 1378 1103 1420 Quod
1128 1378 1322 1410 Laterensis
1348 1378 1522 1409 Plancium
1546 1381 1729 1412 accussanit
1752 1387 1785 1411 et
1810 1381 1966 1414 miratio-

78 1447 157 1467 nem
171 1435 290 1467 Cicero
314 1441 346 1465 et
368 1440 498 1465 metum
520 1432 583 1463 sibi
607 1432 759 1464 iniecisse
778 1432 869 1463 dicit.
913 1431 1145 1469 Mirationem,
1171 1431 1273 1473 quod,
1298 1443 1372 1462 cum
1394 1432 1498 1462 alium
1523 1443 1565 1462 ex
1579 1434 1845 1475 conpetitoribus
1868 1447 1965 1468 reum

79 1489 144 1520 sibi
166 1487 314 1530 deligere
338 1486 489 1530 potuerit
512 1484 603 1528 (coll.
636 1497 663 1516 c.
687 1485 766 1518 VII.
796 1485 930 1527 §.17.)‚
955 1485 1129 1516 Plancium
1152 1484 1377 1527 potissumum
1403 1485 1642 1522 accussauerit,
1671 1486 1727 1527 qui
1751 1498 1825 1517 cum
1847 1488 1887 1518 ab
1912 1488 1967 1519 in-

82 1542 184 1573 teritu
211 1541 409 1573 Ciceronem
433 1539 616 1578 liberasset,
639 1538 833 1570 Laterensis
858 1538 968 1577 etiam,
996 1539 1049 1569 cui
1073 1538 1137 1581 ipsi
1162 1538 1335 1570 Ciceronis
1359 1538 1446 1569 salus
1471 1550 1545 1569 cara
1568 1538 1669 1570 suerit
1694 1539 1782 1581 (coll.
1800 1551 1826 1570 c.
1844 1541 1965 1572 XXX·

84 1596 114 1637 ξ.
139 1593 216 1636 γᾶ),
240 1592 513 1624 beneuolentiam
536 1592 599 1623 sibi
623 1592 804 1624 conciliare
828 1591 999 1629 debuerit3
1024 1598 1165 1629 metum,
1194 1591 1283 1633 quod
1307 1591 1484 1622 Plancium
1510 1603 1547 1622 ea
1566 1603 1624 1634 spe
1647 1603 1830 1623 accussasse
1857 1594 1966 1624 uideri

81 1647 206 1691 possit,
228 1644 321 1684 fore,
345 1650 382 1675 ut
403 1644 430 1675 is
454 1645 510 1676 uel
531 1652 713 1688 propterea
735 1644 1044 1686 condempnaretur
1066 1656 1084 1674 a
1108 1644 1294 1684 iudicibus,
1320 1644 1410 1687 quod
1431 1644 1562 1675 inimici
1587 1644 1758 1675 Ciceronis
1783 1652 1902 1677 essent.

167 1699 354 1732 Hominem
376 1699 679 1730 studiosisswnmn
701 1705 733 1731 et
756 1698 943 1742 dignitatis
967 1703 1000 1729 et
1024 1698 1149 1729 salutis
1173 1698 1282 1739 meae)
1328 1699 1425 1729 Hane
1450 1697 1662 1739 scripturam,
1690 1708 1789 1738 quam
1814 1700 1867 1729 uel
1884 1711 1967 1742 pro-

82 1760 159 1797 pter
181 1751 559 1795 praestantissumorum
582 1752 734 1784 codicum
762 1751 998 1783 auctoritatem
1021 1751 1172 1793 recipere
1201 1751 1321 1789 debui,
1367 1750 1532 1782 XVolssius
1568 1756 1677 1780 tamen
1701 1751 1967 1791 posthabendam

84 1806 182 1838 alteri
203 1810 318 1848 putat,
358 1805 528 1836 hominem
549 1806 852 1838 stucliosisszcmmn
875 1810 907 1836 et
925 1803 1246 1846 diligentis-sumum
1268 1805 1394 1836 salutis
1416 1816 1530 1841 meae,
1568 1802 1632 1832 hoc
1656 1812 1732 1831 usus
1756 1812 1965 1845 argumento,

87 1859 177 1904 quod
201 1858 397 1901 dignitatem
423 1857 594 1888 Ciceronis
618 1858 706 1889 tueri
726 1857 880 1900 profecto
904 1857 1097 1889 Laterensis
1122 1869 1189 1888 nou
1213 1858 1375 1900 potuerit.
1420 1857 1467 1889 At
1492 1867 1558 1886 non
1583 1854 1738 1885 meminit
1760 1855 1815 1885 uir
1839 1856 1966 1895 doctus,

85 1912 309 1945 accussatione
336 1911 397 1941 hac
419 1911 566 1941 multum
593 1910 693 1941 ctiam
717 1910 758 1941 de
782 1910 944 1952 dignitate
969 1910 1142 1942 Ciceronis
1166 1911 1315 1953 potuisse
1339 1909 1487 1947 detrahi,
1519 1906 1624 1949 quod,
1657 1906 1685 1937 si
1707 1907 1841 1939 uicisset
1863 1909 1968 1941 Late-

88 1966 212 2005 rensis,
236 1963 367 1995 inimici
392 1963 563 1994 Ciceronis
586 1963 721 2005 gloriati
743 1962 905 2001 fuissent,
935 1963 1061 1994 iudices
1087 1963 1208 1995 oblitos
1232 1964 1297 1994 iam
1323 1962 1494 1994 Ciceronis
1519 1960 1633 1991 salutis
1660 1959 1746 1999 eins,
1776 1972 1794 1991 a
1819 1973 1884 2003 quo
1909 1963 1969 1994 Ci-

87 2018 215 2051 ceronis
239 2017 326 2049 salus
350 2023 547 2048 conseruata
571 2023 666 2055 esset,
692 2015 798 2047 hostis
822 2015 984 2047 extitisse.
1031 2018 1128 2057 Quae
1149 2024 1227 2048 sunt
1250 2017 1354 2059 ipsius
1378 2014 1520 2046 oratoris
1544 2013 1646 2044 uerba
1659 2024 1686 2044 c.
1705 2014 1817 2045 XLII.
1835 2015 1864 2056 ἓ.
1886 2015 1966 2046 105..

175 2073 309 2114 Dlagna
334 2072 468 2103 ratione
484 2069 628 2113 fecisse)
672 2069 698 2100 I.
723 2080 752 2100 e.
775 2080 912 2112 sperans
935 2067 1025 2109 fore,
1063 2076 1101 2101 ut
1125 2081 1185 2100 uos
1210 2081 1248 2100 eo
1271 2068 1401 2099 facilius
1425 2066 1598 2098 Plancium
1623 2065 1868 2109 dampnaretis,
1900 2080 1965 2110 quo

90 2125 294 2157 inimiciores
316 2124 401 2154 mihi
425 2123 550 2155 essetis.

173 2177 232 2211 Ne
253 2176 348 2209 uobis
371 2177 409 2208 id
429 2174 616 2220 —fecisse
639 2174 816 2217 uideatur)
863 2174 993 2207 Caltide
1016 2174 1105 2207 dixit
1128 2175 1224 2208 uobis
1247 2175 1412 2206 uideatur
1424 2172 1555 2216 feris-se
1577 2184 1640 2215 pro
1664 2172 1809 2216 simplici
1823 2172 1966 2217 fecerit,

92 2230 182 2272 quod
205 2229 278 2271 quis
302 2235 471 2271 expectet,
502 2235 540 2259 ut
562 2240 597 2260 se
620 2228 660 2258 ab
683 2227 912 2258 sollicitudine
934 2228 997 2260 ista
1018 2229 1119 2271 plane
1142 2228 1287 2258 liberum
1310 2226 1495 2257 simularet.

177 2284 206 2323 §.
231 2282 260 2313 3.
290 2288 507 2315 consecutam
523 2281 658 2326 putem)
704 2281 759 2311 Sic
781 2292 824 2312 ex
845 2281 871 2311 B
899 2287 932 2312 et
954 2281 982 2312 E
1013 2293 1076 2324 pro
1100 2281 1235 2322 uolgato
1260 2285 1519 2311 consecuturum
1537 2286 1658 2323 putem
1682 2281 1855 2323 rescripsi,
1884 2292 1967 2323 pro-

94 2336 192 2366 bante
218 2334 419 2374 Garatonio,
453 2334 511 2377 qui
533 2335 615 2366 haec
638 2334 789 2365 monuit:
829 2334 987 2372 „Melius
1016 2334 1050 2365 in
1073 2335 1100 2366 B
1125 2344 1194 2364 esse
1217 2332 1364 2363 arbitror
1387 2339 1614 2366 consecutum.
1659 2333 1753 2364 Patet
1782 2333 1871 2363 enim
1902 2333 1966 2363 ali-

94 2393 218 2430 quanto
240 2386 351 2426 latius,
375 2398 451 2418 cum
473 2387 627 2418 omnium
649 2398 765 2418 rerum
787 2386 1014 2429 inpunitatem
1036 2386 1071 2417 in
1086 2393 1262 2429 posterum
1282 2386 1521 2428 conplectatur,
1545 2386 1712 2427 habetque
1734 2386 1841 2415 acrius
1866 2385 1966 2426 quid-
