2264 2746
267 110 318 135 100
915 92 1487 123 COMMENTARIUS.

268 179 393 218 fectus,
428 183 466 208 ut
494 176 535 208 ad
561 185 630 216 arg.
661 181 723 214 pro
756 168 874 200 eodem
904 168 1070 208 diximus3
1110 174 1143 200 et
1172 180 1263 200 nunc
1293 180 1331 200 ea
1353 168 1520 211 legatione
1545 167 1742 212 perfunctus
1766 169 1896 200 Romae
1921 173 2142 205 conmoraba-

271 239 337 264 tur.
382 231 640 263 GARATONIUS.

354 279 591 321 Adsidm'tate)
627 274 872 309 Aduocationis
902 274 1108 313 constantiag
1146 285 1222 305 cum
1248 286 1382 318 semper
1404 274 1542 314 adsunt,
1578 285 1654 305 cum
1678 285 1791 305 caussa
1812 274 1933 317 agitur.
1972 287 2005 307 u.
2029 277 2142 310 Clau..

271 338 396 369 Eadem
420 332 617 369 adsiduitas,
647 334 696 361 set
718 328 791 359 aliis
814 327 927 358 uerbis
951 327 991 357 de
1014 327 1130 369 legatis
1154 327 1380 359 Macedonicis
1403 334 1570 359 narratur.
1614 328 1840 359 ERNESTIL'S.

357 391 386 431 ξ.
412 388 460 419 28.
508 385 558 418 Ob
582 384 690 416 aliam
716 381 885 421 caussam)
932 380 1018 411 Cum
1040 379 1236 422 prouinciae
1257 381 1433 412 mandatis.
1478 380 1692 412 MANVTIFS.

355 439 584 484 Legationem
615 448 715 468 suam
737 441 769 466 et
791 433 970 475 mandata)
1010 432 1100 465 Uide
1126 444 1210 474 quae
1234 432 1307 464 dixi
1330 433 1461 474 Proleg.
1484 433 1526 464 L.
1551 432 1594 463 ΙΙ.
1619 432 1656 463 C.
1680 433 1705 463 Ι.
1731 433 1760 474 §.
1789 433 1855 464 15..

354 495 398 527 L.
422 504 502 524 uero
524 489 709 534 Apuleius)
756 488 860 519 Cuius
884 487 920 517 in
943 486 1141 518 Macedonia
1165 493 1321 527 quaestor
1343 486 1497 517 Plancius
1521 483 1595 515 fuit.
1640 485 1777 516 Monuit
1800 485 1867 516 iam
1889 485 2074 518 Manutius.

356 547 426 587 Qui
450 542 659 589 Praescribit
690 543 725 574 in
750 546 939 585 parentum
975 540 1046 571 loco
1077 539 1314 583 quaestoribus
1342 539 1414 570 suis
1438 543 1618 581 praetores
1646 551 1716 570 esse
1753 539 1919 582 oportere)
1965 537 2035 570 Cfr.
2065 539 2147 572 Diu-

279 601 378 638 xm,
405 599 456 631 61.
479 597 537 628 Sic
559 595 649 627 enim
671 607 692 625 α
716 592 904 625 maioribus
928 593 1054 625 nostris
1077 592 1286 635 accepimus,
1305 597 1502 635 praetorem
1525 592 1699 634 quaestori
1721 604 1781 623 suo
1802 592 1959 635 parentis
1982 591 2055 622 loco
2077 603 2148 624 esse

275 659 447 699 oportere3
494 649 628 680 nullam
661 658 767 690 neque
802 645 980 677 iustiorem
1014 657 1121 688 neque
1146 645 1348 688 grauiorem
1377 656 1534 676 caussam
1562 645 1824 676 necessitudinis
1855 657 1957 688 posse
1991 645 2150 688 reperiri,

275 719 378 751 quam
401 702 672 737 coniunctionem
695 699 810 736 sortis,
835 710 938 741 quam
953 698 1169 740 prouinciae,
1196 711 1299 741 quam
1323 697 1424 741 offici,
1449 709 1551 740 quam
1568 697 1747 739 publicam
1768 697 1920 729 muneris
1943 699 2150 731 societatem.

362 757 537 791 Tribunus
554 753 665 798 plebis
680 750 761 795 fuit
782 768 824 774 —
851 755 936 781 esset
960 749 1133 791 tribunus)
1176 750 1303 782 Nihil
1335 755 1486 792 egerat
1514 749 1556 780 in
1587 748 1819 779 tribunatu
1849 760 1922 779 suo
1952 750 2149 783 Plancius

274 813 424 854 aliqua
447 805 688 851 praestanti
710 803 834 836 laude
858 802 1175 844 dignissimum.
1222 803 1339 844 Quin
1368 803 1491 834 immo
1524 801 1654 832 etiam
1677 801 1908 833 uidebatur
1931 801 2004 833 hac
2025 810 2152 845 pote-

275 871 386 899 state
412 861 588 903 segnius
618 858 804 890 functus.
851 855 1064 897 Quoniam
1088 855 1230 886 nullas
1255 866 1352 897 ergo
1376 855 1568 886 uirtutes
1599 853 1967 886 eminentissimas
1990 855 2151 896 habuit,

277 928 378 961 quas
403 913 452 945 de
475 913 554 945 illo
578 910 876 955 praedicaret,
909 907 1077 938 idcirco
1108 907 1274 949 aliquid
1297 908 1333 939 ei
1354 908 1510 939 uolens
1534 906 1766 948 adquirere
1788 906 1837 938 ad
1860 908 2153 950 suspicionem

276 968 474 1014 ignauiae
498 963 812 1008 repellendam,
845 971 927 992 non
951 966 1032 991 tam
1062 960 1305 1001 uehemens,
1338 961 1493 1003 inquit,
1518 959 1725 991 tribunus
1748 959 1834 991 fuit
1857 972 1974 1003 quam
2000 963 2152 994 ceteri.

278 1026 330 1057 Et
353 1020 571 1054 uiuaciter
595 1015 833 1048 conclusit:
869 1013 1020 1055 quales
1050 1013 1084 1044 si
1108 1025 1256 1045 omnes
1286 1024 1461 1055 semper
1486 1012 1693 1053 fuissent,
1730 1025 1956 1056 numquam
1981 1015 2155 1047 deside-

277 1084 396 1111 ratus
426 1073 660 1105 uehemens
689 1074 799 1100 esset
827 1067 1052 1105 tribunus;
1079 1065 1121 1096 id
1147 1066 1300 1097 uolens
1328 1066 1552 1108 intellegi,
1581 1077 1656 1108 per
1677 1066 1916 1098 seditiosos
1942 1073 1980 1098 et
2000 1069 2156 1100 turbu-

279 1126 545 1163 lentissimos
564 1125 665 1163 1)....
689 1121 851 1151 SCHOLIA
874 1119 1133 1150 AMBROSIANA.
1180 1118 1267 1149 Cum
1296 1119 1471 1149 Plancium
1494 1119 1627 1161 segnius
1651 1120 1825 1150 tribunatu
1847 1131 1907 1151 suo
1931 1131 2031 1162 quam
2055 1132 2157 1163 quos-

279 1185 355 1216 dam
379 1180 593 1219 conlegarum
619 1173 773 1204 functum
798 1172 916 1204 Cicero
939 1181 1062 1212 negare
1088 1181 1156 1200 11011
1181 1177 1310 1212 posset,
1342 1170 1476 1202 laudem
1509 1171 1539 1201 ei
1561 1171 1740 1213 adquirere
1764 1184 1807 1204 cx
1833 1184 1872 1204 eo
1898 1173 2027 1214 studet,
2065 1175 2156 1217 quod

278 1235 365 1269 nihil
387 1233 423 1265 in
443 1230 618 1262 tribunatu
643 1224 809 1256 eiusmodi
831 1223 970 1255 molitus
993 1222 1054 1262 sit,
1092 1228 1131 1253 ut
1163 1223 1220 1264 qui
1244 1223 1444 1255 obsisterent
1477 1223 1620 1255 tribunis
1643 1225 1900 1256 uehementibus
1924 1238 2008 1268 opus
2031 1226 2156 1267 fuerit3

278 1295 435 1329 recteque
458 1293 536 1315 sane
558 1289 744 1324 numquam
766 1275 920 1307 futurum
944 1275 1046 1307 fuisse
1069 1282 1201 1314 monet,
1224 1282 1263 1307 ut
1288 1276 1417 1308 tribuni
1440 1277 1656 1308 uehementes
1680 1277 1966 1318 desiderarentur,
1989 1279 2017 1311 si
2040 1292 2156 1314 omnes

280 1350 317 1374 ut
342 1337 494 1371 Plancius
525 1346 544 1365 a
566 1333 666 1364 rebus
689 1330 786 1362 nouis
815 1328 995 1361 moliendis
1018 1340 1089 1360 sese
1112 1328 1358 1360 abstinuissent.
1402 1329 1453 1359 Ita
1476 1328 1538 1359 etsi
1563 1329 1643 1360 scite
1667 1336 1700 1360 et
1722 1329 1842 1360 callide
1864 1330 1979 1361 Planci
2003 1332 2158 1365 tribuna—

278 1403 352 1428 tum
376 1390 507 1427 laudat,
534 1397 655 1418 reuera
678 1391 792 1416 tamen
810 1382 963 1413 minume
986 1393 1047 1412 nec
1070 1380 1182 1424 potuit
1204 1381 1364 1423 probare,
1391 1392 1468 1412 cum
1490 1380 1582 1412 illius
1605 1381 1684 1412 anni
1707 1388 1862 1424 tempora
1884 1382 2090 1425 flagitarent,
2121 1393 2158 1418 ut

280 1441 491 1478 uehementis
523 1451 558 1472 se
580 1437 708 1470 tribuni
731 1441 956 1479 praestarent,
981 1435 1039 1477 qui
1061 1441 1151 1466 recte
1174 1434 1375 1476 gubernasse
1395 1445 1468 1465 rem
1490 1433 1661 1476 publicam
1683 1434 1795 1465 uideri
1817 1435 1964 1477 uellent,
1993 1447 2055 1468 nec
2076 1449 2160 1481 pro-

281 1499 374 1532 bauit
396 1505 574 1537 umquam,
605 1490 664 1522 ubi
688 1501 731 1521 ex
753 1488 857 1520 animi
880 1488 1044 1520 sententia
1068 1487 1108 1518 de
1130 1488 1275 1528 tribunis
1298 1488 1389 1521 illius
1413 1487 1492 1518 anni
1514 1486 1677 1518 iudicium
1699 1486 1789 1518 fecit.

367 1552 482 1591 Quam
504 1546 578 1586 isti,
603 1556 686 1589 quos
709 1549 746 1574 tu
770 1543 846 1574 iure
868 1540 1005 1584 laudas)
1050 1540 1203 1571 Primum
1227 1552 1340 1572 errare
1362 1539 1603 1571 monendumst
1627 1539 1846 1582 interpretes,
1877 1540 1935 1583 qui
1956 1545 2160 1585 pronomine

286 1606 345 1638 isti
368 1602 451 1634 alios
472 1609 573 1642 quam
595 1597 748 1637 conlegas
772 1593 887 1625 Planci
908 1593 1151 1636 intellegendos
1172 1599 1303 1636 putant,
1326 1599 1365 1624 ut
1386 1593 1558 1625 Ferratius
1582 1593 1670 1635 Epp.
1693 1593 1770 1624 Lib.
1796 1593 1840 1624 II.
1867 1604 1920 1636 ep.
1946 1606 1994 1627 10.
2017 1608 2052 1639 p.
2078 1609 2160 1639 112„

283 1663 373 1690 recte
397 1660 547 1686 ceterum
582 1649 623 1681 de
652 1649 717 1680 1100
747 1648 821 1679 loco
852 1657 1037 1689 exponens.
1081 1646 1297 1678 Laudauerat
1322 1645 1516 1677 Laterensis
1546 1644 1703 1688 inprimis
1732 1646 1774 1678 L.
1804 1646 1993 1689 Racilium,
2030 1649 2071 1681 de
2094 1662 2160 1693 quo

284 1709 363 1741 uide
387 1718 470 1750 quae
492 1706 565 1748 ipse
589 1703 707 1735 Cicero
732 1700 907 1732 Laterensi
932 1699 961 1740 §.
987 1711 1036 1741 77.
1060 1699 1259 1742 respondet,
1300 1698 1466 1740 aliosque,
1502 1697 1560 1740 qui
1583 1710 1602 1729 a
1624 1705 1720 1741 parte
1742 1700 1968 1742 optumatium
1988 1707 2159 1735 steterant.

285 1760 417 1794 Deinde
439 1757 677 1802 permirumst,
718 1751 888 1795 quomodo
912 1763 989 1783 cum
1010 1753 1083 1784 aliis
1109 1752 1191 1784 uiris
1216 1752 1339 1790 doctis,
1365 1757 1438 1783 tum
1461 1750 1616 1794 inprimis
1646 1752 1804 1784 Ernestio
1831 1753 1975 1784 uerbum
2003 1754 2080 1787 iure
2101 1767 2160 1787 su-

285 1820 437 1857 spectum
457 1808 609 1855 potuerit
631 1818 712 1839 esse.
757 1805 955 1847 Aptissume
979 1805 1069 1836 enim
1095 1806 1159 1837 hoc
1185 1805 1387 1843 additumst,
1420 1817 1487 1848 quo
1512 1803 1630 1836 Cicero
1655 1810 1688 1835 et
1710 1804 1791 1836 istos
1813 1805 1987 1846 tribunos,
2016 1817 2035 1837 a
2055 1808 2161 1840 Late-

287 1878 382 1897 rense
406 1863 577 1901 laudatos,
608 1866 641 1891 et
663 1858 838 1891 Plancium
860 1857 1023 1899 significat
1045 1858 1230 1889 laudandos
1253 1868 1340 1895 esse,
1364 1857 1457 1897 illos,
1488 1856 1578 1899 quod
1601 1856 1798 1899 perniciosis
1820 1858 1965 1890 aliorum
1987 1861 2160 1894 conatibus

289 1919 422 1951 fortiter
443 1914 650 1952 restiterint,
673 1912 779 1951 hunc,
804 1910 894 1953 quod
916 1911 988 1953 ipse
1011 1911 1097 1942 nihil
1125 1916 1242 1942 contra
1263 1909 1314 1940 rei
1335 1909 1490 1952 publicae
1512 1909 1654 1941 salutem
1673 1909 1810 1941 molitus
1833 1910 1886 1942 sit.

1075 2000 1103 2032 C
1130 1998 1162 2033 A
1187 2000 1235 2033 P.
1297 1997 1379 2031 XII.

374 2078 405 2119 ς.
429 2087 479 2118 29.
524 2075 621 2115 Quae
643 2073 674 2105 si
696 2072 811 2104 minus
836 2072 870 2103 in
895 2083 1019 2103 scaena
1041 2070 1135 2113 sunt)
1180 2071 1267 2102 Esse
1297 2070 1332 2101 in
1357 2081 1480 2101 scaena
1504 2068 1643 2108 dicitur,
1675 2068 1765 2110 quod
1788 2069 1902 2102 oculos
1924 2070 2104 2104 hominum
2125 2072 2162 2104 111

290 2143 324 2163 se
347 2128 531 2165 conuertit,
572 2133 610 2158 ut
632 2125 800 2168 plurumis
823 2130 943 2155 notum
968 2124 1012 2155 sit
1035 2130 1066 2155 et
1088 2123 1273 2154 laudatum.
1320 2122 1423 2154 Ouid.
1446 2123 1472 2153 I.
1497 2121 1601 2153 Trist.
1632 2121 1686 2152 ΕΙ.
1710 2132 1739 2163 9.
1777 2122 1908 2154 Scaena
1930 2130 2045 2156 maaet
2067 2125 2162 2157 dotes
2208 2128 2210 2146 ²

289 2182 436 2226 grundis
462 2181 568 2212 amice
592 2186 681 2211 tuus.
727 2178 796 2210 Cic.
819 2177 899 2208 XII.
929 2175 969 2207 ad
991 2177 1084 2208 Fam.
1110 2177 1160 2208 65.
1198 2177 1372 2219 Illagnum
1395 2176 1567 2207 theatrum
1588 2174 1687 2205 habet
1709 2175 1776 2206 ista
1794 2176 1993 2218 prouincia.
2037 2177 2162 2209 Omni·
2208 2172 2212 2180 ³

294 2238 352 2267 bus
389 2239 499 2277 patet,
544 2231 702 2274 quicquid
730 2231 764 2262 in
796 2230 855 2261 illa
883 2229 1059 2273 prouincia
1093 2229 1232 2271 geritur.
1275 2229 1480 2260 GRAEUIOE.
1541 2226 1686 2258 Addidit
1723 2228 1926 2260 Garatonius
1961 2230 2082 2263 Horat.
2116 2231 2159 2262 II.

370 2390 398 2429 1)
436 2387 637 2417 Desideratur
657 2387 766 2416 folium
785 2388 819 2416 in
840 2387 953 2415 codice.
