2264 2746
279 83 422 114 LXVIII
958 79 1488 111 PROLEGOMENA.

281 170 386 190 omncs
407 158 606 195 intellegunt,
635 161 782 185 statutum
804 159 835 182 et
860 153 1007 182 usitatum
1032 164 1073 182 ex
1094 153 1202 182 Tullio
1224 164 1346 192 quoquc
1365 155 1433 194 ipso
1453 156 1491 184 ad
1511 157 1549 193 Q.
1570 156 1610 186 ΙΙ.
1631 167 1678 196 ep.
1699 166 1725 195 9.
1751 157 1962 194 cognoscum,
1992 158 2044 186 ubi
2072 156 2151 194 legi-

281 216 364 239 tuma
384 209 566 234 Senatorum
593 203 759 242 postulatio
781 202 933 236 refertur,
956 207 1117 238 praetores
1137 203 1185 230 ita
1206 208 1400 237 crearentur,
1437 210 1470 232 ut
1493 206 1556 232 dies
1577 206 1646 234 LX
1663 206 1789 242 priuati
1809 211 1916 233 essent.
1954 205 2080 233 Plancio
2101 215 2154 232 ca—

282 257 351 286 dem
372 253 534 283 interualla
554 252 696 285 fuerunt,
718 259 793 287 quae
815 255 879 278 tum
900 248 968 277 aliis
990 253 1055 276 tum
1076 249 1108 277 P.
1129 249 1250 277 Clodio.
1290 249 1368 278 Nam
1389 250 1440 280 hie
1461 252 1604 281 tribunus
1624 253 1664 292 pl.
1685 252 1745 281 fuit
1764 262 1844 280 anno
1865 252 1946 290 696„
1965 252 2154 281 aedilitatem

283 307 430 342 sequente
449 300 563 340 petiuit
583 299 662 336 697.,
691 297 829 325 obtinuit
856 296 919 335 698.
959 297 1104 325 Plancius
1126 296 1315 325 tribunatum
1336 299 1429 335 gessit
1449 310 1530 327 anno
1552 300 1632 337 698„
1652 300 1764 328 deinde
1785 300 1849 338 (399.
1871 300 2047 328 candidatus
2068 299 2154 327 acdi—

284 351 373 380 lim'us
394 349 468 383 fuit,
496 347 603 375 aedilis
624 345 756 383 denique
776 345 873 373 factus
894 354 975 381 7oo.;
996 344 1032 373 de
1052 344 1169 373 ambitu
1187 350 1259 384 post
1280 344 1442 376 Uatinium
1463 347 1566 376 cadem
1587 347 1654 385 lege
1674 347 1800 375 Licinia
1820 357 1954 376 caussam
1975 347 2055 376 dixit
2073 353 2154 383 ante,

285 410 374 438 quam
395 407 464 426 cum
482 394 691 432 magistratum
710 392 836 421 iniret.“

1182 466 1208 508 §.
1228 474 1256 500 2.

362 533 475 560 Omnes
502 528 620 564 sciunt,
651 528 706 557 Cn.
727 527 886 556 Plancium
915 539 993 556 anno
1014 527 1054 557 U.
1076 528 1110 557 C.
1131 528 1194 567 698.
1216 528 1272 557 Cn.
1293 528 1441 557 Cornelio
1461 528 1598 558 Lentulo
1618 530 1802 559 Marcellino
1830 535 1861 559 et
1881 530 1919 559 L.
1939 530 2058 560 Marcio
2079 529 2157 559 Phi-

286 583 372 620 lippo
394 588 470 607 cos.5.
490 577 681 605 tribunatum
700 576 801 615 plebis
822 577 959 614 gessisse.

359 627 486 655 Diserte
512 623 544 651 id
566 623 676 652 Cicero
704 623 870 652 memoriae
899 623 1044 661 tradidit,
1078 624 1131 662 qui
1157 624 1195 652 ad
1215 624 1369 660 Quintum
1388 624 1515 652 fratrem
1534 623 1606 652 Lib.
1628 624 1668 653 Π.
1695 636 1742 664 ep.
1766 638 1789 656 1.
1817 626 1889 666 (Ep.
1909 627 1980 656 XC.
2007 626 2097 654 Tom.
2119 625 2160 654 ΙΙ.

285 688 317 716 p.
335 678 379 704 28.
408 673 455 702 ed.
477 671 600 700 Schutz.
626 670 738 710 mai..),
765 682 842 710 quae
862 672 996 710 epistola
1022 682 1126 700 mense
1155 673 1324 700 Decembri
1351 682 1398 700 an.
1419 671 1482 709 697.
1510 672 1543 700 P.
1565 671 1712 701 Cornelio
1738 674 1878 703 Lentulo
1910 679 1941 703 et
1962 675 2000 711 Q.
2022 673 2159 703 Caecilio

285 722 415 754 BIetcllo
436 720 561 758 Nepote
581 729 657 747 0055.
678 724 845 755 exaratast,
867 720 903 747 de
923 719 1059 748 tribunis
1080 720 1112 748 in
1133 731 1246 749 annum
1266 721 1330 759 698.
1352 720 1462 748 creatis
1482 720 1558 748 haec
1578 719 1703 749 scribit:

361 770 512 807 Reliqua,
534 772 568 794 ut
587 766 742 804 arbitror,
765 769 800 795 in
819 778 951 795 mensem
969 769 1160 797 Ianuarium
1179 770 1353 797 reicientur.
1392 770 1442 797 De
1461 769 1596 797 tribunis
1612 768 1698 805 plebi
1716 770 1805 807 longe
1826 776 1985 807 optumum
2005 770 2163 798 Racilium

284 818 438 848 habemus.
483 815 615 843 Uidelar
642 817 736 842 etiam
763 814 923 843 Antistius
956 817 1076 843 amicas
1101 816 1189 844 nobis
1207 816 1292 854 sore.
1331 817 1418 846 Nam
1444 817 1598 844 Plancius
1624 822 1706 845 totus
1731 823 1834 846 noster
1858 823 1913 846 est.
1950 817 2034 850 Fac,
2061 819 2088 845 si
2117 827 2164 846 mo

286 876 391 897 amas,
411 870 445 892 ut
466 862 659 891 considerate
680 862 906 900 diligenterque
926 864 1057 900 manige-5·
1077 863 1112 891 de
1132 874 1232 893 mense
1251 864 1425 893 Decembri.

361 912 412 940 De
432 911 539 939 eodem
559 911 597 938 L.
618 909 758 944 Racilio,
779 909 906 937 tribuno
926 910 986 948 pt,
1012 910 1050 938 ad
1070 911 1200 939 cundem
1220 911 1292 940 Lib.
1312 911 1352 940 II.
1374 921 1421 950 cp.
1442 911 1467 939 6.
1490 909 1561 950 (Ep.
1583 912 1666 941 CIV.
1688 912 1778 941 Tom.
1798 911 1839 940 Π.
1859 922 1889 950 p.
1910 921 1954 949 72.
1975 912 2021 940 ed.
2043 911 2165 941 Schutz.

288 959 399 998 mai..)‚
427 968 502 997 quae
530 957 661 996 epistola
686 967 789 985 mense
810 957 915 997 Aprili
943 968 1013 986 ann.
1034 958 1098 997 698.
1138 959 1194 988 Cn.
1223 958 1371 987 Cornelio
1391 959 1528 987 Lentulo
1555 959 1740 988 Marcellino
1767 964 1798 988 et
1818 959 1856 988 L.
1876 960 1996 988 Marcio
2016 959 2164 1000 Philippo

288 1019 365 1038 coss.
386 1012 526 1041 exarata,
554 1005 629 1033 hacc
650 1005 773 1033 scribit:

365 1055 452 1092 Quae
471 1054 658 1091 simulatque
678 1053 858 1086 abductast,
878 1053 1036 1089 Racilius,
1058 1056 1112 1092 qui
1131 1065 1213 1083 unus
1231 1060 1275 1082 est
1295 1054 1351 1082 Ῐιοο
1371 1059 1504 1092 tempore
1524 1055 1669 1084 tribunus
1683 1056 1740 1093 pl„
1760 1066 1824 1085 rem
1843 1055 2004 1094 patefecit.

364 1103 402 1131 L.
426 1101 527 1130 Racili
548 1105 649 1128 autem
672 1100 726 1128 Cn.
748 1100 907 1129 Plancium
928 1101 961 1129 111
982 1102 1142 1130 tribunatu
1161 1102 1203 1141 pl.
1225 1102 1372 1140 collegam
1391 1102 1503 1139 fuisse,
1533 1112 1601 1131 cum
1622 1102 1746 1130 aliunde
1775 1107 1910 1138 constat,
1939 1108 2005 1131 tum
2033 1113 2073 1132 ex
2098 1103 2166 1143 ipsa

291 1151 432 1181 oratione
452 1149 616 1177 Planciana
636 1148 836 1185 intellegitur.
877 1148 941 1178 Cfr.
963 1149 997 1178 C.
1018 1150 1076 1178 XI.
1107 1148 1135 1189 §.
1156 1152 1191 1179 28
1220 1155 1315 1186 extr„
1346 1160 1483 1189 quaeque
1511 1160 1567 1178 nos
1594 1150 1632 1179 ad
1659 1160 1729 1178 011111
1755 1150 1858 1179 locum
1884 1150 1917 1178 iu
1945 1152 2165 1180 commentario

291 1198 482 1231 monuimus,
504 1201 535 1223 ct
555 1196 588 1223 C.
608 1195 753 1222 XXXII.
774 1194 801 1234 §.
824 1206 876 1230 77..

366 1246 474 1283 Itaque
500 1243 560 1270 iam
588 1252 626 1269 ex
653 1241 709 1269 hac
735 1253 770 1271 re
798 1249 941 1282 apparet,
968 1255 1032 1273 non
1058 1245 1196 1284 potuisse
1222 1245 1382 1273 Plancium
1409 1245 1495 1284 prius
1523 1256 1612 1284 quam
1637 1256 1716 1274 anno
1737 1245 1801 1284 699.
1822 1245 1878 1274 Cn.
1898 1244 2047 1283 Pompeio
2075 1250 2106 1274 et
2124 1247 2169 1275 M.

293 1294 419 1324 Licinio
442 1293 550 1321 Crasso
570 1290 684 1318 iterum
704 1292 883 1320 consulibus
904 1291 1093 1320 aedilitatem
1113 1297 1238 1330 petere,
1258 1292 1302 1320 ita
1324 1297 1360 1320 ut
1380 1292 1411 1320 in
1432 1303 1545 1321 annum
1565 1299 1743 1332 sequentem
1764 1302 1826 1331 700.
1846 1297 1975 1331 gereret.
2011 1293 2116 1332 Atque
2136 1294 2169 1322 id

292 1343 402 1373 secisse
422 1339 596 1374 Plancium,
628 1338 704 1374 etsi,
740 1344 775 1367 ut
803 1339 914 1367 deinde
942 1339 1135 1375 uidebimus,
1162 1350 1242 1367 anno
1271 1339 1392 1368 demum
1413 1349 1476 1376 700.
1505 1346 1635 1380 propter
1654 1341 1851 1370 comitiorum
1871 1340 2052 1370 dilationem
2070 1341 2168 1370 factus

292 1390 402 1420 aedilis
423 1393 483 1423 est,
503 1387 691 1415 certissuniis
712 1386 771 1415 iam
792 1387 969 1416 docebimus
989 1387 1185 1425 argumentis.

370 1436 487 1465 Scribit
507 1436 550 1464 M.
572 1435 682 1464 Cicero
703 1434 735 1462 in
757 1440 831 1464 orat.
852 1436 955 1464 Plane.
983 1435 1016 1464 C.
1038 1435 1130 1463 XVI.
1154 1434 1180 1473 §-
1200 1435 1264 1465 4o.:

371 1487 457 1523 Aput
479 1494 585 1522 eosque
606 1482 750 1522 (iudices)
771 1495 833 1517 me,
862 1495 898 1512 ne
927 1485 1060 1521 quinque
1082 1483 1206 1521 quidem
1233 1486 1373 1520 reiectis,
1401 1485 1485 1523 quod
1508 1486 1543 1513 in
1564 1494 1715 1523 proxumo
1741 1493 1792 1512 reo
1819 1484 1856 1512 de
1883 1483 1991 1512 consili
2015 1485 2170 1514 sententia

297 1535 548 1565 constitutum-st,
568 1541 658 1569 cogas
678 1541 821 1559 caussam
841 1533 878 1560 de
890 1532 1036 1570 fortunis
1057 1531 1196 1559 omnibus
1216 1532 1327 1561 dicere.

371 1581 422 1609 Ad
442 1590 510 1608 eum
531 1579 633 1607 locum
655 1578 841 1607 scholiastes
863 1579 1085 1607 Ambrosianus
1106 1578 1181 1606 hacc
1201 1579 1351 1617 protulit:

373 1631 443 1659 Iam
463 1628 499 1656 (le
519 1628 677 1655 sodaliciis
697 1637 839 1655 caussam
859 1628 982 1655 dixerat
1002 1629 1041 1655 P.
1067 1627 1217 1655 Uatinius
1237 1627 1339 1654 eodem
1360 1627 1543 1665 clcssvzdente
1564 1628 1611 1655 M.
1633 1627 1783 1655 Cicerone.

373 1678 434 1706 Pro
455 1675 584 1703 Uatinio
605 1679 724 1707 autem,
744 1675 963 1703 sodaliciorum
983 1684 1047 1709 reo,
1068 1684 1128 1712 quo
1149 1684 1228 1702 anno
1249 1674 1365 1704 dixerit
1384 1677 1428 1705 M.
1450 1676 1569 1709 Cicero,
1589 1673 1742 1702 Asconius
1763 1673 1852 1702 nobis
1873 1673 2010 1710 tradidit,
2029 1674 2062 1703 in
2081 1685 2173 1714 argu—

303 1730 405 1754 111011ῒο
426 1724 462 1752 ad
483 1724 526 1752 M.
549 1723 637 1751 Tulli
659 1722 828 1752 orationem
851 1722 1047 1750 Scaurianam
1066 1732 1095 1760 p.
1118 1731 1179 1750 121.
1201 1721 1247 1749 ed.
1268 1722 1372 1750 Beicri
1393 1722 1468 1751 haec
1489 1723 1642 1751 scribens:

377 1774 470 1800 lianc
497 1781 614 1809 quoque
640 1772 809 1798 orationem
837 1771 948 1798 eisdem
974 1769 1148 1798 consulibus
1175 1770 1271 1802 dixit,
1299 1770 1410 1807 quibus
1431 1782 1492 1808 pro
1523 1772 1668 1803 Uatiam,
1697 1770 1734 1798 L.
1759 1770 1897 1798 Domitio
1915 1768 2118 1798 Ahenobarbo
2145 1777 2176 1799 et

304 1822 408 1858 Appio
428 1819 556 1848 Claudio
576 1818 714 1847 Pulchro
735 1827 818 1846 coss..
857 1818 1001 1846 Summus
1020 1817 1120 1846 iudici
1139 1817 1203 1846 dies
1214 1817 1288 1855 filit
1307 1827 1335 1845 a.
1356 1818 1384 1847 d.
1406 1818 1466 1846 IV.
1488 1818 1598 1845 aYonas
1617 1816 1811 1855 Septembris.

380 1867 531 1895 Patricius
559 1866 650 1893 etiam
676 1866 709 1893 in
739 1865 784 1893 cd.
814 1865 926 1893 Graeu.
948 1854 1167 1892 01·1·.'⁴'I*ullia11.
1189 1865 1278 1893 Tom.
1299 1865 1355 1893 III.
1377 1865 1410 1893 P.
1431 1865 1471 1893 II.
1500 1876 1529 1904 p.
1552 1875 1632 1894 1001.
1653 1876 1692 1894 ex
1711 1865 1752 1893 D.
1772 1863 1959 1902 Hieronymi
1980 1864 2121 1903 apologia
2140 1865 2174 1894 111

306 1915 454 1944 Rufinum
474 1913 566 1947 hacc⁷
593 1923 668 1952 quae
688 1913 748 1941 iam
768 1923 860 1951 supra
880 1912 1067 1941 Garatonius
1087 1913 1285 1950 memorauit,
1311 1913 1427 1942 adfert:
1462 1914 1530 1952 lege
1549 1924 1610 1951 pro
1635 1913 1763 1941 Uatinio
1783 1912 2012 1940 oratiunculam
2033 1918 2062 1941 et
2081 1913 2176 1948 alias,

307 1962 361 1991 ubi
380 1961 595 1989 sodaliciorum
617 1963 729 1989 mentio
750 1961 804 1997 fit.

384 2009 461 2037 (¹un1
482 2007 575 2045 igitur
594 2008 753 2036 Plancium
774 2013 843 2046 post
863 2008 1023 2037 Uatinium
1044 2008 1202 2037 defensum
1223 2019 1288 2037 esse
1308 2015 1426 2038 certum
1445 2009 1496 2045 sit,
1516 2008 1660 2038 Uatinius
1680 2013 1780 2037 autem
1799 2008 1837 2036 L.
1858 2007 1999 2036 Domitio
2020 2012 2051 2036 et
2069 2007 2175 2047 Appio

311 2055 440 2085 Claudio
462 2065 538 2082 coss.
560 2066 606 2083 an.
629 2066 691 2092 700.
720 2067 853 2085 caussam
882 2057 919 2085 de
945 2056 1100 2085 sodaliciis
1128 2057 1258 2093 dixerit,
1286 2057 1420 2086 efficitur
1439 2057 1619 2092 manifesto,
1645 2056 1804 2085 Plancium
1823 2066 1886 2084 non
1906 2056 2045 2095 potuisse
2065 2056 2176 2085 Crasso

310 2110 341 2133 et
360 2103 509 2141 Pompeio
530 2113 605 2131 coss.
626 2114 673 2131 an.
697 2104 759 2142 [399.
781 2106 940 2134 defensum
960 2116 1041 2142 esse,
1069 2110 1114 2134 set
1134 2110 1185 2134 aut
1204 2105 1243 2133 L.
1263 2105 1406 2134 Domitio
1427 2109 1458 2134 et
1477 2104 1581 2144 Appio
1603 2103 1731 2133 Claudio
1752 2114 1828 2132 coss.
1849 2114 1895 2132 an.
1916 2113 1997 2140 700.,
2024 2108 2076 2132 aut
2095 2113 2175 2132 anno

310 2158 468 2191 sequente.

387 2200 449 2227 Iam
476 2209 550 2227 uero
577 2209 615 2227 ex
635 2200 678 2228 M.
701 2200 787 2227 Tulli
808 2200 908 2238 Epist.
928 2200 965 2228 ad
986 2200 1023 2237 Q.
1050 2200 1176 2229 fratrem
1196 2200 1258 2237 III,
1288 2210 1330 2236 1.‚
1356 2200 1390 2228 111
1416 2210 1474 2239 qua
1500 2197 1527 2238 §.
1547 2199 1574 2227 4.
1600 2198 1726 2227 scribit:
1754 2203 1907 2229 orationes
1927 2209 1986 2237 pro
2004 2198 2120 2226 Scauro
2148 2204 2177 2227 ec

308 2258 367 2286 pro
387 2249 521 2276 Plancio
541 2246 730 2285 efflagitatas
750 2247 878 2282 absolui,
898 2248 1071 2277 necessario
1093 2248 1308 2287 consequitur,
1328 2247 1396 2287 ipso
1417 2247 1472 2276 illo
1493 2256 1588 2283 anno,
1608 2257 1667 2285 quo
1689 2246 1834 2276 Uatinius
1856 2253 1886 2276 et
1906 2248 2037 2276 Scaurus
2058 2245 2177 2275 defensi

312 2295 391 2330 sint,
418 2294 510 2324 etiam
536 2294 641 2322 Planci
670 2305 804 2323 caussam
831 2294 943 2324 debere
970 2307 987 2324 a
1014 2298 1057 2325 M.
1078 2296 1185 2325 Tullio
1212 2301 1384 2335 susceptam
1413 2304 1486 2322 esse.
1524 2293 1603 2322 Nam
1631 2294 1791 2333 epistolam
1817 2295 1901 2323 illam
1927 2293 1998 2335 (Ep.
2027 2293 2178 2322 CXLVI.

314 2343 352 2371 T.
374 2342 413 2371 II.
434 2353 462 2381 p.
482 2352 537 2371 210
551 2353 614 2382 sqq.
640 2343 686 2371 ed.
708 2342 830 2371 Schutz.
851 2342 941 2382 mai..)
969 2344 1114 2384 scriptam
1135 2344 1248 2374 scimus
1270 2355 1318 2374 an.
1340 2353 1402 2382 700.
1430 2343 1468 2372 L.
1488 2341 1629 2372 Domitio
1651 2347 1682 2371 ct
1699 2342 1805 2382 Appio
1827 2341 1956 2372 Claudio
1978 2351 2053 2371 coss.
2072 2350 2178 2370 mense

313 2390 498 2429 Septembri.
