2264 2746
870 103 895 133 c
915 102 943 132 A
964 104 1004 133 P.
1043 104 1082 134 V.
1102 103 1128 145 §.
1151 110 1194 136 12.
1937 114 1973 139 73

89 185 262 229 inperium
284 183 316 216 ei
337 182 552 225 abrogatum.
595 180 654 213 An
676 185 754 223 post
775 179 914 211 alteram
940 181 1109 223 repulsam
1132 178 1308 210 biennium
1332 177 1434 211 iacuit
1460 180 1610 220 Catulus,
1635 187 1667 213 et
1689 189 1806 225 petere
1829 196 1897 215 non
1921 190 1970 216 est

88 249 202 277 ausus,
234 243 271 268 ut
300 236 399 267 tertio
432 235 568 265 demum
598 245 686 264 anno
712 239 823 276 togam
847 233 1024 265 candidam
1048 233 1260 266 resumeret?
1306 232 1366 263 III.
1391 233 1427 263 Si
1452 234 1495 275 Q.
1521 234 1659 266 Catulus
1680 242 1777 278 pater
1801 238 1968 279 significa-

86 296 160 330 tur,
187 302 246 320 cur
268 289 355 320 nihil
377 287 529 326 additur,
561 298 627 328 quo
651 285 812 329 distingui
837 287 943 329 possit
965 299 983 318 a
1007 287 1103 319 filio?
1134 298 1194 318 cur
1217 286 1266 317 M.
1288 285 1402 315 Pisoni
1427 288 1668 330 postponitur?
1702 300 1762 320 cur
1787 290 1910 321 dicitur
1932 291 1968 321 in

84 354 216 375 summa
238 341 365 373 familia
388 346 496 378 natus,
519 338 612 370 cuius
636 350 745 380 neque
768 347 864 383 pater
886 352 996 382 neque
1019 352 1099 372 auos
1123 339 1276 370 consules
1299 336 1457 371 fucrant?
1496 353 1537 371 an
1561 340 1674 372 nullus
1698 342 1782 375 alius
1807 343 1968 375 candida—

83 402 138 428 tus
169 402 245 438 post
275 394 365 426 illius
397 391 507 424 Catuli
532 398 685 434 tempora
714 392 756 422 ob
781 404 848 423 non
872 393 972 424 nimis
995 393 1193 424 submissam
1218 390 1500 433 supplicationem
1524 393 1694 435 repulsam
1717 396 1866 428 tulerat?
1904 397 1966 428 IV.

82 449 124 481 In
149 446 376 488 Clu-onologia
404 451 477 476 tum
507 444 603 483 Liui,
644 451 715 476 tum
746 446 937 477 Cassiodori
969 457 1035 476 nou
1063 447 1123 477 Cn.
1148 444 1302 481 Mallius,
1341 449 1390 474 set
1421 445 1470 475 M.
1495 446 1655 478 Manilius
1679 449 1796 480 consul
1819 455 1868 480 est
1891 454 1968 490 post

83 501 283 538 Serranum,
323 498 480 539 idemque
510 497 611 528 habet
646 499 832 541 Eutropius
863 498 921 529 lib.
954 499 984 530 5.
1029 498 1182 531 Romani
1214 495 1383 534 consules,
1423 497 1473 528 M.
1502 499 1676 531 sslam‘lius
1709 507 1742 533 et
1769 502 1810 542 Q.
1841 501 1966 544 Caepio

82 553 250 596 (quamuis
276 550 399 593 Caepio
431 561 501 580 11011
531 551 647 582 consul
671 563 745 582 cum
776 551 936 591 Manilio,
980 557 1029 582 set
1051 549 1235 593 proconsul
1259 548 1357 590 esset)
1390 559 1500 590 neque
1532 552 1765 593 uerisimilest,
1805 555 1865 586 tris
1888 554 1965 585 illos

80 607 260 649 scriptores
283 616 352 635 nou
374 608 505 634 tantum
529 602 563 633 iu
585 603 733 643 nomine,
761 616 881 635 uerum
906 610 939 635 et
961 603 996 634 in
1018 602 1240 645 praenomine
1265 601 1439 643 deceptos,
1464 607 1502 632 ut
1523 603 1678 636 Marcum
1701 617 1764 648 pro
1788 608 1885 638 Gneo
1908 617 1966 637 re-

79 659 219 691 ferrent.
264 659 309 690 V.
334 656 399 687 Fac
422 661 534 686 tamen
560 656 662 688 suisse
688 658 748 688 Cn.
763 658 921 689 Mallium
944 656 1118 697 conlegam
1139 655 1174 686 in
1202 654 1377 685 consulatu
1401 654 1437 685 P.
1454 655 1582 694 Rutili3
1608 656 1635 687 si
1658 659 1787 699 primus
1810 660 1882 702 ipse
1905 658 1967 690 ad-

78 713 158 745 tulit
187 712 223 743 in
252 723 347 743 suam
376 709 539 741 familiam
567 709 691 740 summi
714 711 926 752 magistratus
950 709 1111 751 insignia,
1149 720 1208 739 cur
1239 707 1392 739 oratione
1416 718 1479 749 pro
1503 707 1649 740 BIurena
1684 712 1724 751 [c.
1748 713 1827 744 VH.
1858 713 1888 754 ξ.
1916 712 1964 743 16.

78 767 174 801 VIII.
190 767 220 808 §-
240 765 302 806 17.]
321 776 396 794 cum
410 762 589 804 Pompeiis,
613 762 742 800 Mariis,
767 763 889 801 Didiis,
916 762 1037 793 Caeliis
1054 774 1121 793 non
1136 767 1330 792 recensetur
1352 759 1442 790 inter
1468 771 1575 792 nouos
1600 762 1777 795 homines?
1802 765 1829 795 si
1852 770 1966 795 autem

77 820 221 853 maiores
248 816 365 848 babuit
386 815 526 853 nobilis,
561 826 621 845 cur
643 815 698 845 hic
720 814 819 845 illum
844 814 962 845 Cicero
988 814 1147 845 describit
1169 828 1235 846 non
1259 815 1370 846 solum
1399 814 1606 857 ignobilem,
1647 828 1769 848 uerum
1793 817 1865 848 sine
1888 817 1963 848 ztir..

79 879 169 912 tute,
202 872 274 902 sine
299 869 456 912 ingenio,
494 868 571 899 uita
593 868 698 899 etiam
725 873 918 910 contempta
941 880 981 899 ac
1004 868 1170 899 sordida?
1214 867 1372 908 Denique
1396 866 1486 897 inter
1507 866 1587 899 duas
1610 869 1782 911 repulsas,
1823 870 1963 900 alteram

78 925 191 958 Catuli
215 922 398 955 consularis
422 919 607 958 candidati,
633 920 772 950 alteram
796 919 990 951 Laterensis
1013 919 1165 959 aedilici,
1194 920 1396 951 claudicaret
1419 921 1627 962 conparatiO.
1673 923 1721 954 Ut
1745 922 1885 964 opinor,
1910 922 1963 952 hic

77 979 121 1020 Q.
146 977 284 1010 Catulus
305 985 414 1016 neque
438 978 534 1015 pater
561 978 610 1003 est
630 983 740 1014 neque
764 970 871 1010 filius3
910 973 967 1014 qui
998 972 1126 1004 scilicet
1153 973 1345 1016 principem
1375 973 1411 1003 in
1436 980 1553 1004 senatu
1580 973 1692 1004 locum
1724 975 1962 1013 obtinuerunt3

79 1038 130 1064 set
151 1031 235 1062 alius
260 1027 396 1070 quidam
420 1037 462 1056 ex
486 1024 602 1055 eadem
630 1031 750 1066 gente,
786 1025 843 1066 qui
875 1024 915 1055 ad
940 1037 1090 1057 summos
1116 1026 1262 1057 honores
1287 1026 1470 1068 peruenire
1492 1038 1561 1058 11011
1584 1028 1754 1070 Ροῐυθῑίἰς
1792 1039 1896 1069 eaque
1921 1027 1962 1058 de

76 1095 188 1116 caussa
210 1083 281 1114 laus
305 1080 396 1111 illius
419 1077 528 1110 omnis
553 1077 742 1108 desumitur
772 1088 815 1108 ex
838 1077 1015 1110 nobilitate
1039 1079 1188 1110 familiae
1215 1085 1248 1110 et
1278 1079 1368 1110 uitae
1391 1080 1582 1119 sanctitate,
1617 1093 1686 1112 non
1709 1082 1749 1112 ab
1774 1081 1961 1112 honoribus

73 1138 242 1178 rebusque
265 1133 381 1176 gestis:
417 1132 458 1172 Q.
481 1131 623 1170 Catulo,
654 1131 690 1162 in
714 1143 848 1163 summa
860 1130 1011 1174 familia
1034 1138 1135 1171 nato,
1168 1133 1435 1176 sapientissumo
1460 1140 1492 1165 et
1515 1135 1742 1166 sanctis-sumo
1765 1135 1863 1173 uiro3
1900 1145 1962 1176 ap-

70 1191 219 1236 pellatur
241 1193 318 1231 post
338 1186 388 1218 M.
412 1185 580 1224 Pisonem,
605 1184 732 1227 quippe
756 1185 954 1227 exemplum
976 1186 1150 1228 aliquanto
1174 1185 1359 1224 recentius3
1384 1198 1494 1228 neque
1517 1194 1633 1229 postea
1656 1199 1734 1218 cum
1757 1186 1875 1217 ceteris
1898 1197 1962 1216 no-

71 1244 240 1281 minatur,
278 1239 355 1282 quia
384 1250 453 1269 non
477 1237 672 1268 ascenderat
702 1237 743 1268 ad
767 1237 923 1269 altiorem
947 1238 1088 1280 gradum
1114 1239 1305 1282 dignitatis,
1342 1240 1498 1282 repulsus
1522 1240 1557 1271 111
1580 1240 1759 1271 aedilitatis
1785 1239 1961 1282 petitione,

70 1304 145 1330 tum
177 1296 214 1326 C.
250 1295 395 1331 Sereno,
433 1297 507 1322 tum
537 1290 598 1322 Cn.
630 1291 748 1322 Mallio
781 1291 1005 1333 posthabitus.
1068 1293 1180 1323 Catuli
1213 1293 1319 1336 patris
1347 1292 1490 1324 fratrem
1519 1299 1752 1324 conmemorat
1782 1292 1900 1324 Cicero
1932 1291 1960 1322 I.

73 1349 170 1383 Offic.
198 1349 268 1389 57.,
306 1345 400 1376 cuius
425 1343 524 1374 etiam
549 1344 701 1375 extitisse
724 1343 811 1375 filios
834 1345 1084 1386 probabilest.“

156 1402 250 1433 Haec
272 1397 456 1430 Ferratius.
503 1396 599 1437 Quae
629 1397 707 1428 licet
729 1408 747 1428 a
770 1408 852 1427 uero
876 1398 976 1440 longe
1006 1397 1121 1429 abesse
1143 1403 1273 1428 certum
1296 1397 1357 1437 sit,
1399 1405 1513 1430 tamen
1537 1409 1613 1429 cum
1636 1410 1756 1440 magna
1778 1398 1869 1429 illius
1892 1394 1960 1427 uiri

68 1461 151 1500 aput
172 1452 328 1486 homines
352 1451 466 1481 doctos
490 1449 668 1480 auctoritas
692 1449 751 1489 sit,
789 1450 1008 1481 describenda
1036 1450 1091 1482 1110
1116 1450 1276 1484 indicaui.
1320 1452 1498 1495 Quaedam
1527 1458 1617 1482 recte
1649 1451 1717 1482 iam
1740 1457 1856 1482 contra
1880 1459 1957 1480 eum

69 1508 204 1543 monuit
223 1503 427 1537 Garatonius
452 1502 485 1533 in
507 1501 559 1532 ed.
580 1503 688 1544 Neap.
712 1514 764 1533 an.
793 1503 883 1544 1786.
908 1503 989 1535 haec
1011 1505 1177 1536 scribens:

155 1559 329 1601 „Nullum
353 1556 455 1587 alium
481 1566 541 1597 ego
566 1556 726 1587 Catulum
751 1556 948 1599 intellegere
970 1568 1108 1600 possum
1133 1557 1197 1588 1100
1222 1557 1314 1596 1000,
1338 1569 1438 1599 quam
1460 1557 1559 1589 illum
1582 1564 1730 1601 patrem,
1760 1556 1817 1598 qui
1840 1553 1958 1587 consul

70 1626 148 1647 cum
167 1613 205 1644 C.
229 1609 339 1643 Mario
363 1608 428 1639 fuit
454 1620 541 1639 anno
567 1609 638 1640 651.
683 1610 765 1641 Eius
789 1608 911 1645 frater,
944 1610 1001 1652 qui
1028 1611 1053 1641 Ι.
1079 1610 1119 1640 de
1145 1610 1242 1641 Offic.
1264 1611 1315 1652 57.
1340 1617 1568 1651 memoratur,
1606 1622 1715 1652 neque
1738 1615 1872 1651 gentem
1895 1619 1957 1638 ne·-

73 1679 138 1712 que
158 1664 321 1697 familiam
346 1673 419 1692 cum
444 1661 487 1702 Q.
513 1662 633 1693 Catulo
658 1674 862 1694 communem
894 1663 1028 1702 habuit,
1071 1668 1120 1694 set
1144 1661 1208 1693 fuit
1233 1664 1270 1694 C.
1297 1664 1401 1695 Iulius
1428 1665 1549 1695 Caesar
1572 1665 1613 1695 L.
1635 1664 1690 1702 F.‚
1728 1663 1870 1709 'eiusque
1895 1660 1957 1692 filii

72 1719 210 1752 omuino
242 1715 319 1747 Iulii
350 1713 494 1752 suerint,
533 1725 601 1745 non
632 1715 762 1746 Lutatii
788 1715 918 1754 Catuli,
960 1722 1136 1747 necessest.
1184 1716 1323 1748 Constat
1353 1723 1466 1748 autem
1499 1717 1658 1748 Catulum
1690 1723 1820 1759 patrem
1850 1726 1869 1745 a
1893 1714 1954 1745 Cn.

70 1771 198 1806 Manlio
226 1770 259 1800 in
281 1769 445 1811 petitione
468 1767 658 1798 consulatus
682 1767 784 1799 fuisse
808 1775 1005 1811 superatum
1028 1780 1071 1800 ex
1098 1780 1124 1800 c.
1153 1781 1200 1811 17.
1225 1781 1288 1812 pro
1312 1771 1404 1801 Mur.
1428 1782 1446 1801 a
1466 1770 1621 1801 Manutio
1657 1769 1808 1806 laudato,
1849 1767 1894 1798 ita
1916 1772 1955 1797 ut

70 1825 105 1857 id
127 1823 241 1866 negari
266 1834 334 1853 11011
356 1820 473 1862 possit.
519 1820 572 1850 De
596 1819 668 1862 ipso
692 1821 821 1852 Manlio
844 1821 924 1852 uide
947 1822 1050 1853 celeb.
1069 1823 1251 1853 Erue-stum
1276 1823 1311 1853 in
1335 1823 1404 1854 ind.
1423 1824 1512 1854 Hist.
1538 1829 1569 1853 et
1592 1822 1632 1852 ad
1657 1822 1736 1852 Tac.
1762 1821 1880 1852 Germ.
1902 1819 1954 1860 57.

72 1880 104 1910 et
128 1889 210 1920 quos
234 1875 292 1906 ille
316 1874 412 1911 citat,
452 1878 501 1903 set
526 1873 706 1915 praecipue
729 1874 887 1916 Pighium
919 1875 961 1905 ad
984 1887 1036 1906 an.
1062 1875 1313 1913 DCXLYJII„
1359 1876 1416 1907 ubi
1441 1876 1587 1919 lapidem
1613 1875 1835 1906 Puteolanum
1859 1877 1955 1904 notat

70 1929 294 1975 perscribere,
335 1927 393 1959 Cn.
416 1926 561 1963 Mallio,
597 1932 634 1957 ut
656 1927 792 1959 uolebat
816 1927 1012 1967 Manutius,
1048 1927 1089 1958 de
1120 1941 1185 1971 quo
1218 1930 1331 1972 lapide
1359 1928 1474 1960 confer
1509 1940 1592 1970 quae
1623 1928 1772 1959 diximus
1803 1927 1843 1958 ad
1867 1928 1893 1958 I.
1917 1927 1954 1958 in

69 1985 170 2017 Uerr.
193 1983 243 2014 55.
289 1981 445 2018 Alteram
469 1978 580 2009 Catuli
603 1980 784 2021 repulsam,
810 1991 874 2022 qua
891 1981 1075 2011 Serranum
1100 1994 1234 2024 quoque
1257 1983 1292 2013 in
1317 1983 1489 2013 consulatu
1514 1983 1543 2012 ei
1566 1982 1755 2024 praelatum
1780 1979 1954 2011 contendit

69 2034 259 2072 Manutius,
296 2034 472 2065 obscuram
503 2042 572 2062 esse
602 2030 722 2064 fateor.
767 2035 846 2065 Non
868 2033 968 2064 uideo
992 2039 1125 2073 tamen,
1165 2046 1224 2065 cur
1253 2035 1436 2066 consularis
1458 2035 1593 2077 repulsa
1616 2041 1761 2077 nequeat
1789 2033 1952 2065 aediliciis

70 2086 265 2124 admisceri,
301 2098 376 2117 cum
401 2084 513 2116 Catuli
537 2084 645 2116 uirtus
669 2092 702 2116 et
725 2086 868 2128 dignitas
891 2086 1111 2117 Laterensem
1134 2099 1294 2119 maxume
1318 2089 1530 2127 consoletur,
1565 2094 1665 2130 atque
1688 2088 1866 2120 hominnm
1893 2086 1951 2118 fiat

69 2141 125 2173 hic
147 2138 351 2181 conparatio,
374 2150 444 2168 non
466 2137 736 2179 magistratuum.
782 2139 905 2170 Nescio
929 2139 1029 2177 item,
1052 2151 1112 2170 cur
1130 2141 1303 2172 silentium
1328 2142 1422 2172 Tulli
1447 2141 1487 2172 de
1513 2142 1634 2173 Catulo
1657 2153 1684 2172 c.
1710 2153 1761 2173 21.
1784 2142 1882 2172 illum
1906 2139 1949 2171 ad

69 2193 279 2224 consulatum
303 2203 370 2222 nou
392 2191 588 2234 peruenisse
609 2191 763 2223 ostendat
786 2192 914 2234 potius,
940 2204 1039 2233 quam
1062 2204 1130 2224 non
1154 2194 1360 2231 aediliciam,
1391 2201 1441 2225 set
1464 2195 1674 2226 consularem
1698 2195 1868 2238 repulsam
1893 2199 1949 2224 tu-

68 2245 156 2278 lisse.
201 2244 258 2274 Set
280 2250 390 2286 potest
415 2244 554 2276 obscura
577 2256 629 2275 res
652 2244 758 2275 tribus
784 2244 947 2286 explicari
969 2245 1101 2276 modis:
1139 2246 1289 2288 primum
1313 2247 1373 2277 illo
1397 2247 1618 2287 Manutia1103
1657 2248 1778 2279 deinde
1801 2247 1829 2279 si
1856 2247 1948 2277 dica-

69 2309 145 2330 mus
170 2297 204 2327 iu
228 2296 395 2327 aedilitate
417 2297 609 2335 Serranum,
635 2297 669 2327 in
694 2297 868 2328 consulatu
890 2298 1057 2329 BIanlium
1072 2299 1192 2329 Catulo
1215 2299 1304 2341 patri
1328 2298 1428 2331 fuisse
1451 2301 1659 2343 praelatum3
1686 2301 1784 2332 tertio
1807 2300 1834 2331 si
1858 2300 1947 2331 hunc

69 2351 190 2383 locum*
215 2348 255 2379 de
289 2361 355 2380 una
384 2349 553 2380 aedilitate
581 2361 657 2381 cum
687 2350 841 2382 Ferratio
871 2350 1124 2393 intellegamus,
1169 2351 1215 2382 ita
1237 2358 1275 2383 ut
1297 2353 1416 2384 Catulo
1446 2353 1540 2385 illam
1563 2361 1700 2397 petente
1724 2355 1887 2386 Serranus
1913 2356 1947 2382 et

70 2402 219 2435 Manlius
246 2400 375 2432 suerint
402 2401 503 2432 simul
527 2403 651 2434 aediles
681 2404 813 2435 curules
844 2402 938 2435 facti:
976 2415 1055 2434 nam
1079 2403 1250 2446 duplicem
1272 2404 1308 2436 in
1333 2407 1452 2438 Catulo
1475 2407 1655 2439 aedilitatis
1683 2407 1854 2450 repulsam
1876 2410 1947 2435 sta-

1493 2466 1526 2481 qs)
