2264 2746
266 81 321 111 208
912 77 1487 108 COMMENTARIUS.

266 153 426 195 lususque
448 153 621 192 IVicaeae,
643 153 679 183 ia
710 151 892 190 Uaccaeis,
922 150 981 181 alii
1004 150 1158 183 uiderint.
1203 152 1276 194 Ego
1299 162 1424 192 sequor
1446 158 1601 194 optumos
1624 160 1658 186 et
1679 154 1859 197 plerosque
1881 156 2018 189 codices.
2062 157 2127 190 Li-

266 205 340 238 uios
363 205 399 237 in
423 204 543 248 fragm.
566 216 599 247 p.
621 203 758 235 XXXI.
782 203 970 246 Segouiam
994 209 1026 236 et
1047 205 1084 237 in
1114 205 1324 237 Uacceorum
1348 202 1396 246 (h.
1421 215 1449 235 e.
1479 205 1709 246 Uacaeorum,
1744 207 1835 248 quod
1858 214 1996 250 optume
2017 210 2062 242 U.
2088 210 2127 242 C.

266 258 417 290 quenat.
440 255 618 299 adgnouit,
661 262 700 287 ut
721 255 757 287 in
779 256 900 299 Polyb.
924 257 993 297 ΙΙΙ,
1036 258 1084 289 14.
1119 256 1171 287 edi
1196 254 1386 292 Οὐακαίους
1406 257 1516 299 uideo)
1536 265 1676 302 gentem
1700 259 1813 298 misit,
1854 260 2023 301 quomodo
2046 261 2130 305 lapis

268 312 369 344 Grut.
392 309 615 343 CCCXXIV.
648 319 696 340 10.
720 318 768 339 Ex
793 318 916 341 GENTE
940 319 1201 342 UAccAEomrn.
1244 310 1330 341 Eam
1352 315 1486 351 gentem
1510 322 1553 342 ex
1578 312 1712 344 XVIII.
1736 311 1927 343 ciuitatibus
1949 313 2132 345 constitisse

267 364 366 396 tradit
389 363 474 394 Plin.
496 361 542 391 H.
566 360 611 391 N.
635 361 701 399 III,
734 361 765 391 3.
810 360 906 392 Idem
936 362 1015 394 Liu.
1039 363 1125 402 XL,
1159 362 1212 404 47.
1236 368 1275 394 ut
1298 363 1334 393 in
1365 361 1534 395 Uaccaeos
1564 376 1627 407 per
1648 365 1875 397 Lusitaniam
1896 366 1963 398 iret
1984 366 2133 399 Albinus

268 423 348 455 etc.,
374 421 406 446 et
428 412 569 456 propius
591 412 633 444 ad
654 413 755 444 huius
776 413 842 444 loci
860 412 1005 447 formam
1028 416 1138 455 XXI,
1162 416 1192 446 5.
1216 414 1452 448 Hannibalem
1474 427 1669 459 regressam
1694 429 1735 448 ex
1765 417 1949 449 Uaccaeis.-
1978 417 2134 460 idemque

266 469 352 500 Plin.
372 467 479 505 XVI,
504 466 555 508 59.
579 466 617 497 in
640 466 818 509 Hispania
842 479 1066 512 maxumeque
1089 469 1264 506 Uaccaeis,
1289 467 1379 509 quod
1402 479 1444 498 ex
1467 468 1614 510 uestigiis
1637 469 1792 500 Msorum
1819 470 1906 501 eruit
1927 470 2133 511 Harduinus,

267 531 351 563 quae
373 524 451 550 sunt
474 518 586 549 eadem
610 517 647 549 in
670 517 722 549 ed.
747 519 881 550 Tarnis.
908 526 939 550 et
960 520 995 551 in
1019 521 1089 552 cod.
1112 519 1212 552 Barb.
1237 531 1270 550 n.
1296 520 1385 562 754„
1408 519 1633 563 similiterque
1656 522 1710 553 1110
1733 524 1781 555 eis
1803 524 1958 554 auolsum
1985 522 2076 554 uides
2098 522 2135 554 in

264 571 475 606 Erfurtense.
522 570 698 613 Singulare
719 577 785 611 est,
820 571 911 613 quod
929 572 966 604 in
989 573 1063 604 aliis
1087 584 1158 605 esse
1180 571 1290 603 nescio
1313 573 1434 615 quibus
1458 573 1554 605 Tulli
1577 574 1660 606 Msis
1683 575 1730 606 ait
1751 576 1959 616 Iannoctius,
1995 577 2032 608 in
2062 575 2134 608 Ua-

265 626 428 664 ceryntis3
465 624 586 666 quibus
617 623 765 666 uestigiis
795 624 950 656 innixam
978 624 1111 668 profert
1133 624 1301 657 Francisci
1324 625 1423 656 Pucci
1450 625 1546 665 hanc,
1580 638 1665 668 quae
1694 627 1780 659 mihi
1807 629 1915 671 placet
1944 628 2134 668 admodum,

265 677 508 716 coniecturam,
527 677 697 721 putabam
719 677 756 708 in
786 677 892 709 Uacci
908 680 1026 722 pratis
1050 680 1236 711 dicturum.
1282 679 1480 710 Notissuma
1501 685 1580 710 sunt
1609 679 1716 712 Uacci
1731 688 1861 725 prata,
1896 693 1980 724 quae
2002 681 2134 713 Romae

263 730 298 761 in
323 730 452 761 Palatio
481 728 635 769 fuerunt,
668 741 711 761 ex
734 740 762 760 c.
788 729 839 761 58.
864 742 927 772 pro
952 731 1053 763 domo
1077 738 1108 763 et
1129 731 1232 763 Liuio
1256 731 1358 771 VIII,
1395 743 1443 774 19.
1481 732 1742 764 GARATOMUS.
1794 735 1988 768 Uei-borum
2010 734 2134 773 lusum,

264 781 573 813 adnominationem
596 781 714 821 etiam,
737 781 765 813 si
788 781 835 813 ita
857 782 924 821 uis,
948 795 1018 815 non
1040 784 1145 827 magis
1167 784 1308 824 bellam,
1332 784 1390 815 ubi
1414 796 1477 827 per
1499 795 1534 815 se
1556 790 1737 826 spectetur,
1761 798 1861 829 quam
1884 786 2042 830 placitam
2064 786 2098 817 h.
2110 786 2134 817 l.

265 834 437 874 Ciceroni,
464 846 583 866 reuera
604 834 707 866 latere
730 835 766 866 111
791 835 923 868 miseris
946 836 1015 869 istis
1040 838 1255 880 corruptelis,
1286 837 1446 869 aduersus
1471 837 1692 869 Gai-amnium
1715 838 1815 870 nimis
1838 850 1994 870 seuerum
2017 838 2135 870 talium

265 886 463 918 deliciarum
485 887 646 927 iudicem,
682 888 784 919 etiam
806 894 907 930 atque
932 889 1030 920 etiam
1053 890 1239 923 contendo:
1274 902 1353 922 nam
1375 891 1432 921 uel
1455 890 1617 922 eiusmodi
1646 901 1749 932 nugas
1774 903 1843 923 non
1865 903 1998 934 semper
2021 891 2136 922 detre-

268 945 372 971 ctasse
396 940 568 981 Tullium,
600 941 737 972 inlustri
761 940 962 972 documento
986 949 1035 974 est
1059 944 1264 976 subobscena
1285 944 1356 975 eius
1379 955 1455 974 cum
1475 942 1593 975 Clodio
1617 943 1803 982 altercatio,
1841 955 1941 985 quam
1964 955 2040 975 cum
2062 943 2137 986 glo-

265 992 352 1024 riola
377 993 517 1034 quadam
543 994 650 1026 refert
671 993 784 1026 Attico
808 993 917 1036 Epist.
940 994 970 1033 I,
1009 996 1076 1035 16.;
1114 997 1195 1028 item
1218 996 1337 1027 similis
1360 996 1460 1038 plane
1482 995 1561 1026 huic
1579 995 1675 1028 1115115
1700 996 1743 1027 ad
1765 996 1870 1028 Attic.
1898 997 1948 1038 ΙΙ,
1982 1009 2028 1029 1.:
2062 997 2136 1030 Fa-

265 1045 391 1077 aonias
421 1046 511 1078 dixit
541 1047 612 1086 ita,
647 1052 686 1078 ut
708 1047 827 1078 Rhodi
857 1047 1035 1079 uideretur
1064 1050 1164 1081 molis
1184 1050 1320 1093 potius,
1360 1061 1463 1092 quam
1483 1049 1617 1080 Illoloni
1646 1061 1785 1092 operam
1806 1050 1949 1083 dedisse.
1991 1049 2136 1092 Alioqui

266 1109 326 1128 cur
351 1098 486 1129 tandem
509 1099 598 1130 inter
621 1098 730 1131 omnis
754 1097 861 1139 gentis
885 1098 1041 1131 barbaras
1065 1113 1148 1133 unos
1172 1104 1338 1134 Uaccaeos
1362 1100 1587 1143 potissumum
1611 1101 1803 1143 delegisset,
1830 1114 1977 1144 quorum
1998 1102 2136 1134 nomine

265 1150 372 1182 risum
397 1150 608 1183 auditoribus
634 1150 866 1193 exprimeret?
912 1151 967 1182 Sic
988 1159 1070 1194 aput
1091 1166 1152 1185 1105
1175 1154 1203 1185 51
1227 1154 1300 1196 quis
1324 1154 1403 1185 talia
1426 1158 1589 1195 captaret,
1619 1153 1722 1185 iocari
1744 1161 1857 1197 posset
1878 1155 1914 1186 in
1935 1161 2072 1198 poetam
2097 1155 2137 1186 de

265 1203 388 1243 triuio,
423 1215 500 1234 611111
524 1216 566 1234 ex
589 1204 776 1235 notissumo
806 1203 867 1234 illo
891 1204 1149 1238 szzlc'imlclzen
1178 1207 1359 1237 oriundum
1382 1217 1469 1244 6556,
1505 1205 1599 1236 cuius
1621 1205 1751 1237 incolae
1773 1208 1903 1249 poetica
1924 1219 2003 1239 sane
2024 1207 2137 1239 indole

266 1255 410 1299 praediti
441 1267 511 1287 esse
542 1257 776 1298 perhibentur.
821 1257 941 1298 Longe
970 1258 1091 1289 melius
1121 1258 1234 1300 itaque
1257 1259 1429 1289 Ernestius
1460 1258 1495 1288 iu
1521 1263 1592 1288 toto
1615 1258 1775 1289 hocloco
1798 1266 1949 1292 uersatus
1972 1267 2039 1301 est,
2071 1260 2137 1292 nisi

268 1309 355 1350 quod
380 1320 457 1340 cum
477 1309 645 1341 Lambino
669 1309 884 1341 scribendum
909 1316 997 1342 erat:
1032 1316 1082 1343 set
1096 1310 1162 1354 sai
1185 1311 1299 1354 inquit
1321 1328 1363 1333 —
1382 1311 1549 1354 putabam
1571 1311 1607 1342 ia
1637 1311 1801 1343 Uaccaeis
1824 1313 2000 1345 dicturum
2022 1332 2063 1339 —
2086 1314 2138 1345 bis

267 1362 433 1395 Nicaeae.
457 1362 578 1394 omisso
602 1368 715 1393 tamen
739 1364 775 1395 in
791 1364 974 1406 Bithynia,
999 1364 1087 1405 quod
1110 1363 1143 1394 h.
1167 1363 1190 1394 l.
1215 1375 1232 1393 6
1255 1363 1451 1405 glossemate
1474 1363 1612 1394 omnino
1636 1362 1826 1405 profectum
1849 1371 1908 1396 est.
1934 1365 2135 1397 ORELLIUS.

266 1415 396 1453 Miror,
434 1421 508 1458 post
532 1427 588 1455 ea,
628 1427 712 1458 quac
735 1416 904 1458 sapienter
929 1417 1133 1448 Garatonius
1166 1417 1316 1455 monuit,
1352 1422 1419 1447 tam
1450 1427 1610 1458 peruerse
1639 1416 1787 1447 iudicare
1811 1417 1980 1449 Orellium
2009 1418 2137 1450 dehoc

267 1467 342 1498 1000
366 1468 527 1510 potuisse.
571 1469 625 1501 Ac
647 1469 798 1512 primum
823 1469 960 1510 quidem
982 1470 1176 1501 rectissume
1201 1470 1401 1501 Garatonius
1424 1469 1512 1500 inter
1535 1470 1650 1513 inquit
1672 1476 1704 1500 et
1724 1470 1895 1513 putabam
1917 1482 2041 1502 nomen
2064 1471 2136 1504 Ni-

268 1533 368 1553 caeae
390 1532 487 1563 posse
509 1521 613 1564 recipi
636 1522 780 1564 negauit.
826 1523 963 1555 Nullast
986 1523 1076 1554 enim
1098 1523 1389 1565 paucissumorum
1412 1522 1562 1553 codicum
1583 1522 1738 1562 illorum,
1771 1523 1828 1565 qui
1850 1523 1989 1563 habent,
2019 1529 2136 1555 aucto-

267 1574 360 1605 ritas.
405 1574 567 1614 Accedit,
598 1575 686 1616 quod
709 1575 830 1614 uerba,
862 1575 982 1616 quibus
1008 1575 1120 1615 100115,
1150 1576 1185 1607 111
1211 1588 1276 1618 quo
1302 1588 1337 1607 se
1360 1574 1462 1607 fuisse
1484 1575 1676 1606 Laterensis
1698 1575 1845 1615 dixerat,
1878 1576 2134 1615 describebatur,

268 1626 445 1658 manifesto
471 1627 566 1669 sequi
589 1634 666 1670 post
688 1628 791 1659 uerba
811 1628 977 1671 putabam
1003 1629 1038 1660 ia
1069 1628 1232 1661 Uaccaeis
1261 1630 1437 1661 dicturum
1461 1627 1598 1666 debent,
1637 1634 1743 1668 certe,
1779 1628 1811 1659 id
1836 1629 1924 1670 quod
1945 1639 2059 1659 caecus
2080 1627 2136 1659 ui-

269 1681 343 1712 deat
367 1686 540 1719 necessest,
564 1681 659 1711 nullo
683 1688 778 1723 pacto
800 1681 981 1712 interiectis
1004 1681 1071 1712 illis
1092 1682 1259 1725 putabam
1273 1701 1315 1706 —
1332 1683 1508 1713 dicturum
1530 1681 1659 1723 seiungi
1682 1693 1701 1712 a
1718 1693 1753 1712 se
1773 1681 1920 1712 inuicem
1941 1686 2134 1724 potuerunt.

353 1734 474 1774 Neque
496 1744 578 1764 uero
604 1734 693 1775 quod
719 1734 886 1765 Lambino
913 1740 1049 1765 auctore
1073 1735 1223 1766 Orellius
1244 1734 1339 1774 fecit,
1367 1734 1424 1777 qui
1446 1745 1570 1764 nomen
1593 1734 1749 1766 ZVicaeae
1770 1741 1843 1777 post
1865 1735 1914 1766 bis
1936 1733 2074 1772 addidit,
2096 1733 2134 1764 in

270 1787 441 1828 Bithynia
471 1791 562 1816 ratus
595 1786 738 1826 glossam
770 1798 855 1826 esse,
892 1787 963 1818 ullo
986 1787 1088 1818 modo
1112 1787 1250 1830 probari
1272 1799 1368 1829 posse
1392 1787 1548 1818 concedo.
1594 1789 1683 1819 Nam
1707 1788 1768 1819 etsi
1791 1800 1891 1831 super
1915 1797 2039 1818 nomen
2059 1785 2133 1817 Ni-

271 1852 388 1877 caeae,
411 1839 438 1869 si
461 1838 580 1869 suisset
601 1850 620 1868 a
643 1838 805 1870 Cicerone
828 1839 1008 1882 scriptum,
1033 1840 1226 1882 explicandi
1248 1852 1360 1872 caussa
1383 1842 1419 1872 in
1440 1841 1612 1882 Bithynia
1633 1840 1732 1882 poni,
1763 1853 1866 1883 eaque
1888 1841 2013 1883 glossa,
2041 1837 2133 1879 quod

272 1891 401 1934 saepius
424 1890 565 1929 factum,
600 1902 671 1922 uox
700 1893 845 1933 genuina
871 1893 1044 1923 exturbari
1066 1893 1196 1934 potuit,
1233 1900 1345 1925 tamen
1369 1894 1519 1937 primum
1542 1900 1677 1936 recepto
1701 1906 1740 1925 eo
1764 1893 1901 1925 nomine
1924 1891 2000 1934 quid
2022 1891 2134 1922 lucre-

272 1956 367 1983 mur,
391 1944 478 1975 nihil
499 1943 668 1985 intellego.
714 1945 818 1976 Recte
842 1945 931 1976 enim
954 1946 1086 1977 monuit
1109 1947 1323 1986 Garatonius,
1348 1952 1595 1977 commemorata
1618 1947 1776 1989 Bithynia
1798 1945 1966 1977 neminem
1987 1942 2133 1986 potuisse

274 1997 405 2035 mirari,
431 1995 521 2038 quod
543 1996 579 2026 111
602 1997 816 2038 sequentibus
840 1998 965 2030 Nicaea
991 2010 1067 2029 cum
1090 1999 1214 2030 Rhodo
1239 2006 1449 2042 conparetur.
1495 1999 1645 2039 Deinde,
1670 2011 1753 2041 quae
1774 2011 1826 2030 res
1849 2007 2007 2029 maxume
2029 1996 2134 2037 inpu-

274 2049 314 2080 lit
337 2049 522 2088 Orellium‚
557 2055 593 2080 ut
621 2061 746 2081 nomen
769 2051 925 2084 Nicaeae
954 2052 1201 2083 restituendum
1229 2052 1464 2088 arbitraretur,
1502 2051 1529 2083 si
1552 2052 1855 2084 adnominationem
1882 2049 2047 2091 quandam
2075 2049 2132 2080 lu-

275 2113 415 2142 sumque
437 2102 621 2133 uerborum
646 2103 762 2134 Cicero
786 2104 841 2134 hic
865 2104 1062 2146 quaesisset,
1098 2105 1250 2147 profecto
1281 2105 1410 2137 formae
1445 2106 1608 2138 Uaccaeis
1643 2116 1765 2136 nomen
1798 2103 1944 2134 eiusdem
1967 2101 2132 2133 termina-

275 2153 376 2185 tionis
398 2155 601 2196 respondere
624 2161 656 2187 et
679 2157 806 2199 populo
830 2157 976 2199 populus
1003 2158 1129 2200 opponi
1152 2158 1301 2190 debebat.
1346 2160 1417 2190 Iani
1440 2170 1522 2189 uero
1544 2158 1699 2196 Nicaeis,
1724 2167 1806 2197 quae
1826 2156 1896 2186 sola
1918 2155 2028 2187 forma
2049 2166 2132 2186 con-

276 2212 411 2250 grueret
434 2218 508 2237 011111
539 2209 723 2247 Uaccaeis,
750 2209 851 2240 scribi
880 2221 948 2240 11011
973 2217 1099 2252 potest,
1135 2223 1211 2242 cum
1238 2212 1327 2242 ciucs
1358 2212 1449 2243 illius
1478 2211 1571 2242 urbis
1602 2221 1670 2240 non
1692 2209 1820 2242 Nicaei
1851 2214 1900 2240 set
1922 2208 2130 2241 Nicaeenses

277 2265 310 2290 et
331 2258 489 2302 appellati
513 2261 578 2291 sint
601 2261 674 2302 (cfr.
703 2262 771 2293 Cic.
795 2262 836 2293 ad
859 2263 940 2294 Diu.
963 2264 1066 2303 XIII,
1092 2264 1157 2305 61.)
1180 2270 1213 2295 et
1235 2265 1399 2307 appellari
1421 2263 1606 2295 debuerint.
1649 2262 1757 2293 Innno
1782 2273 1823 2292 ex
1847 2261 1958 2292 uerbis
1981 2262 2017 2293 in
2041 2261 2131 2293 Uac-

276 2313 367 2344 caeis
388 2311 467 2342 illut
488 2311 595 2344 denuo
619 2315 853 2355 confirmatur,
876 2316 1028 2346 minume
1051 2316 1261 2348 sollicitanda
1283 2317 1387 2348 uerba
1409 2317 1446 2348 itz
1466 2316 1636 2358 Bithynia
1659 2327 1737 2353 esse,
1762 2326 1837 2345 cum
1861 2314 1924 2345 hoc
1945 2319 2034 2344 certe
2055 2324 2130 2344 ma-

277 2376 381 2397 xume
402 2364 575 2408 probabile
597 2366 655 2405 sit,
697 2368 910 2409 Ciceronem,
950 2369 977 2400 si
1000 2369 1112 2411 aliqua
1133 2369 1236 2400 modo
1262 2369 1393 2401 ratione
1416 2368 1488 2399 fieri
1512 2369 1624 2411 potuit
1645 2368 1809 2412 (potuisse
1831 2373 1941 2398 autem
1964 2365 2038 2396 fieri
2061 2365 2128 2396 iam
