2264 2746
290 64 349 93 XC
955 52 1485 82 PROLEGOMENA.

291 137 430 168 curulem
449 144 480 162 se
500 133 614 161 factum
633 130 674 159 iri
693 127 848 167 sperabat,
878 125 1108 155 differebantur.
1147 127 1312 156 Praeterea
1329 127 1456 157 nolebat
1473 127 1561 167 prius
1586 128 1704 167 aliquid
1722 128 1760 157 ad
1780 129 1963 158 Ciceronem
1982 130 2158 158 litterarum

293 188 373 221 (lare,
394 192 481 222 quam
501 180 599 218 ipsum
620 181 721 216 posset
741 174 905 203 certiorem
924 173 1062 210 reddere,
1083 180 1188 203 utrum
1207 175 1306 204 factus
1325 185 1364 203 an
1383 176 1569 214 praeteritus
1590 182 1676 205 esset.
1716 177 1823 216 Itaque
1848 177 1886 205 ad
1905 177 2058 205 Kalendas
2079 178 2159 205 Sex-

293 235 358 264 tilis
384 240 480 269 usque
507 228 736 265 expectaueram
763 232 889 261 sperans
916 221 1082 258 uidelicet,
1109 222 1193 258 fore,
1221 227 1257 251 ut
1284 226 1355 250 ante
1383 222 1456 251 illut
1482 228 1601 263 tempus
1628 225 1753 254 comitia
1779 235 1833 253 sua
1851 224 1957 253 habita
1976 229 2086 252 essent.
2125 223 2161 252 Id

294 283 394 321 ipsum
415 288 481 307 cum
502 283 624 312 sperare
645 282 713 299 enm
733 280 794 298 non
821 269 960 308 potuisse
988 270 1204 308 intellegatur,
1238 269 1301 298 nisi
1328 269 1506 308 legitumum
1533 272 1729 301 comitiorum
1757 272 1970 301 aedificiorum
1990 277 2109 310 tempus
2129 271 2163 299 in

295 337 428 358 mensem
449 321 638 360 Quinctilem
659 318 834 352 incidisset,
862 328 919 355 pro
941 317 1103 356 explorato
1124 318 1184 346 iam
1204 317 1367 353 habemus,
1393 319 1585 348 sollemniter
1606 325 1744 348 extremo
1765 330 1869 348 mense
1889 320 2046 357 Quinctili
2066 319 2163 348 comi-

295 378 338 406 tia
357 372 506 403 aedilibus
535 367 693 396 curulibus
720 364 859 393 creandis
880 363 983 393 habita
1003 375 1078 394 esse.
1117 365 1201 393 Uide
1227 365 1321 394 etiam
1340 365 1431 395 Uarr.
1452 367 1489 395 de
1510 367 1546 395 R.
1568 367 1605 395 R.
1626 367 1690 404 ΙΙΙ,
1710 377 1735 396 2.
1767 369 1905 397 comitiis
1924 368 2078 396 aediliciis
2097 377 2167 396 cum

295 426 378 453 Sole
406 417 521 448 valdo
549 420 615 442 CtC..

372 468 488 496 serum
516 462 687 490 accuratius
716 460 808 489 etiam
837 461 959 489 ostendi
978 465 1098 499 potest,
1129 460 1213 489 intra
1239 460 1321 499 quod
1346 466 1467 500 tempus
1495 462 1620 491 comitia
1644 462 1787 491 aedilicia
1813 462 1919 491 habita
1938 463 2009 491 sint.
2049 463 2167 491 Scimus

297 519 395 549 enim,
415 513 547 552 primum
567 509 692 538 comitia
710 509 845 537 tribunis
864 509 907 547 pl.
927 508 1068 537 creandis
1088 508 1194 537 habita
1213 518 1296 545 esse,
1317 518 1412 548 eaque
1431 510 1464 538 in
1483 521 1509 538 a,
1530 510 1559 539 d,
1578 510 1670 538 XVI.
1691 510 1845 540 Kajendas
1864 511 1991 540 Sextius
2011 510 2167 538 incidisse,

298 566 369 595 uid.
391 562 455 590 Cic.
475 559 513 587 ad
532 558 597 585 Att.
619 557 650 592 I,
673 567 713 586 1.:
741 559 808 586 Nos
829 563 932 585 antem
951 559 1079 585 initium
1094 557 1269 594 prensandi
1284 557 1400 595 facere
1427 560 1637 596 cogitaramus
1665 568 1696 585 eo
1723 560 1791 596 ipso
1818 565 1967 597 tempore,
1995 568 2054 597 quo
2079 564 2171 587 tuum

293 620 426 653 puerum,
446 617 515 636 cum
541 605 590 633 his
616 605 729 633 litteris
751 605 910 642 proficisci
930 606 1055 634 Cincius
1082 604 1220 640 (licebat,
1257 607 1291 633 in
1311 615 1418 642 campo
1438 606 1571 633 comitiis
1597 604 1774 634 tribuniciis
1792 617 1822 635 a.
1842 607 1871 635 d.
1892 607 1985 635 XVI.
2005 606 2076 634 Kal.
2095 604 2171 633 Sex-

298 662 374 689 tilis.
412 657 510 685 Porro
531 657 596 681 tum
617 662 655 680 ex
674 652 832 690 principio
853 652 908 680 illo
930 652 1060 680 actionis
1080 652 1198 691 primae
1219 653 1252 680 in
1272 653 1420 689 Uerrem,
1451 658 1516 681 tum
1537 663 1576 681 ex
1595 654 1639 681 Μ.
1659 653 1746 681 Caeli
1766 653 1897 691 epistola
1916 653 1969 682 illa
1988 657 2171 692 conpertum

298 708 460 739 bubeium,
481 700 607 730 comitia
625 699 798 728 consularia
817 700 1050 738 praetoriaque,
1081 711 1156 738 quae
1176 706 1246 739 post
1267 700 1433 729 tribunitia
1452 700 1660 736 habebantur,
1680 705 1750 729 ante
1770 701 1894 729 comitia
1913 701 2058 730 aedilium
2078 711 2172 740 curu—

297 757 373 785 lium
393 751 496 781 habita
516 758 591 777 esse.
630 747 747 776 Scribit
774 747 856 775 enim
878 746 987 775 Cicero
1015 747 1049 775 in
1077 748 1132 776 illo
1163 749 1295 778 actionis
1323 749 1440 788 primae
1460 748 1612 776 Uerrinae
1640 748 1798 787 principio
1821 749 1854 777 C.
1875 749 1964 778 VIII.
1984 747 2011 789 §.
2031 750 2093 778 23.:
2123 749 2172 777 Ex

298 802 408 842 quibus
429 796 630 837 (diuisoribus
651 794 789 823 omnium
808 793 959 833 tribuum)
981 796 1126 833 quidam,
1147 799 1201 834 qui
1219 808 1250 825 se
1269 800 1374 826 omnia
1394 807 1461 825 mea
1481 807 1592 825 caussa
1612 796 1719 824 dehere
1738 796 1972 833 arbitrabatur,
1992 797 2098 825 eadem
2116 797 2174 826 illa

297 857 385 879 nocte
404 848 447 876 ad
465 857 511 874 me
530 845 617 872 uenit
624 853 636 877 ,·
656 843 855 876 demonstrat,
877 853 938 881 qua
959 845 1016 870 isle
1034 841 1177 882 (Uerres)
1198 846 1337 873 oratione
1358 855 1431 872 usus
1452 849 1526 872 esset
1537 855 1545 869 .·
1566 854 1804 872 commemorasse
1822 845 1927 880 ianm,
1947 854 2040 882 quam
2058 844 2172 873 libera-

299 901 369 928 litor
390 905 438 925 eos
458 896 621 922 tractasset
647 892 741 918 etiam
761 897 871 926 antea,
902 901 970 918 eum
997 892 1063 928 ipse
1085 897 1273 929 praaearam
1294 893 1440 929 petisset,
1471 897 1499 919 et
1520 894 1685 928 proxumis
1712 891 1928 920 consularibus
1949 894 2175 931 praetoriisque

299 945 450 976 eomitiis;
476 939 588 968 deinde
609 939 754 966 continuo
783 948 844 966 esse
867 938 1046 974 pollicitum
1074 945 1225 976 quantam
1252 940 1368 968 uellent
1388 940 1573 976 pecuniam,
1599 941 1692 967 sime
1720 940 1883 967 aedilitate
1901 939 2086 967 deiecissent.
2125 939 2176 968 Ad

299 1002 390 1032 quem
409 991 527 1022 locum,
554 985 586 1014 id
606 984 688 1024 quod
708 995 796 1014 nemo
817 996 880 1014 nou
901 989 1010 1024 sponte
1030 995 1069 1013 ex
1089 987 1193 1015 uerbis
1215 986 1376 1016 Ciceronis
1397 986 1547 1024 perspicit
1566 986 1831 1015 Pseudoascouius
1850 986 1986 1014 monuit:
2007 993 2080 1025 post
2101 998 2174 1015 con-

299 1040 421 1068 salaria
441 1038 524 1065 enim
543 1041 571 1063 et
586 1035 751 1072 praetoria
770 1035 895 1062 comitia
915 1033 1062 1061 aedilicia
1081 1034 1296 1071 sequebantur.
1334 1034 1441 1071 Itaque
1461 1032 1521 1061 hoc
1541 1033 1755 1062 certissumum
1775 1033 1834 1061 iam
1855 1038 1918 1069 est,
1947 1034 2071 1063 comitia
2090 1033 2176 1062 aedi-

300 1088 381 1116 libus
402 1083 559 1114 curulibus
579 1081 718 1110 creandis
739 1091 839 1120 neque
859 1085 930 1109 ante
950 1079 1041 1108 XIIL
1063 1080 1132 1108 Kal.
1154 1082 1282 1111 Sextilis
1308 1090 1428 1119 neque,
1458 1080 1518 1109 uisi
1539 1090 1642 1109 morae
1663 1081 1809 1120 quaedam
1829 1079 1867 1109 iis
1887 1080 2077 1118 inciderant,
2105 1085 2175 1120 post

301 1134 370 1163 Kal.
393 1131 519 1161 Sextilis
547 1129 655 1158 haberi
676 1128 880 1157 consueuisse.

1130 1271 1158 1304 C
1178 1268 1209 1304 A
1224 1270 1264 1304 P.
1309 1270 1356 1304 V.

850 1367 1205 1409 GVASPARRIS
1255 1368 1635 1412 GARATONI

1068 1436 1418 1476 DIATRIBE1)

584 1511 656 1539 DE
696 1510 730 1539 C.
769 1510 929 1540 MARI
965 1508 1379 1539 MONUMENTO
1417 1508 1491 1537 AD
1532 1507 1900 1539 CICERONEM

899 1578 1013 1607 PRO
1052 1577 1295 1625 SEXTIO
1335 1577 1454 1606 CAP.
1493 1576 1593 1605 LIV.

852 1647 924 1676 ET
971 1646 1087 1675 PRO
1133 1645 1412 1675 PLANCIO
1459 1644 1633 1674 XXXII.

1212 1728 1240 1770 ς.
1263 1737 1288 1763 1.

383 1805 435 1832 An
461 1812 530 1831 cum
554 1806 664 1839 patres
691 1801 859 1837 conscripti
878 1801 933 1828 illo
959 1805 1084 1828 senatus
1110 1799 1268 1835 consulto,
1302 1799 1385 1838 quod
1409 1801 1444 1828 in
1469 1804 1662 1827 monumento
1682 1798 1775 1826 Man·
1790 1797 1920 1837 factum
1939 1802 2000 1834 est,
2028 1807 2087 1836 quo
2114 1807 2182 1827 mea

311 1852 394 1880 salus
413 1850 552 1879 omnibus
571 1854 615 1877 est
632 1846 778 1886 gentibus
798 1848 1020 1883 commendata,
1045 1849 1103 1875 uni
1123 1847 1222 1875 Cnaeo
1242 1849 1374 1876 Plancio
1391 1848 1516 1884 gratias
1536 1848 1672 1884 egerint,
1693 1850 1760 1873 etc..
1797 1859 1799 1862 ⁴

386 1898 435 1926 De
455 1897 568 1935 insigni
588 1896 647 1924 hoc
666 1900 866 1924 monumento
894 1895 933 1924 ad
952 1895 1129 1924 Sextianam
1149 1905 1212 1934 cap.
1232 1895 1278 1924 54.
1299 1900 1376 1924 extr.
1389 1893 1413 1933 ²)
1432 1904 1529 1934 pauca
1555 1894 1631 1923 Olim
1655 1893 1789 1923 diximus
1796 1903 1805 1930 3
1832 1892 1923 1931 plura
1949 1892 2061 1922 deinde
2087 1893 2181 1923 Otiosi

390 2028 409 2060 ¹)
428 2027 591 2059 Deprompta
609 2025 675 2049 haec
694 2024 823 2050 Garatoni
841 2024 953 2050 diatribe
971 2032 1003 2049 ex
1023 2023 1099 2048 Curis
1117 2023 1174 2048 eius
1191 2022 1328 2048 Secundis.
1346 2023 1449 2049 Bonon.
1467 2021 1656 2049 MDCCCXV.
1677 2030 1703 2055 p.
1725 2028 1769 2046 101
1789 2033 1824 2040 ·-·
1843 2020 1901 2046 114.
1934 2020 2102 2047 Conferenda
2121 2029 2179 2046 cum

313 2074 363 2099 hac
386 2073 424 2097 M.
452 2070 551 2104 Birgeri
576 2069 702 2094 Thorlaci
726 2068 848 2094 Prolusio
873 2078 942 2095 anno
971 2067 1046 2093 1806.
1079 2067 1175 2101 scripta
1201 2068 1233 2092 de
1256 2067 1332 2094 Aede
1357 2068 1476 2095 Honoris
1499 2073 1582 2102 atque
1611 2066 1730 2092 Uirtutis
1753 2064 1827 2099 apud
1843 2066 1990 2092 Romanos.
2024 2065 2126 2092 Inserta
2151 2073 2182 2091 ea

315 2117 455 2151 Opusculis
474 2116 529 2140 eius
548 2114 723 2140 Academicis.
758 2114 887 2140 Hauniae.
909 2112 985 2139 1806.
1004 2112 1066 2138 Uol.
1085 2111 1106 2137 I.
1124 2121 1150 2145 p.
1173 2120 1218 2145 177
1236 2125 1272 2132 —-
1291 2112 1357 2145 187..

394 2162 413 2193 Β)
434 2158 592 2185 Garatonius
611 2158 642 2183 ad
662 2166 703 2183 or.
721 2156 793 2184 Sext.
813 2168 836 2185 c.
854 2159 896 2188 54,
914 2169 940 2193 p.
956 2158 1014 2183 224.
1033 2157 1099 2182 haec
1118 2157 1268 2182 adnotauit:
1285 2157 1364 2189 „Non
1383 2157 1501 2182 Uirtutis
1518 2161 1628 2188 tantum,
1644 2160 1684 2181 set
1701 2154 1820 2180 Honoris
1832 2155 1950 2181 Uirtutis
1967 2154 2062 2181 aedem
2080 2154 2111 2181 C.
2124 2154 2185 2179 Ma-

315 2209 369 2233 rius
387 2208 502 2236 fecerat,
520 2203 640 2228 tradente
659 2203 739 2227 Festo
759 2212 784 2235 p·
802 2203 863 2229 545.
884 2203 926 2228 ed.
944 2202 1072 2234 Amstel.‚
1095 2211 1161 2236 quae
1180 2202 1328 2227 nominatur
1346 2197 1386 2226 bis
1405 2211 1420 2226 a
1438 2201 1561 2226 Uitruuio
1578 2201 1630 2233 111,
1651 2209 1674 2227 1.
1702 2205 1729 2225 et
1746 2201 1855 2234 praefat.
1873 2199 1921 2225 h'h.
1941 2199 2001 2225 vn.
2020 2204 2047 2225 et
2063 2200 2091 2225 in
2108 2201 2184 2224 utro*

316 2261 367 2286 que
394 2250 477 2276 uerbo
502 2247 570 2273 ludit
595 2247 730 2271 manifesto
750 2247 855 2273 Cicero.
892 2247 1051 2273 Consulatur
1075 2247 1153 2272 etiam
1172 2246 1206 2271 D.
1225 2242 1384 2279 Augustinus
1402 2245 1436 2271 V.
1455 2245 1489 2270 de
1509 2245 1567 2271 Ciu.
1585 2245 1638 2270 Dei
1660 2253 1709 2270 12..
1746 2244 1838 2270 Codex
1856 2244 1917 2271 Car.
1935 2243 2028 2279 Steph.
2054 2253 2110 2270 cum
2127 2243 2185 2269 Pal.

316 2295 366 2321 lx.
385 2293 521 2323 consentit,
541 2291 672 2316 scribens:
697 2290 726 2315 in
744 2291 843 2324 templo
861 2292 980 2317 Honoris
1004 2292 1086 2316 honos
1110 2290 1227 2316 habitus.
1264 2290 1334 2324 Quia
1359 2290 1462 2316 scilicet
1488 2290 1541 2315 duo
1566 2289 1613 2314 illa
1636 2289 1740 2315 nomina
1764 2298 1816 2315 uno
1835 2289 1869 2314 de
1886 2290 1986 2324 templo
2004 2288 2186 2324 displicebant,

317 2339 392 2365 multi
409 2346 500 2365 unum.
522 2342 561 2361 set
579 2337 605 2361 in
625 2336 664 2360 his
683 2336 727 2360 alii
747 2336 810 2361 aliut
830 2337 980 2362 omiserunt.
1016 2337 1110 2370 Neque
1130 2339 1327 2361 monumentum
1347 2333 1437 2365 ,Mari,
1462 2333 1534 2365 siue,
1559 2339 1588 2358 ut
1606 2333 1667 2366 alii,
1693 2338 1881 2367 monumenta,
1907 2334 1986 2360 fuisse
2005 2334 2068 2360 aliut
2086 2333 2186 2358 exiam‘-

320 2394 390 2416 mes,
408 2392 485 2417 quam
503 2381 648 2407 latericiam
668 2381 742 2406 istam
762 2380 880 2405 Honoris
900 2386 926 2406 et
949 2381 1068 2407 Uirtutis
1086 2381 1195 2413 aedem,
1213 2381 1246 2406 de
1265 2379 1410 2411 manubiis,
1427 2383 1456 2403 ut
1473 2377 1567 2412 fiebat,
1587 2382 1745 2411 extructam,
1762 2378 1789 2404 in
1807 2387 1857 2412 qua
1875 2383 1986 2413 tropaea
2003 2379 2036 2405 de
2053 2377 2186 2412 Iugurtha,
