2264 2746
600 156 626 186 C
644 157 673 185 A
692 157 734 186 P.
774 155 932 185 XXVIII.
960 154 988 195 §.
1015 159 1060 188 68.
1082 172 1119 178 —
1139 155 1267 185 XXIX.
1294 155 1322 196 §.
1342 162 1387 190 69.
1873 162 1924 191 181

138 231 168 273 §.
193 232 244 274 69.
290 232 423 272 Quibus
454 231 546 264 nihil
570 237 685 276 potest
714 244 785 263 esse
816 230 1015 272 iucundius)
1058 232 1170 271 Mihi,
1209 231 1299 274 quod
1323 232 1412 264 codd.
1434 230 1589 263 nonnulli
1611 230 1699 263 inter
1721 231 1802 262 haec
1823 232 1925 264 uerba

53 284 191 323 addunt,
216 291 354 327 propter
379 284 534 323 uarium,
564 295 665 327 quem
687 290 842 327 occupat,
870 284 981 314 locum
1007 283 1160 315 omittere
1182 284 1292 315 debui.

138 338 253 379 Quam
273 349 336 381 pro
361 338 509 370 Plancio
524 335 639 381 facio)
682 336 823 368 Uidetur
851 336 1045 378 legendum,
1082 349 1186 380 quam
1207 338 1305 381 'quod
1320 350 1388 381 pro
1410 337 1556 369 Plancio
1570 335 1682 381 facio.
1718 336 1924 368 LAMBINFS.

54 389 189 422 Habent
214 390 245 421 id
269 390 380 433 ipsum
402 390 447 429 B,
472 390 519 429 E,
544 395 576 420 et
596 390 661 428 Le,
685 394 948 431 receperuntque
970 388 1090 420 merito
1115 389 1298 430 Graeuius,
1328 389 1584 430 Lallemandus,
1618 395 1648 421 et
1673 389 1832 421 suadente
1855 389 1927 421 Ga-

53 442 183 474 ratonio
205 442 365 474 Orellius.
410 441 480 474 Cfr.
504 441 634 483 Proleg.
660 442 701 473 L.
726 443 767 473 II.
795 442 832 473 C.
856 442 881 472 I.
907 441 936 482 §.
964 442 1011 472 16.
1035 453 1068 483 p.
1092 442 1188 474 LV..

138 495 358 528 ]lIeminerim
379 511 420 520 —
446 493 618 537 recorder)
660 494 922 527 Adtendendum
951 492 992 523 ad
1023 492 1202 525 discrimen
1232 494 1356 526 horum
1382 495 1565 527 uerborum
1590 502 1652 533 est,
1690 494 1731 526 de
1754 506 1819 536 quo
1841 494 1926 526 bene

55 547 213 590 exposuit
235 546 431 579 Ludouicus
454 547 675 586 Doederlein,
710 547 810 578 huius
836 545 902 578 loci
923 556 992 576 non
1014 545 1198 587 inmemor,
1236 547 1271 578 in
1294 548 1400 587 libro,
1425 549 1517 580 cuius
1541 549 1673 580 titulus:
1712 547 1925 579 Lateinische

53 600 252 642 Synonyme
274 599 343 631 und
368 599 625 642 Etymologieen
652 612 685 643 p.
713 601 770 631 166
793 610 883 641 sqq..

141 651 319 695 Opimium
350 653 578 696 dampnatum
606 666 676 685 esse
703 650 945 692 commemoras)
991 649 1060 682 Csr.
1090 662 1152 693 pro
1178 653 1285 684 Sestio
1317 654 1354 684 C.
1384 653 1533 686 LXVII.
1566 654 1596 695 §.
1630 655 1699 686 140.
1727 654 1762 684 in
1788 654 1830 685 L.
1862 653 1925 685 Pis.

54 705 92 736 C.
114 704 288 736 XXXIX.
314 705 344 746 ς.
369 706 420 747 95.
447 705 488 736 de
512 706 572 737 Or.
596 707 639 746 II,
663 706 719 744 25,
747 704 815 736 106.
843 703 879 734 in
903 703 1001 735 Catil.
1024 704 1074 741 II,
1099 714 1135 742 2,
1160 705 1209 736 4..

137 758 356 790 Seraatorem
380 759 494 802 ipsum
516 759 568 790 rei
587 756 760 802 publicae)
804 756 1025 788 Periclitantis
1049 755 1090 787 ob
1113 756 1202 799 leges
1226 757 1382 789 Gracchi.
1409 758 1622 790 MANUTIUS.
1667 760 1822 790 Ceterum
1844 771 1926 802 pro-

52 821 179 842 nomen
210 810 324 853 ipsum
352 810 482 842 addidit
505 812 654 851 Cassius,
690 811 777 854 quod
800 811 840 842 L.
865 809 1041 851 Opimius,
1080 821 1179 851 quem
1202 810 1338 842 Plancio
1368 811 1527 853 opponit,
1563 822 1632 842 non
1653 823 1714 854 per
1736 812 1858 852 alium,
1890 815 1927 843 ut

52 862 208 894 Plancius
232 862 344 893 fecerit
370 863 540 895 Ciceronis
563 865 702 895 salutem
725 874 941 900 conseruatis,
966 868 1014 893 set
1039 861 1110 904 ipse
1132 874 1203 894 rem
1226 863 1396 906 publicam
1423 864 1679 895 conseruauerit.

138 915 240 956 Quod
266 927 372 958 neque
403 916 563 959 Opimius
593 934 635 941 —
668 928 775 960 neque
801 915 842 955 Q.
872 915 1022 956 Metelli)
1068 916 1254 957 Utrobique
1283 916 1337 946 dat
1372 927 1479 958 neque
1507 917 1608 950 Bau..
1652 916 1777 955 Probo,
1822 924 1852 948 et
1880 917 1927 949 est

53 967 165 1011 priore
187 968 279 1007 loco,
312 968 420 999 uocali
445 975 619 1012 sequente,
650 975 897 1012 opportunum:
933 968 1038 998 altero
1062 974 1171 998 autem
1196 968 1330 1007 malim,
1364 980 1471 1010 neque
1492 969 1628 1001 Metelli
1649 969 1817 1001 Calidius.
1851 970 1927 1001 GA-

52 1029 253 1052 RATONIUs.
299 1021 463 1052 Garatoni
493 1021 718 1053 coniecturam
749 1031 951 1063 quamquam
985 1018 1159 1052 confirmat
1186 1020 1409 1059 Erfurtensis‚
1446 1026 1556 1052 tamen
1587 1033 1625 1054 eo
1654 1022 1758 1063 magis
1780 1021 1927 1065 recipere

53 1073 221 1112 dubitaui,
258 1085 324 1115 quo
350 1073 479 1105 facilius
500 1074 617 1105 librari
645 1085 757 1106 errore
780 1084 823 1104 ex
847 1084 908 1104 nec
935 1086 967 1116 q.
995 1072 1067 1103 fieri
1092 1085 1199 1117 neque
1226 1073 1346 1116 potuit.
1390 1073 1506 1115 Atque
1528 1074 1617 1106 hunc
1642 1074 1755 1117 ipsum
1779 1085 1927 1106 errorem

53 1125 185 1158 admisit
207 1125 363 1158 librarius
393 1126 461 1158 cod.
484 1126 558 1158 Erf.
588 1128 625 1158 C.
649 1126 786 1159 XXIX.
818 1137 880 1168 pro
900 1131 1039 1168 petente
1064 1125 1105 1165 Q.
1128 1126 1275 1157 scribens
1293 1131 1509 1170 petenteque.
1553 1128 1673 1169 Neque
1699 1134 1811 1159 tamen
1832 1128 1926 1168 Bau„

54 1179 112 1221 qui
142 1189 218 1210 cum
239 1177 310 1209 Erf.
341 1191 448 1222 neque
477 1179 609 1218 scribit,
641 1191 725 1211 num
758 1178 943 1210 seruauerit
971 1179 1030 1218 Q.,
1066 1184 1155 1209 certo
1184 1179 1316 1210 scimus.
1361 1179 1451 1210 Eum
1481 1179 1508 1210 si
1539 1180 1579 1220 Q.
1613 1180 1769 1212 omittere
1796 1181 1925 1222 scirem,

56 1231 243 1263 Garatonio
267 1231 406 1262 omnino
429 1231 652 1272 adsentirem,
683 1243 760 1263 cum
785 1231 927 1274 expulso
956 1242 995 1262 eo
1018 1230 1127 1262 maior
1148 1232 1381 1263 membrorum
1403 1231 1586 1273 aequalitas
1609 1233 1742 1266 existat.
1786 1235 1926 1267 Interim

55 1284 160 1316 satius
185 1283 286 1323 duxi,
311 1290 444 1315 tantum
467 1298 576 1330 neque
597 1297 640 1317 ex
664 1285 690 1316 B
715 1291 746 1316 et
768 1284 796 1316 E
820 1285 1010 1316 restituere.

139 1338 208 1369 Suo
231 1336 378 1376 nomine)
424 1337 493 1378 Qui
519 1338 589 1380 ipse
615 1349 688 1369 rem
710 1337 881 1380 publicam
904 1342 1141 1369 conseruasset.

139 1390 264 1433 ZVeque
285 1390 327 1430 Q.
351 1390 487 1422 Metelli
510 1390 679 1433 Calidius)
723 1391 802 1422 Non
833 1390 907 1421 ideo
935 1390 1094 1422 liberatus
1120 1388 1286 1430 Calidius,
1321 1391 1399 1433 quia
1424 1403 1482 1423 sua
1505 1391 1578 1433 lege
1601 1391 1778 1424 Metellum
1800 1393 1840 1424 ab
1863 1404 1926 1424 ex-

56 1442 112 1474 ilio
136 1449 332 1473 reuocasset.
376 1443 453 1474 Hoc
475 1442 679 1484 significabat
702 1443 850 1482 Cassius,
889 1454 1092 1485 quamquam
1114 1442 1227 1473 Planci
1250 1454 1369 1485 magna
1395 1444 1512 1475 merita
1541 1444 1577 1475 in
1605 1444 1800 1476 Ciceronem
1831 1452 1926 1477 exta-

54 1502 144 1534 rent,
174 1506 243 1526 non
266 1495 339 1526 ideo
362 1501 472 1526 tamen
496 1506 573 1526 eum
596 1494 725 1527 absolui
747 1496 882 1535 debere,
913 1507 989 1527 cum
1010 1508 1071 1527 nec
1095 1496 1270 1538 Opimius,
1302 1497 1351 1528 rei
1374 1497 1526 1539 publicae
1549 1503 1713 1536 seruator,
1747 1509 1808 1528 nec
1829 1498 1925 1530 resti-

54 1555 147 1581 tutor
170 1547 300 1580 Metelli
328 1548 475 1579 Calidius
505 1547 646 1579 absoluti
675 1547 800 1580 iudicio
831 1548 908 1579 sint.
942 1548 1155 1580 llsIANUTlUS.
1200 1549 1308 1580 [mmo
1335 1550 1399 1581 hoc
1424 1550 1554 1582 Cassius
1577 1549 1672 1582 dicit:
1708 1550 1801 1582 Licet
1824 1551 1926 1582 Plan-

55 1602 125 1633 cius
148 1600 278 1643 egregie
300 1600 339 1630 de
361 1601 465 1631 salute
487 1607 543 1631 tua
564 1599 704 1630 meritus
726 1600 780 1639 sit,
812 1606 924 1631 tamen
946 1612 1014 1631 non
1041 1607 1088 1632 est
1108 1601 1363 1644 postulandum,
1394 1608 1429 1633 ut
1453 1608 1629 1644 propterea
1650 1602 1798 1633 criminis
1819 1603 1926 1635 alicu-

55 1655 107 1687 ius
131 1653 300 1685 conuictus
330 1653 466 1696 inpunis
489 1664 532 1684 ex
559 1652 684 1683 iudicio
715 1652 867 1683 discedat.
914 1653 968 1684 Sic
991 1653 1088 1684 etiam
1114 1655 1155 1686 L.
1181 1654 1338 1697 Opimius
1362 1662 1391 1686 et
1415 1655 1458 1697 Q.
1483 1654 1628 1686 Calidius
1650 1661 1788 1697 propter
1809 1668 1866 1687 sua
1888 1659 1926 1688 in

55 1718 127 1740 rem
153 1705 319 1748 publicam
341 1706 461 1738 merita
482 1717 551 1738 non
573 1705 608 1736 id
630 1711 706 1737 sunt
729 1705 910 1747 consecuti,
948 1712 985 1737 ut
1012 1717 1172 1749 poenam,
1214 1718 1278 1750 qua
1307 1719 1341 1739 se
1363 1708 1486 1739 scelere
1509 1707 1654 1750 quodam
1676 1708 1790 1750 dignos
1815 1710 1925 1741 reddi-

55 1760 186 1798 derant,
213 1758 407 1802 effugerent.

817 1848 845 1881 C
871 1846 903 1882 A
928 1849 975 1882 Ρ.
1023 1849 1163 1882 XXIX.

141 1921 277 1965 Populo
299 1921 344 1952 R.
367 1919 591 1963 supplicasse)
635 1920 681 1952 Ut
704 1919 747 1960 Q.
771 1919 901 1952 Calidio
924 1927 1115 1963 praeturam
1141 1920 1298 1951 deferret.

142 1974 228 2006 Cum
256 1975 392 2018 quidem
420 1985 486 2004 non
510 1971 682 2003 dubitaret
714 1977 746 2003 et
769 1973 888 2004 consul
909 1979 941 2004 et
964 1974 1061 2005 homo
1083 1973 1325 2005 nobilissumzcs
1341 1978 1531 2016 patronum
1553 1972 1654 2004 illum
1675 1984 1746 2005 esse
1767 1985 1869 2005 suum
1890 1979 1923 2006 et

49 2026 215 2071 familiae
246 2039 328 2058 sicae
360 2026 600 2058 nobilissumae
628 2024 754 2066 dicere)
798 2024 991 2067 Elegantius
1021 2025 1146 2057 abesset
1175 2037 1245 2057 esse
1274 2032 1304 2056 et
1327 2025 1578 2057 nobilissumae.
1621 2025 1696 2057 Hoc
1719 2025 1851 2067 quidem
1874 2032 1923 2058 est

58 2078 258 2119 absurdum,
292 2078 320 2110 si
343 2091 413 2111 esse
436 2089 553 2109 uerum
578 2083 634 2108 est.
680 2078 769 2109 Nam
793 2077 949 2109 Metellus
975 2078 1108 2119 quidem
1137 2078 1208 2121 ipse
1237 2089 1303 2109 non
1330 2078 1450 2109 dixerit
1478 2089 1572 2109 suam
1594 2077 1756 2109 familiam
1781 2078 1923 2110 nobilis-

59 2144 203 2165 snmam.
248 2131 385 2174 Scripsit
408 2131 541 2163 Cicero:
579 2143 645 2162 noti
668 2129 842 2162 dubitaret
873 2136 906 2161 et
928 2132 1047 2162 consul
1070 2137 1102 2162 et
1125 2132 1221 2163 homo
1244 2130 1485 2162 nobilissumus
1499 2137 1689 2175 patronum
1711 2137 1744 2163 et
1765 2144 1865 2163 suum
1890 2137 1922 2163 et

51 2184 218 2228 familiae
239 2196 320 2217 suae
346 2185 466 2216 dicere.
500 2184 724 2215 Eansnrs.
770 2183 947 2225 Optumast
969 2183 1071 2215 celeb.
1094 2183 1225 2214 Ernesti
1250 2182 1447 2214 coniectura.
1488 2184 1569 2215 Bau.
1602 2185 1669 2226 [cui
1690 2183 1810 2215 accedit
1832 2183 1921 2225 Erf.]

59 2237 148 2269 male
172 2235 294 2267 omittit
315 2248 406 2268 suae.
450 2236 611 2267 Ernestus
634 2242 720 2267 recte
746 2235 844 2266 abicit
867 2235 1128 2274 nobilisszznzae;
1158 2235 1279 2266 melius
1306 2235 1403 2266 etiam
1425 2248 1495 2268 esse
1516 2236 1552 2267 in
1574 2242 1608 2269 et
1629 2242 1804 2268 conmutat.
1850 2238 1923 2268 Ne-

61 2301 126 2332 que
148 2296 258 2320 tamen
281 2287 409 2318 delendi
432 2289 673 2321 nobilis-smum
695 2294 834 2319 caussast
856 2288 930 2326 illa,
955 2300 1055 2329 quam
1077 2288 1196 2325 adfert,
1223 2287 1354 2327 idonea,
1381 2287 1471 2329 quod
1494 2288 1537 2320 ita
1558 2289 1652 2331 loqui
1673 2289 1829 2321 Metellus
1852 2289 1923 2331 ipse

59 2353 129 2374 non
155 2341 318 2372 debuerit.
362 2341 450 2372 Nam
473 2342 501 2373 si
523 2354 565 2373 ex
588 2354 622 2374 se
642 2341 759 2373 Cicero
783 2339 817 2371 id
843 2340 983 2371 uerbum
1006 2341 1173 2383 adposuit,
1209 2351 1276 2371 non
1300 2346 1367 2371 erat
1395 2341 1425 2371 ei
1448 2340 1650 2380 uerendum,
1688 2352 1730 2372 ne
1751 2341 1823 2383 quis
1846 2341 1922 2372 Me-

61 2395 140 2427 tello
163 2394 331 2426 tribueret.
377 2393 434 2424 Set
456 2391 539 2426 iusta
561 2400 718 2433 caussast,
743 2392 832 2435 quod
855 2394 951 2425 Ῑιοηιο
974 2393 1214 2425 nobilissumus
1236 2393 1424 2431 antecessit3
1457 2405 1499 2425 ex
1523 2405 1589 2436 quo
1612 2405 1680 2425 non
1702 2400 1832 2437 poterat
1852 2405 1921 2424 non

61 2446 230 2488 intellegi,
265 2445 355 2487 quali
379 2453 461 2477 esset
480 2446 539 2478 ille
560 2446 698 2478 familia.
744 2447 957 2487 Quamquam
979 2446 1194 2478 Metellorum
1218 2457 1341 2478 nomen
1363 2458 1429 2478 non
1453 2453 1521 2478 tam
1544 2446 1706 2485 familiae,
1739 2457 1837 2489 quam
1859 2457 1921 2478 no-
