2264 2746
301 70 338 99 75
959 57 1525 90 COMMENTARIUS.

391 142 421 183 ς.
448 138 496 172 13.
541 135 675 181 Inquit)
701 134 846 169 Uidetur
867 132 954 165 mihi
978 133 1112 178 inquiet
1133 133 1370 172 scribendum3
1400 133 1480 165 uide
1501 134 1733 167 antecedentia
1755 141 1788 167 et
1810 137 1993 179 sequentia.

390 191 545 237 Cyrenis)
591 190 639 221 lbi
662 187 855 219 Laterensis
883 194 1041 229 quaestor
1063 186 1139 218 fuit.
1187 185 1258 218 Csr.
1283 188 1314 227 §.
1337 186 1388 218 65.

390 248 441 279 Et
465 258 529 289 quo
548 244 629 287 plus
651 241 838 279 intererat,
875 253 912 272 eo
929 241 1014 284 plus
1037 240 1158 273 aberas
1181 252 1203 271 a
1225 239 1290 280 me)
1337 239 1436 270 Solus
1459 239 1639 272 Weiskius
1672 240 1713 272 de
1733 238 1832 273 sensu
1855 242 1979 273 horum
2002 243 2186 276 uerborum

304 300 434 344 aliquid
456 294 648 331 adnomuit,
678 293 719 324 dc
737 293 821 336 plus
845 304 1003 325 monenst
1032 305 1106 333 „an
1129 292 1295 336 significat
1317 294 1457 336 saepius
1481 305 1558 325 eum
1587 294 1735 326 afuisse?
1770 306 1847 326 nam
1877 308 1941 338 pro
1969 296 2102 327 diutius
2131 304 2189 328 aut

306 354 445 397 longius
475 347 556 392 poni
579 357 792 387 nequaquam
813 347 894 389 plus
925 348 1076 388 potest.“
1122 346 1210 378 Cum
1236 345 1397 378 W'eiskio
1421 345 1501 378 facit
1524 347 1707 386 Wolffius‚
1748 348 1807 389 qui
1834 349 1915 391 plus
1945 349 2188 390 interpretatur

305 407 453 451 saepius.
496 402 545 433 At
567 410 676 441 neque
699 398 782 429 alibi
805 410 968 440 umquam
990 400 1141 431 multum
1163 398 1279 430 abesse
1300 398 1342 430 ab
1365 399 1483 442 aliquo
1506 411 1545 430 eo
1569 411 1669 431 sensu
1693 400 1869 440 dictumst,
1894 407 1932 432 ut
1954 413 2054 444 saepe
2075 401 2189 436 abesse

303 462 345 495 ab
369 459 484 499 aliquo
507 452 727 495 significaret,
757 462 884 493 neque,
909 451 937 482 si
958 452 1014 483 uel
1037 463 1198 483 maxume
1221 457 1323 491 esset,
1358 452 1414 483 hic
1435 458 1548 494 potest
1571 452 1700 484 dictum
1722 464 1810 493 esse,
1846 455 1905 486 ubi
1931 453 2190 496 manifestumst,

303 522 404 545 unam
427 508 520 539 illam
543 504 736 537 Laterensis
760 504 945 536 absentiam
968 504 1108 547 respici,
1144 516 1222 536 cum
1246 504 1390 547 Cyrenis
1416 511 1574 546 quaestor
1597 512 1693 537 esset.
1738 507 1859 549 Neque
1888 514 1945 538 ant
1968 518 2032 549 pro
2056 507 2192 540 diutius

303 571 359 597 aut
381 573 444 605 pro
470 560 610 603 longius
632 558 737 601 accipi
762 558 843 601 plus
865 563 987 600 potest.
1033 557 1142 588 Immo
1170 569 1246 588 cum
1269 564 1495 600 praegnanter
1523 558 1628 589 uerba
1649 559 1770 590 aberas
1793 572 1814 590 a
1831 571 1884 590 me
1909 558 1997 590 dicia
2027 570 2097 591 esse
2117 571 2193 591 cer—

302 625 375 649 tum
398 615 451 651 sit,
477 613 524 644 ita
546 618 584 643 ut
606 623 676 643 nou
701 612 873 642 absentem
899 609 1010 641 solum
1033 610 1254 641 Laterensem
1278 609 1390 649 fuisse,
1414 616 1474 649 set,
1499 622 1584 652 quae
1607 622 1766 642 maxume
1788 611 1939 653 urgenda
1961 613 2098 652 notiost,
2121 624 2192 645 non

302 670 477 702 adiuuasse
499 665 668 708 populum
690 664 818 695 uirtute
844 675 903 695 sua
925 662 1150 705 significetur,
1188 670 1278 695 recte
1301 669 1394 706 patet
1411 664 1496 707 plus
1517 664 1668 706 positum
1693 670 1726 695 et
1747 663 1879 695 notioni
1902 677 1970 696 non
1994 667 2192 698 adiuuandi

302 727 453 767 aptatum
475 729 556 750 esse.
601 720 691 750 Nam
714 723 804 748 recte
829 716 969 754 dicitur,
1009 716 1160 748 multum
1189 717 1341 760 aliquem
1369 718 1553 749 adiuuare.
1597 718 1715 759 Itaque
1741 728 1856 749 sensus
1886 717 1941 748 hie
1964 724 2030 750 est:
2069 725 2103 750 et
2124 731 2191 763 quo

298 777 381 821 plus
405 774 596 811 intererat,
626 784 679 804 me
703 777 764 802 tua
778 768 865 814 frui
886 770 1036 808 uirtute,
1063 781 1099 801 eo
1122 770 1237 802 minus
1260 782 1314 802 me
1336 771 1470 802 uirtute
1493 775 1555 801 tua
1578 771 1762 802 adiuuisti.
1784 788 1828 793 -—
1869 770 2030 802 Ceterum
2050 772 2114 803 hoc
2135 772 2192 804 uel

302 840 357 861 me
379 837 449 859 non
474 831 634 856 monente
657 823 754 855 facile
777 829 933 865 apparety
968 822 1273 864 languidissumum
1295 821 1452 853 futurum
1475 821 1743 854 additamentum
1768 821 1889 861 fuisse,
1921 823 1949 853 si
1973 824 2091 854 Cicero
2114 830 2192 856 ante

303 894 368 927 quo
389 881 470 924 plus
493 877 660 909 eiusmodi
684 875 784 918 quid,
822 876 951 917 qualest
979 875 1070 917 quod
1100 875 1251 907 Orellius
1283 887 1325 906 ex
1348 875 1480 916 aliquot
1503 875 1712 906 deteriorum
1734 874 1888 906 codicum
1912 876 2096 918 scriptura,
2134 877 2194 920 qui

301 947 364 969 cur
386 939 464 965 ante
488 944 553 976 quo
572 930 713 967 habent,
738 927 928 959 eruendum
950 928 1102 971 putauit,
1127 929 1247 960 curari
1269 940 1337 966 me,
1360 927 1545 959 adiecisset.
1589 927 1743 966 Accedit,
1768 928 1859 970 quod
1882 941 2006 961 curare
2025 930 2193 974 populum

296 1000 363 1027 veo,
402 998 468 1028 quo
491 985 547 1016 hic
569 982 804 1025 accipiendum
834 981 941 1020 foret,
980 992 1080 1012 sensu
1101 981 1227 1012 locutio
1257 992 1397 1023 prorsus
1421 980 1569 1012 insolens
1593 987 1689 1012 esset.
1735 981 1835 1013 Nihil
1857 982 1996 1013 omnino
2019 982 2075 1013 hic
2099 982 2194 1014 exci-

303 1041 407 1074 disse.
444 1045 477 1069 et
499 1048 600 1069 sensu
623 1036 849 1066 admonemur
872 1041 905 1065 et
928 1039 1151 1076 optumorum
1174 1035 1328 1066 codicum
1351 1034 1562 1065 auctoritate.

388 1093 486 1125 Certe
510 1097 541 1122 te
563 1101 630 1121 non
653 1087 825 1129 uidebam)
871 1087 926 1118 Sic
948 1085 1067 1127 scripsi
1089 1086 1307 1118 suadentibus
1333 1086 1519 1118 Garatonio
1544 1093 1577 1118 et
1600 1086 1756 1125 Orellio,
1796 1091 1834 1117 ut
1856 1086 1978 1128 aliquis
2001 1093 2092 1118 certe
2113 1099 2192 1119 sen-

303 1161 359 1181 sus
382 1145 497 1177 uerbis
521 1143 654 1174 inesset.
699 1142 790 1172 Nam
812 1150 922 1181 neque
947 1138 1038 1180 quod
1060 1139 1087 1170 B
1113 1145 1146 1170 et
1169 1140 1196 1170 E
1220 1140 1394 1179 scribunt,
1431 1153 1508 1172 cum
1532 1146 1564 1172 te
1589 1153 1654 1172 non
1678 1139 1854 1178 uidebant,
1887 1150 1998 1181 neque
2021 1151 2106 1181 quae
2132 1139 2193 1171 de-

302 1201 470 1234 teriorum
493 1195 647 1227 codicum
670 1193 884 1236 scriptumst,
909 1198 999 1224 certe
1021 1204 1088 1223 non
1115 1192 1292 1231 uidebant,
1321 1199 1412 1224 recte
1436 1205 1470 1224 se
1493 1193 1603 1225 habet.
1649 1194 1780 1225 Uerum
1806 1203 1843 1222 re
1867 1191 1977 1222 denuo
2002 1192 2193 1235 diligentis-

303 1263 465 1294 sumeque
490 1248 675 1281 deliberata
698 1247 800 1276 etiam
821 1245 917 1283 illut,
955 1243 1046 1285 quod
1068 1244 1184 1286 posui,
1222 1256 1241 1275 a
1265 1245 1429 1277 Cicerone
1452 1258 1522 1277 esse
1544 1246 1709 1288 scriptum
1731 1256 1801 1276 non
1824 1250 1918 1287 put0.
1965 1245 2088 1276 Sensus
2120 1244 2193 1277 eius

305 1307 490 1349 scripturae
514 1301 570 1332 hie
593 1305 694 1330 esset:
718 1305 757 1331 ut
780 1298 904 1330 bonum
928 1303 960 1329 te
982 1303 1012 1329 et
1027 1295 1163 1340 fortem
1189 1298 1308 1328 uirum
1330 1298 1472 1341 Cyrenis
1494 1299 1736 1342 praestiteris,
1763 1309 1869 1340 eaque
1889 1309 1942 1336 re,
1966 1298 2057 1340 quod
2078 1298 2192 1329 iustus

305 1363 341 1393 in
365 1358 472 1390 socios
486 1354 619 1398 fuisti,
643 1353 750 1396 reip.
774 1352 926 1384 utilitati
939 1350 1078 1394 fueris,
1103 1356 1192 1382 certe
1212 1351 1346 1382 Romae
1369 1364 1435 1383 non
1453 1351 1579 1395 fuisti,
1605 1351 1663 1383 ubi
1684 1352 1765 1394 plus
1787 1351 1874 1382 mihi
1889 1351 2055 1394 prodesse
2070 1350 2193 1393 potui-

305 1414 362 1446 sti.
408 1410 457 1442 At
481 1410 562 1440 haec
585 1406 752 1438 sententia
776 1416 843 1435 nou
869 1404 1029 1434 conuenit
1051 1403 1345 1443 antecedentibus,
1380 1404 1500 1446 quibus
1524 1404 1589 1435 hoc
1617 1415 1725 1434 unum
1748 1403 1829 1434 dicit
1857 1403 2026 1446 populus,
2061 1413 2097 1433 se
2118 1413 2194 1433 ma-

304 1465 406 1498 luisse
435 1473 535 1504 quam
558 1460 665 1492 socios
689 1459 816 1490 uirtute
839 1456 1032 1488 Laterensis
1056 1455 1144 1495 frui,
1174 1455 1208 1486 id
1232 1463 1297 1495 est,
1322 1457 1481 1488 maluisse
1504 1468 1558 1496 se,
1588 1462 1627 1487 ut
1650 1457 1781 1487 Romae
1805 1467 1905 1498 quam
1929 1454 2073 1498 Cyrenis
2097 1460 2192 1487 esset.

304 1516 458 1555 Accedit,
486 1513 578 1557 quod
599 1513 752 1544 minume
776 1509 993 1552 pmbabilest,
1022 1509 1050 1540 si
1073 1509 1109 1540 in
1132 1509 1247 1540 codice
1269 1510 1424 1553 principe
1447 1517 1537 1543 certe
1558 1508 1677 1541 fuisset
1699 1508 1860 1552 positum,
1884 1507 1919 1538 id
1942 1507 2195 1550 diligentiorem

305 1572 403 1604 illum
426 1567 623 1605 librarium,
660 1565 717 1607 qui
741 1563 891 1594 codicem
916 1563 1087 1602 exarauit,
1125 1574 1167 1593 ex
1193 1575 1259 1604 quo
1284 1564 1311 1594 B
1337 1570 1369 1594 et
1393 1564 1420 1595 E
1445 1569 1523 1595 sunt
1546 1562 1631 1602 orti,
1665 1562 1701 1593 in
1722 1575 1799 1594 cum
1823 1568 1855 1594 te
1876 1561 2026 1605 potuisse
2048 1567 2192 1600 mutare,

306 1627 434 1657 Contra
456 1621 563 1652 multa
585 1625 664 1651 sunt
685 1616 807 1649 menda
830 1616 870 1647 ab
895 1628 933 1647 eo
957 1615 1109 1658 profecta
1132 1616 1291 1655 librario,
1317 1617 1374 1659 qui
1398 1616 1547 1648 codicem
1571 1615 1722 1658 scripsit,
1746 1626 1788 1645 ex
1813 1626 1879 1656 quo
1903 1613 2051 1646 familiae
2074 1615 2193 1646 tertiae

306 1677 436 1709 codices
467 1673 635 1715 originem
666 1671 850 1701 duxerunt.
895 1670 1012 1711 Itaque
1045 1668 1129 1699 aliut
1159 1669 1240 1710 quid
1272 1669 1308 1700 in
1341 1669 1493 1709 codicum
1525 1668 1700 1711 scripturis
1724 1667 1939 1699 reconditum
1965 1673 2049 1710 puto
2074 1668 2189 1700 latere.

307 1729 555 1766 Hoffmannus,
594 1724 798 1757 necessarius
822 1734 934 1762 meus,
974 1722 1176 1754 Ciceronem
1204 1734 1265 1754 cur
1288 1728 1321 1755 te
1343 1735 1411 1754 non
1435 1722 1618 1754 uidebam?
1655 1721 1828 1765 scripsisse
1856 1720 2050 1753 existumat.
2094 1719 2190 1752 Iudi-

308 1789 383 1814 cent
406 1781 475 1812 alii.

395 1835 575 1866 Sitientem
598 1844 650 1864 me
673 1831 818 1864 uirtutis
840 1829 936 1869 tuae)
968 1827 1096 1860 Adfert
1117 1828 1222 1860 Arus.
1245 1827 1389 1859 Messius
1411 1839 1445 1871 p.
1471 1829 1563 1871 595..

393 1889 516 1919 Petere
539 1885 755 1917 tribunatum
772 1883 824 1927 pl.
851 1882 1059 1925 temporibus
1089 1882 1146 1923 iis)
1194 1881 1316 1923 Coepit
1339 1881 1429 1912 enim
1452 1887 1569 1924 petere
1593 1882 1803 1913 tribunatum
1831 1880 1880 1923 pl.
1904 1880 2045 1912 Caesare
2075 1887 2108 1912 et
2129 1881 2190 1916 Bi-‚

312 1942 391 1972 bulo
420 1952 501 1971 coss.
524 1951 552 1970 a.
576 1951 609 1969 u.
637 1938 727 1980 694„
771 1935 892 1967 deinde
923 1941 1040 1977 petere
1071 1933 1216 1973 destitit,
1251 1945 1293 1964 ne
1324 1934 1452 1964 iuraret
1481 1934 1517 1965 in
1539 1934 1704 1977 agrariam
1731 1934 1881 1965 Caesaris
1910 1934 2030 1976 legem.
2075 1935 2187 1968 Huius

311 1994 397 2026 mihi
419 2005 553 2025 sensum
576 1992 642 2023 loci
665 1995 872 2033 aperuerunt
895 1989 999 2019 uerba
1022 1987 1195 2019 Ciceronis
1227 1986 1262 2017 in
1287 1987 1374 2029 Epp.
1403 1986 1444 2018 ad
1470 1988 1544 2019 Att.
1569 1988 1619 2027 Π,
1657 1999 1703 2028 17.
1750 1987 1883 2025 Habet,
1923 1986 2051 2028 inquit,
2088 1987 2188 2020 Cam-

308 2060 403 2092 pana
427 2048 479 2078 lex
506 2046 754 2077 execrationem
777 2045 813 2076 in
837 2043 982 2075 coitione
1005 2041 1287 2079 candidatorum,
1315 2041 1345 2072 si
1367 2042 1572 2072 mentionem
1585 2040 1758 2084 fecerint,
1789 2053 1854 2084 quo
1876 2041 1980 2072 aliter
2002 2052 2088 2084 ager
2103 2054 2189 2085 pos..

313 2102 479 2137 sidentur,
502 2105 604 2142 atque
627 2104 665 2129 ut
689 2111 728 2129 ex
752 2097 886 2141 legibus
910 2095 1036 2133 Iuliis3
1059 2106 1125 2125 non
1150 2093 1311 2125 dubitant
1335 2095 1454 2125 iurare
1476 2095 1597 2133 ceteri3
1619 2094 1822 2125 Laterensis
1843 2094 2075 2125 existumatur
2098 2100 2187 2127 recte

303 2153 445 2198 fecisse,
471 2152 560 2194 quod
582 2151 797 2182 tribunatum
814 2150 866 2193 Pl.
887 2155 1003 2193 petere
1028 2148 1173 2185 destitit,
1199 2159 1240 2178 ne
1263 2148 1407 2179 iuraret.
1451 2146 1566 2187 Atque
1589 2147 1653 2177 hoc
1675 2152 1734 2184 est,
1762 2145 1851 2188 qnod
1876 2146 1910 2176 in
1934 2147 1995 2177 hac
2017 2147 2089 2190 ipsa
2111 2159 2189 2179 ora-.

315 2206 405 2237 tione
430 2203 518 2235 infra
543 2215 569 2234 c,
592 2204 708 2234 XXII.
735 2204 764 2244 ἕ.
789 2204 839 2234 52.
865 2203 911 2232 ait
935 2201 1072 2233 Cicero:
1106 2201 1178 2233 noli
1200 2201 1427 2239 existumare,
1459 2212 1526 2231 non
1548 2211 1714 2242 magnum
1737 2199 1906 2242 quendam
1927 2206 2057 2232 motum
2069 2198 2188 2243 fuisse

315 2259 412 2291 illius
431 2257 610 2300 petitionis
635 2261 732 2293 tuae,
756 2256 796 2287 de.
820 2268 908 2299 qua,
934 2267 974 2286 ne
997 2254 1134 2298 aliquid
1156 2255 1313 2297 iurares,
1336 2253 1512 2285 destitisti.
1556 2252 1771 2283 B‘Lxxr'rlvs.

398 2311 495 2351 Quae
518 2309 619 2339 istam
641 2308 867 2350 eloquentiam
897 2313 929 2339 et
951 2308 1129 2347 suirtutem
1159 2306 1393 2350 requirebant)
1439 2304 1529 2346 Quia
1548 2304 1653 2335 secuti
1675 2311 1754 2336 sunt
1783 2305 1935 2336 consules
1958 2305 2035 2337 Piso
2059 2312 2093 2338 et
2115 2307 2187 2339 Ga-

313 2361 437 2400 binius,
458 2361 516 2402 qui
533 2360 673 2392 salutem
685 2360 855 2391 Ciceronis
870 2367 986 2391 contra
998 2367 1147 2391 mentem
1162 2366 1295 2391 senatus
1312 2365 1345 2390 et
1360 2359 1526 2389 bonorum
1545 2356 1696 2388 omnium
1712 2358 1948 2400 prodiderunt.
1972 2359 2189 2392 M'ANUTIL’S.

2257 2377 2264 2393 φ
2259 2322 2264 2338 -
2258 2285 2264 2315 ...
2246 2010 2264 2277 ..Qa—ax-zhn.
2260 1999 2264 2003 .
2254 1968 2264 1991 r.
2254 1918 2259 1953 <

2254 2593 2257 2605 -
2247 2438 2260 2571 A,.k;⁴
