2264 2746
210 87 264 115 166
858 70 1436 103 COMMENTARIUS.

211 154 364 186 militum
394 152 532 197 opponi.
578 151 629 183 Ita
651 149 709 191 qui
731 148 767 179 in
791 149 892 179 Creta
923 145 1092 178 subiectus
1123 144 1309 187 inperatori
1338 143 1461 186 fuerit,
1499 147 1683 189 aptissuma
1710 160 1788 181 cum
1816 148 2028 192 oppositione
2051 147 2087 178 in

211 205 406 239 Macedonia
428 204 612 249 praefuisse
634 200 798 233 militibus
821 199 954 230 dicitur.
1001 198 1158 230 Codicem
1181 197 1450 229 Laurentianum
1472 199 1675 237 secundum,
1703 202 1738 233 in
1763 214 1829 244 quo
1852 201 1957 233 uerba
1978 200 2089 232 triba..

212 272 277 291 nus
319 259 471 291 militam
514 257 626 288 iuncta
665 252 909 296 reperiuntur,
957 250 1089 294 saepius
1132 261 1271 281 manum
1321 251 1556 283 correctricem
1598 261 1780 296 expertum
1821 266 1916 295 esse,
1958 252 2091 294 Proleg.

214 323 248 354 p.
271 311 331 342 III.
356 311 465 342 docui.

301 379 330 419 ξ.
358 380 407 410 62.
452 377 541 407 Tota
562 375 644 407 haec
666 372 767 405 sectio
790 371 1049 404 acerbissumam
1074 371 1224 402 continet
1246 370 1439 403 Laterensis
1471 384 1625 416 quoque,
1664 387 1734 408 non
1758 377 1851 409 Cassi
1874 375 1986 408 solum
2009 372 2095 404 inri-

217 433 365 464 sionem:
389 431 427 460 de
448 428 508 459 illo
535 427 626 458 enim
648 427 694 458 M.
718 426 851 458 Caelius
874 424 916 455 ad
939 424 1020 456 Diu.
1044 425 1148 463 VIII,
1172 424 1203 456 8.
1230 425 1434 456 Laterensis
1457 426 1549 469 leges
1572 428 1752 471 ignorans.
1785 430 1988 462 ORELLIUS.

303 482 469 524 Quaeris,
503 492 586 512 num
607 480 801 520 disertus?)
845 480 927 511 Non
949 477 1055 508 addidi
1082 489 1159 508 cum
1177 477 1326 509 Graeuio
1350 489 1393 509 ex
1415 477 1489 509 Erf.
1512 480 1559 511 sit
1581 487 1658 522 post
1681 484 1845 522 disertus,
1874 480 1966 525 quod
1988 476 2098 511 mani-

218 536 302 569 festo
326 536 365 566 ab
389 535 576 576 interprete
597 532 832 575 profectumst.
877 531 933 562 Sic
956 531 986 572 §.
1011 531 1062 562 61.
1087 532 1244 574 quaeris,
1276 531 1362 574 quid
1383 531 1497 563 simile
1519 533 1556 564 in
1577 534 1739 568 Plancio.

298 585 585 629 Iurisconsultus)
630 585 717 618 Uide
738 585 777 616 ad
800 596 827 615 e.
858 595 906 616 12.
928 595 991 627 pro
1014 584 1124 615 Mur..
1152 585 1414 616 GARATONIUS.
1458 583 1510 615 Ibi
1532 592 1675 628 propter
1697 587 1802 619 uerba
1827 585 1961 619 Charisi
1985 596 2019 628 p.
2044 584 2096 616 62·

218 641 267 673 ed.
290 640 426 671 Putsch.
450 639 592 670 alteram
614 636 759 669 formam
782 638 1036 670 iureconsultus
1059 636 1220 679 praefert.

301 693 372 733 Qui
393 691 528 736 aficsz'sse
549 691 591 724 ab
612 692 690 723 istis
712 692 840 723 studiis
863 689 1086 733 confitentur)
1132 691 1229 722 Unus
1252 695 1330 721 ante
1354 689 1542 721 Graeuium
1564 691 1763 731 Lambinus,
1786 692 1847 736 qui
1869 691 2023 735 abfuisse
2045 704 2098 725 se:

217 746 351 790 putauit
372 745 516 784 scilicet,
546 755 738 786 pronomen
761 745 801 775 ab
827 750 981 775 extrema
1003 754 1086 774 uoce
1108 742 1334 774 antecedentis
1356 743 1506 786 syllabae
1528 742 1631 776 fuisse
1653 745 1863 788 absorptum.
1907 745 2009 776 Nunc
2030 745 2099 776 alio

218 799 250 831 id
277 799 352 830 loco
382 796 457 829 Erf.
486 796 642 837 exhibet,
681 797 779 840 eique
810 809 886 828 cum
911 797 1061 829 Graeuio
1093 796 1208 839 paruit
1237 795 1488 828 Lallemandus.
1535 797 1649 829 Ceteri
1674 809 1791 829 omnes
1818 797 1900 829 libri
1922 804 2037 829 carent
2059 809 2098 830 eo

217 851 437 896 pronomine,
475 850 564 893 quod
588 850 625 881 in
646 849 719 884 cod.
745 855 886 892 optumo
908 855 1102 892 suspectum
1124 848 1204 880 facit
1226 847 1368 880 forsitan
1392 849 1514 881 usitata
1539 850 1609 882 eius
1633 850 1779 893 ellipsis,
1814 849 1856 880 de
1880 861 1946 893 qua
1967 850 2039 882 dixi
2060 851 2100 882 ad

218 907 244 938 I.
267 906 346 939 Act.
369 904 406 936 in
428 905 530 937 Uerr.
554 903 585 936 8.
609 903 870 935 GARATONIUS.
916 903 1004 934 Cum
1026 900 1100 934 Erf.
1125 902 1226 932 etiam
1251 901 1333 932 Bau.
1358 902 1418 945 qui
1439 914 1475 934 se
1496 901 1631 946 afuisse
1655 909 1717 935 etc.
1741 903 1867 934 scribit.
1911 904 2102 936 Nihilomi-

218 969 281 990 nus
310 968 502 1000 pronomen
529 956 624 996 illut,
661 955 750 997 quod
783 955 987 998 saepissume
1017 955 1057 986 ab
1086 953 1329 997 interpretibus
1361 954 1510 986 additum
1540 955 1599 996 sit,
1640 956 1873 1000 recipiendum
1907 968 1977 988 non
2007 955 2102 990 duxi.

218 1010 387 1053 Exempla
408 1010 568 1052 pluruma
590 1008 704 1040 omissi
726 1008 941 1051 pronominis
964 1008 1071 1038 adlata
1093 1014 1172 1039 sunt
1194 1007 1234 1038 ab
1258 1006 1341 1038 uiris
1364 1007 1431 1038 illis
1456 1007 1573 1049 doctis,
1597 1022 1680 1052 quos
1704 1010 1910 1042 Garatonius
1932 1009 1972 1041 ad
1983 1010 2062 1042 Act.
2075 1010 2102 1041 Ι.

218 1064 255 1096 in
278 1065 378 1096 Uerr.
398 1063 428 1094 8.
451 1074 486 1105 p.
513 1074 583 1104 117.
607 1061 886 1099 conmemorauit,
909 1060 1032 1093 Uossio
1056 1062 1136 1093 Vll.
1161 1061 1205 1093 A.
1223 1061 1266 1092 G.
1289 1060 1354 1099 58„
1379 1061 1558 1093 Gronouio
1581 1068 1615 1094 et
1637 1064 1743 1095 Drak.
1766 1063 1809 1094 ad
1831 1063 1910 1095 Liu.
1933 1063 2013 1103 XL,
2035 1063 2100 1103 42„

219 1124 253 1149 et
275 1117 393 1148 Cortio
426 1115 467 1146 ad
492 1115 627 1146 Sallust.
656 1114 754 1146 Catil.
781 1114 919 1145 XXXI.
942 1124 976 1143 11.
1002 1125 1031 1155 7.
1068 1113 1222 1155 Iugurth.
1247 1114 1338 1146 CVI.
1371 1125 1405 1144 11.
1434 1114 1483 1154 6.,
1525 1115 1646 1157 quibus
1674 1116 1832 1159 inprimis
1860 1116 2029 1148 addendus
2053 1123 2103 1148 est

219 1168 466 1202 Ramshornius
498 1169 560 1199 Gr.
583 1168 659 1199 Lat.
691 1169 721 1209 ς.
749 1167 818 1198 168.
849 1177 883 1208 p.
906 1166 966 1197 452
994 1177 1067 1208 sqq.
1098 1172 1130 1197 et
1153 1166 1306 1198 Handius
1336 1166 1375 1197 ad
1400 1167 1594 1210 Wopkens.
1626 1169 1736 1200 Lectt.
1759 1169 1854 1201 Tull.
1877 1170 1919 1202 L.
1944 1169 1971 1201 Ι.
1995 1169 2034 1201 C.
2058 1170 2102 1201 ΙΙ.

220 1235 253 1266 p.
281 1223 345 1254 15..
390 1222 568 1252 Praeterea
589 1218 705 1250 confer
725 1219 858 1260 Proleg.
882 1220 923 1250 L.
948 1220 991 1250 ΙΙ.
1016 1220 1054 1250 C.
1078 1219 1104 1250 Ι.
1131 1219 1160 1259 §.
1185 1218 1215 1250 8.
1239 1230 1273 1261 p.
1296 1220 1428 1250 XLII..

304 1275 344 1307 Si
363 1285 428 1317 pro
441 1273 550 1316 fabro
571 1278 634 1304 (11ιὺ
654 1284 718 1315 pro
744 1271 881 1313 tectore)
913 1273 992 1303 Non
1015 1272 1167 1314 inpugno
1191 1270 1352 1302 editiones
1377 1271 1427 1312 [in
1452 1272 1573 1313 quibus
1594 1285 1658 1316 pro
1682 1279 1808 1307 tectore
1830 1281 1923 1307 extat
1945 1276 2103 1317 textore]-

220 1329 302 1361 Non
323 1326 449 1358 frustra
479 1332 592 1357 tamen
614 1323 708 1364 Erf.,
747 1325 777 1356 si
797 1336 861 1367 pro
876 1323 986 1367 fabro
1011 1331 1074 1357 aut
1091 1336 1159 1368 pro
1182 1330 1318 1356 tectore.
1364 1325 1550 1356 Tectorum
1579 1331 1649 1357 tam
1671 1325 1707 1356 111
1730 1326 1879 1368 Digestis
1904 1327 1942 1360 fit
1964 1329 2104 1370 mentio,

222 1392 322 1425 quam
344 1380 380 1411 111
403 1377 574 1410 ueteribus
596 1377 885 1420 inscriptionibus.
931 1377 1067 1409 Subicio
1092 1378 1146 1409 hic
1169 1384 1329 1419 quattuor
1353 1377 1493 1410 ineditas
1517 1389 1560 1409 ex
1585 1390 1677 1422 penu
1701 1379 1877 1412 Gudiano:

950 1435 989 1463 A.
1018 1435 1204 1464 ANICIUS.
1233 1435 1371 1463 FELIX

825 1482 862 1510 U.
884 1482 917 1510 C.
940 1483 1128 1512 TECTOR.
1149 1483 1504 1512 PRAETORIANOR

1111 1531 1152 1559 D.
1180 1531 1222 1559 D.

222 1582 319 1616 Alia:

1018 1631 1180 1660 CERERI
1202 1631 1315 1660 CONS

1037 1679 1286 1708 SERUATRIC

961 1726 1236 1755 ORGANIANA.
1259 1727 1369 1755 SACR

951 1776 994 1803 M.
1018 1774 1249 1803 CLAUDIUS.
1288 1776 1331 1803 M.
1352 1775 1380 1803 L

959 1822 1195 1850 ORGANIUS.
1236 1822 1375 1852 SACER

940 1869 1034 1898 DOS.
1075 1870 1233 1898 BONAE.
1273 1870 1393 1898 DEAE

933 1918 991 1945 ET
1016 1918 1252 1946 SACERDOS.
1287 1918 1402 1947 CORP

1012 1965 1237 1994 LUTORL'M
1262 1966 1319 1993 ET

1076 2013 1257 2042 TECTOR

230 2064 342 2097 Habes
367 2063 517 2095 tertiam:

982 2114 1225 2143 LAETITIAE
1254 2114 1357 2143 SIGN

807 2163 841 2191 C.
862 2162 1089 2191 DOMITIUS.
1130 2164 1164 2192 C.
1184 2165 1219 2192 F.
1239 2161 1406 2192 BASSUS.
1445 2162 1536 2191 COH

809 2210 856 2238 III
884 2211 982 2239 LEG.
1008 2211 1055 2238 III
1076 2211 1283 2239 ITALICAE
1304 2210 1533 2239 PRAEFECT

824 2259 914 2287 MIL.
954 2259 1022 2287 ET.
1062 2258 1307 2287 FABRORUM
1327 2257 1516 2286 TECTOR.

234 2311 394 2342 Tectores
430 2314 543 2340 autem
578 2309 791 2351 dicebantur,
836 2311 895 2353 qui
933 2311 1074 2343 tectorio
1104 2311 1291 2342 loricabant
1327 2310 1492 2353 parietes,
1533 2314 1572 2340 ut
1604 2308 1688 2340 olim
1725 2309 1881 2341 Cuiacius
1917 2309 2030 2342 docuit
2063 2312 2110 2344 X.

237 2363 417 2395 Obseruat.
440 2373 467 2393 e.
491 2373 540 2404 9..
586 2362 671 2402 Quis
695 2375 813 2395 eorum
835 2375 914 2396 usus
937 2363 1042 2396 suerit
1063 2364 1099 2395 in
1122 2364 1254 2404 castris,
1292 2370 1331 2394 ut
1352 2368 1480 2394 constat
1508 2372 1551 2393 ex
1573 2361 1870 2404 inscriptionibus,
1908 2361 1944 2393 in
1967 2362 2113 2405 legioni-
