2264 2746
0 2440 2 2515 l,

2 2579 4 2587 ι

671 121 776 150 CAP.
816 120 940 149 xvns.
961 119 987 160 ς.
1010 125 1053 152 45.
1071 120 1209 149 —X1X.
1239 118 1265 159 ς.
1291 125 1336 151 13.
1892 121 1945 147 139

64 201 227 244 Sponium
251 200 292 230 Τ.
317 200 376 230 ΙΙΙ.
401 199 516 230 Itiner.
542 209 576 241 p.
604 197 694 236 145.,
734 195 827 226 cuius
855 195 941 227 mihi
973 202 1023 227 est
1051 195 1093 227 ad
1116 195 1159 226 ΙΙ.
1190 194 1226 225 111
1250 196 1350 227 Uerr.
1375 194 1425 226 65.
1458 193 1545 226 curis
1568 195 1723 226 secundis
1746 194 1942 227 referendae

62 255 165 286 locus.
212 254 470 284 GARATONIUS.

144 307 187 338 In
211 304 345 349 operas)
390 305 428 335 In
452 302 586 346 negotia
606 300 830 345 prouincialia
853 301 1129 343 publicanorum3
1165 301 1244 333 hinc
1268 313 1388 344 operas
1412 300 1496 332 dare
1518 311 1581 342 pro
1605 301 1782 344 negotium
1806 312 1941 337 curare,

60 364 212 391 tractore
235 370 315 389 rein.
339 358 550 389 MANUTIUS.
598 356 684 387 Cum
707 361 803 396 pater
826 354 925 385 huius
945 354 1058 384 Planci
1083 354 1172 385 inter
1195 354 1364 396 principes
1388 353 1647 395 publicanorum
1671 360 1766 393 esset,
1790 353 1942 395 plurumi

60 424 103 444 ex
127 411 242 442 eadem
265 410 357 441 tribu
381 410 566 441 Terentina
588 406 750 439 beneficio
777 408 990 438 Planciorum
1015 407 1246 445 obtinuerant,
1282 412 1320 436 ut
1342 407 1561 437 mitterentur
1583 407 1625 437 ad
1649 418 1766 449 operas
1789 406 1943 449 publica-

57 475 181 496 norum
208 462 420 494 societatibus
444 462 568 493 dandas
592 461 626 492 in
652 461 869 503 uectigalibus
896 459 1070 502 exigendis
1094 465 1127 490 et
1149 459 1334 490 rationibus
1359 459 1593 498 conficiendis,
1617 466 1717 502 atque
1740 460 1786 491 ita
1808 458 1943 490 fuerant

57 517 186 549 lucellis
217 515 322 550 aucti,
363 526 508 556 quorum
537 514 678 556 gratiam
711 514 772 544 Cn.
798 513 932 544 Plancio
965 511 1131 553 suffragiis
1163 511 1229 543 suis
1259 511 1293 542 in
1327 511 1507 542 aedilitatis
1532 513 1697 554 petitione
1721 512 1938 543 rettulerunt.

57 570 155 601 XIII.
186 568 227 599 ad
250 568 330 599 Diu.
365 578 395 609 9.
425 568 484 599 Cn.
508 568 683 610 Pupium,
718 567 778 609 qni
810 572 859 597 est
892 567 928 598 in
952 565 1064 609 operis
1087 566 1159 596 eins
1189 565 1363 596 societatis
1393 569 1474 602 etc.,
1508 565 1566 595 ubi
1591 566 1745 597 Cortium
1771 557 1940 604 uideset

58 633 142 665 quae
167 621 290 652 adtulit
312 631 355 650 ex
379 619 516 661 Sigonio
542 620 728 658 Graeuius,
754 625 786 649 et
806 630 888 660 quos
915 618 1090 649 citauimus
1117 617 1157 647 ad
1182 618 1223 648 ΙΙ.
1248 617 1283 648 111
1308 617 1408 648 Uerr.
1434 628 1502 657 70..
1550 618 1810 649 GARAToxlt's.

141 674 231 707 Noli
254 673 508 704 obser-nantium
531 674 665 705 sancire
685 673 806 714 poena)
853 671 936 702 Cod.
961 669 1059 701 Barb-
1083 671 1236 709 sarcire,
1267 680 1367 711 quam
1390 669 1587 702 uarietatem
1617 671 1650 701 in
1674 671 1775 702 Liuio
1803 679 1938 711 quoque

56 727 152 759 VIII.
181 737 209 768 7.
233 726 387 768 repperit
409 726 602 757 Drakenb..
649 725 716 756 Hic
738 731 849 755 autem
874 723 1129 756 obser-mantiam
1152 724 1287 755 sancire
1306 735 1419 765 poena
1442 723 1548 763 ualet,
1584 729 1729 754 statuere
1753 723 1938 753 obseruan-

55 780 139 812 tiam
167 779 423 809 candidatorum
457 790 582 821 poena,
623 789 706 820 quae
732 784 845 808 manet
868 777 1050 814 ambitum,
1088 786 1158 805 esse
1187 774 1407 806 alliciendam.
1454 776 1564 818 Supra
1596 786 1623 805 c.
1658 776 1704 806 16.
1742 775 1937 812 Dubitatis,

57 834 141 877 quin
163 846 219 865 eas
244 832 371 870 tribus,
405 833 439 863 in
464 831 586 875 quibus
608 842 754 873 magnas
781 830 1048 862 necessitudines
1072 828 1172 860 habet
1195 828 1382 867 Plancius,
1414 841 1488 859 cum
1513 829 1572 859 ille
1595 840 1660 859 non
1684 828 1849 865 ediderit,
1881 828 1938 858 in·-

55 887 183 918 dicarit
206 886 327 929 officiis
350 885 391 916 ab
414 885 475 915 lzoc
499 884 718 922 obseruatus,
751 896 817 915 non
841 883 1030 925 largitione
1061 883 1268 924 corruptos?
1314 882 1363 911 Ita
1391 880 1502 911 Latini
1527 880 1643 911 dicunt
1667 881 1778 923 capite
1802 880 1938 921 aliquid

53 943 210 977 sancire3
233 938 278 969 ita
302 938 420 969 Cicero
444 937 504 968 Ill.
528 936 569 966 de
592 937 695 978 Legg.
720 947 769 968 20.
801 937 862 968 Uis
884 936 1013 979 capite,
1044 935 1199 965 aum-itia
1223 935 1352 973 multa,
1383 934 1522 966 lionoris
1548 934 1722 976 cupiditas
1744 933 1935 975 ignominia

54 992 243 1023 sanciatur.
268 991 527 1021 GARATONIUS.
573 989 670 1019 Hanc
703 989 909 1020 locutionem
935 986 1185 1027 Zinzerlingius
1220 987 1255 1017 in
1280 987 1392 1018 Prom.
1427 986 1511 1017 Crit.
1543 997 1569 1019 e.
1593 986 1713 1017 XXV.
1743 997 1776 1027 p.
1801 984 1852 1015 81.
1883 984 1938 1014 in-

53 1043 210 1075 Iustrauit
225 1043 406 1084 exempli53
431 1053 531 1083 quem
546 1042 700 1072 libellum
718 1047 831 1072 nactus
847 1041 954 1072 multo
970 1045 1082 1082 postea
1107 1051 1191 1077 sum,
1218 1052 1317 1081 quam
1340 1040 1472 1082 priores
1497 1039 1729 1069 adnotationes
1753 1036 1935 1068 edideram.

52 1094 241 1127 Addendus
272 1096 442 1139 estilocus
475 1106 518 1125 ex
542 1106 569 1125 e.
593 1095 643 1126 54.
668 1105 770 1135 quem
800 1094 972 1126 Arusiano
1001 1091 1221 1123 confirmante
1245 1093 1456 1132 sanauimus,
1495 1097 1576 1134 aput
1599 1103 1698 1133 quem
1725 1091 1780 1122 hic
1804 1100 1937 1132 quoque

55 1148 189 1190 legitur.
234 1147 339 1179 IDEM.

136 1199 393 1241 Hae-sitantem)
440 1200 526 1231 Cum
550 1199 629 1241 quid
658 1199 802 1235 diceres,
830 1211 896 1229 non
922 1199 1073 1230 haberes.
1120 1198 1334 1231 Min-cnm.

136 1254 178 1285 In
202 1254 263 1285 lzoc
287 1254 530 1285 sodaliciorum
554 1253 725 1285 tribuario
749 1253 904 1294 crimine)
951 1251 1089 1283 Crimen
1114 1251 1316 1282 tribuni-ium
1341 1256 1409 1289 est,
1435 1255 1471 1280 ut
1495 1256 1586 1281 recte
1609 1250 1649 1281 ab
1674 1250 1757 1281 Ern.
1782 1249 1815 1280 in
1841 1248 1934 1280 Clau.

51 1306 274 1350 explicatum,
315 1318 380 1348 quo
413 1306 573 1337 obiectast
595 1305 730 1336 Plancio
760 1306 912 1336 tribuum
943 1304 1130 1347 corruptio,
1162 1305 1210 1335 Ea
1240 1303 1329 1345 quod
1359 1314 1422 1346 per
1452 1303 1575 1336 sodalis
1608 1303 1694 1335 sacta
1722 1302 1934 1344 arguebatur,

51 1366 233 1404 propterea
255 1359 499 1390 sodaliciorum
523 1359 733 1391 tribuarinm
755 1359 881 1389 crimen
907 1358 1076 1389 dictumst.

136 1413 196 1446 Ad
222 1424 420 1444 conmzznem
449 1412 598 1442 ambitus
628 1423 785 1442 caussam
815 1411 1007 1451 contulisti)
1056 1410 1270 1441 Communem
1302 1409 1447 1440 ambitus
1486 1420 1634 1441 caussam
1665 1409 1745 1440 dicit
1780 1413 1934 1450 respectu

52 1466 166 1498 habito
194 1464 453 1501 sodaliciorum,
480 1474 563 1505 quae
589 1463 635 1494 sic
658 1463 697 1494 ab
722 1463 850 1494 ambitu
876 1463 1080 1505 discrepant,
1105 1470 1141 1494 ut
1164 1464 1289 1506 species
1313 1475 1331 1494 a
1355 1474 1488 1504 genere.
1535 1464 1657 1493 Sensus
1684 1462 1806 1503 igitur:
1840 1466 1936 1503 post-

53 1530 154 1561 quam
177 1517 327 1548 criminis
349 1516 588 1547 sodaliciorum
613 1516 813 1548 conuincere
833 1517 1006 1547 Plancium
1038 1528 1105 1547 non
1130 1517 1289 1560 potuisti,
1322 1516 1400 1546 talia
1423 1515 1543 1555 obicis,
1575 1527 1658 1557 quae
1682 1513 1833 1545 uniuersi
1860 1524 1933 1544 am-

52 1572 141 1603 bitus
164 1570 305 1601 crimina
328 1575 416 1600 sunt.

138 1624 167 1665 ς.
192 1622 243 1654 48.
295 1623 405 1655 Unam
431 1621 559 1653 tribum
582 1622 708 1666 delige)
754 1622 887 1653 Scilicet
914 1634 1045 1661 earum,
1071 1635 1150 1664 quas
1170 1622 1248 1653 tulit
1276 1622 1441 1653 Plancius.

138 1677 209 1708 Per
232 1688 330 1718 quem
354 1675 473 1706 tulerit
497 1674 629 1716 docebo)
655 1675 730 1716 Qua
750 1676 880 1706 ratione
903 1676 1056 1707 Plancius
1081 1688 1153 1706 eam
1179 1675 1242 1706 sibi
1264 1676 1503 1717 sull‘ragantem
1527 1674 1693 1705 habuerit.
1718 1675 1931 1706 MANUTIUS.

51 1729 186 1762 Acerba
207 1728 285 1759 satis
308 1727 433 1765 ironia,
461 1740 527 1770 per
558 1741 655 1771 quem
687 1729 817 1767 dicens,
851 1729 1014 1770 significat
1046 1730 1264 1760 Laterensem
1296 1729 1426 1770 ipsum,
1461 1727 1633 1758 neminem
1656 1727 1776 1764 alium,
1811 1724 1932 1765 inquit,

51 1783 88 1814 in
111 1782 244 1824 culpam
268 1792 368 1818 uoca3
394 1786 464 1810 tute
488 1787 545 1812 tua
567 1782 724 1824 superbia
747 1794 783 1812 ac
806 1783 1002 1813 morositate
1027 1781 1155 1819 fecisti,
1180 1794 1245 1823 quo
1270 1781 1381 1812 minus
1405 1781 1575 1812 aedilitate
1598 1787 1630 1811 te
1658 1780 1798 1810 donaret
1819 1788 1933 1820 popu-

51 1835 103 1867 lus
133 1835 326 1869 Romanus,
372 1832 471 1863 nimis
501 1845 520 1864 a
550 1840 582 1864 te
615 1835 836 1876 posthabitus.
876 1835 1078 1866 ORELLIKS.
1125 1834 1317 1876 Simplicius
1352 1834 1506 1873 uidetur,
1536 1846 1601 1877 per
1634 1846 1731 1877 quem
1762 1831 1931 1874 explicare

51 1889 149 1920 cuius
175 1887 307 1925 studio,
331 1892 368 1915 ut
393 1885 454 1916 hac
478 1885 592 1917 eadem
616 1889 763 1919 sectione
786 1888 866 1919 dicit
890 1894 1024 1925 orator,
1050 1889 1182 1930 possis,
1207 1899 1351 1930 qnorum.
1375 1888 1490 1918 studio
1514 1887 1652 1926 tuleris,
1687 1887 1868 1929 explicare.

135 1941 235 1974 Num
255 1951 397 1983 possum
417 1956 460 1961 —-
482 1942 556 1978 (tut)
582 1939 652 1971 Cfr.
678 1942 746 1972 Cic.
770 1941 810 1971 ad
836 1941 916 1972 Diu.
941 1942 972 1979 Ι,
998 1952 1032 1983 9,
1061 1941 1107 1971 15.
1133 1940 1232 1972 λ”ιιηι
1252 1941 1353 1982 potui
1375 1941 1488 1982 magis
1512 1941 1547 1970 in
1571 1951 1683 1971 arcem
1709 1940 1806 1971 illius
1831 1949 1931 1969 caus-

52 2007 109 2027 sae
133 1994 308 2031 inuadere,
330 1999 393 2024 aut
415 1993 528 2034 magis
544 1992 701 2025 obliuisci
725 2001 914 2037 temporina
936 2006 1087 2026 meorum
1100 1995 1116 2024 Ρ
1140 1999 1171 2023 et
1191 1993 1394 2023 ltamsliorn.
1410 1994 1470 2024 Gr.
1484 1994 1524 2024 L.
1540 1993 1569 2033 §.
1587 1993 1655 2034 174.
1670 1998 1740 2023 not.
1754 1992 1784 2023 4.
1798 2002 1830 2033 p.
1846 1989 1930 2021 504..

132 2046 294 2088 Conferre
316 2046 448 2089 pedem)
493 2045 634 2087 Proprie
660 2046 765 2078 dictus
788 2049 815 2077 is
840 2053 905 2085 est,
940 2048 997 2088 qui
1021 2053 1088 2077 tam
1110 2057 1217 2088 prope
1241 2046 1368 2076 accedit
1392 2045 1432 2075 ad
1456 2045 1686 2077 aduersarium
1710 2045 1765 2075 uel
1787 2044 1928 2079 hostem,

52 2105 91 2131 ut
114 2099 150 2130 in
173 2098 291 2129 eodem
314 2098 455 2140 uestigio
480 2105 559 2137 stet,
597 2111 661 2141 quo
692 2100 924 2140 aduersarius,
960 2110 1069 2141 neque
1092 2099 1187 2141 prius
1210 2097 1360 2137 recedat,
1399 2110 1499 2140 quam
1520 2105 1577 2130 aut
1600 2098 1720 2130 uicerit
1742 2103 1800 2128 aut
1823 2095 1929 2126 uictus

53 2152 107 2184 sit.
154 2150 224 2182 Cfr.
248 2151 377 2182 Erasm.
401 2151 509 2193 Adag.
536 2164 568 2194 p.
595 2153 666 2184 24..

137 2204 306 2243 Insector)
350 2203 422 2234 Erf.
451 2205 621 2248 insequor.
666 2206 844 2247 Uolgatam
876 2211 990 2236 tuetur
1013 2204 1131 2235 similis
1156 2204 1248 2235 Iocus
1268 2214 1331 2244 pro
1356 2203 1454 2234 Font.
1483 2215 1508 2234 1.
1533 2204 1686 2236 Insector
1710 2203 1802 2235 ultro
1825 2206 1928 2244 atque

53 2259 143 2291 insto
165 2258 392 2295 aecussatori,
415 2257 563 2297 indice-33
587 2259 744 2296 insector,
768 2259 918 2301 inquam,
942 2272 982 2290 ac
1003 2259 1128 2302 flagito
1153 2257 1260 2288 testis.
1305 2256 1402 2288 Uidit
1426 2257 1598 2287 Ernestus.
1644 2257 1702 2288 Set
1726 2256 1843 2287 Cicero
1866 2263 1927 2282 ua-

52 2310 141 2341 riare
169 2308 298 2350 potuit,
338 2315 452 2350 estque
476 2312 607 2353 optumi
631 2312 752 2343 codicis
779 2318 916 2353 optuma
949 2312 1058 2342 lectio.
1106 2310 1194 2343 Uide
1222 2309 1263 2340 ad
1290 2321 1316 2340 c.
1341 2310 1370 2340 6.
1400 2321 1463 2351 pro
1495 2309 1623 2340 Sextio.
1666 2310 1925 2340 GARATONIUS·

54 2363 267 2404 Quamquam
294 2362 454 2404 insequor
477 2371 564 2396 recte
587 2366 699 2408 potuit
723 2365 805 2402 dici,
830 2371 867 2395 ut
890 2365 981 2395 Iocus
1005 2363 1230 2406 supplementi
1259 2375 1322 2405 pro
1343 2363 1462 2393 Flacco
1487 2362 1516 2394 5.
1544 2361 1595 2392 ed.
1619 2362 1700 2393 Mai.
1732 2372 1766 2403 p.
1789 2359 1839 2390 55.
1872 2355 1924 2387 ed·

55 2416 205 2448 Cramer.
229 2425 263 2456 p.
286 2413 354 2456 98„
390 2415 430 2445 ab
454 2416 586 2449 Orellio
608 2418 755 2458 adlatus,
791 2424 1042 2450 acc-assutorem
1067 2417 1194 2460 urgebo
1217 2423 1320 2461 atque
1342 2416 1522 2459 insequar,
1560 2421 1594 2447 et
1616 2415 1708 2447 ultro
1732 2413 1859 2446 crimen
1882 2411 1925 2444 ab

1452 2473 1488 2499 30
1501 2469 1514 2483 *
