<?xml version="1.0" encoding="UTF-8"?>
<!DOCTYPE html PUBLIC "-//W3C//DTD XHTML 1.0 Transitional//EN"
    "http://www.w3.org/TR/xhtml1/DTD/xhtml1-transitional.dtd">
<html xmlns="http://www.w3.org/1999/xhtml" xml:lang="en" lang="en">
 <head>
  <title>
</title>
<meta http-equiv="Content-Type" content="text/html;charset=utf-8" />
  <meta name='ocr-system' content='tesseract 3.04.00' />
  <meta name='ocr-capabilities' content='ocr_page ocr_carea ocr_par ocr_line ocrx_word'/>
</head>
<body>
  <div class='ocr_page' id='page_1' title='image "./oratioprocnplan00ciceuoft/oratioprocnplan00ciceuoft_0247.png"; bbox 0 0 2264 2746; ppageno 0'>
   <div class='ocr_carea' id='block_1_1' title="bbox 764 135 1950 178">
    <p class='ocr_par' dir='ltr' id='par_1_1' title="bbox 764 135 1950 178">
     <span class='ocr_line' id='line_1_1' title="bbox 764 135 1950 178; baseline -0.001 -10"><span class='ocrx_word' id='word_1_1' title='bbox 764 135 793 168; x_wconf 87' lang='lat' dir='ltr'>&#39;c</span> <span class='ocrx_word' id='word_1_2' title='bbox 814 139 842 167; x_wconf 87' lang='lat' dir='ltr'>A</span> <span class='ocrx_word' id='word_1_3' title='bbox 862 141 903 169; x_wconf 86' lang='lat' dir='ltr'>P.</span> <span class='ocrx_word' id='word_1_4' title='bbox 942 139 1050 168; x_wconf 82' lang='lat' dir='ltr'><strong>XVII.</strong></span> <span class='ocrx_word' id='word_1_5' title='bbox 1076 138 1104 178; x_wconf 80' lang='lat'>§.</span> <span class='ocrx_word' id='word_1_6' title='bbox 1125 143 1259 171; x_wconf 78' lang='lat'><strong>41—43.</strong></span> <span class='ocrx_word' id='word_1_7' title='bbox 1898 142 1950 168; x_wconf 83' lang='lat'>131</span> 
     </span>
    </p>
   </div>
   <div class='ocr_carea' id='block_1_2' title="bbox 53 211 1950 2522">
    <p class='ocr_par' dir='ltr' id='par_1_2' title="bbox 65 211 1950 578">
     <span class='ocr_line' id='line_1_2' title="bbox 68 211 1950 262; baseline -0.004 -13"><span class='ocrx_word' id='word_1_8' title='bbox 68 217 344 262; x_wconf 74' lang='lat' dir='ltr'>permiscuerunt</span> <span class='ocrx_word' id='word_1_9' title='bbox 368 228 454 254; x_wconf 87' lang='lat' dir='ltr'>esse,</span> <span class='ocrx_word' id='word_1_10' title='bbox 478 215 515 247; x_wconf 87' lang='lat' dir='ltr'>hi</span> <span class='ocrx_word' id='word_1_11' title='bbox 537 214 602 245; x_wconf 82' lang='lat' dir='ltr'>loci</span> <span class='ocrx_word' id='word_1_12' title='bbox 626 213 827 257; x_wconf 84' lang='lat' dir='ltr'>probabunt.</span> <span class='ocrx_word' id='word_1_13' title='bbox 873 214 943 246; x_wconf 87' lang='lat' dir='ltr'><strong>Cic.</strong></span> <span class='ocrx_word' id='word_1_14' title='bbox 968 215 1030 247; x_wconf 88' lang='lat' dir='ltr'>Or.</span> <span class='ocrx_word' id='word_1_15' title='bbox 1057 215 1126 253; x_wconf 81' lang='lat' dir='ltr'>IX,</span> <span class='ocrx_word' id='word_1_16' title='bbox 1151 225 1202 257; x_wconf 79' lang='lat'>29.</span> <span class='ocrx_word' id='word_1_17' title='bbox 1232 214 1304 254; x_wconf 81' lang='lat' dir='ltr'>Oui</span> <span class='ocrx_word' id='word_1_18' title='bbox 1325 211 1496 255; x_wconf 79' lang='lat' dir='ltr'>(Pericles)</span> <span class='ocrx_word' id='word_1_19' title='bbox 1519 213 1551 245; x_wconf 85' lang='lat' dir='ltr'>si</span> <span class='ocrx_word' id='word_1_20' title='bbox 1573 212 1669 244; x_wconf 74' lang='lat' dir='ltr'>temti</span> <span class='ocrx_word' id='word_1_21' title='bbox 1688 223 1814 254; x_wconf 78' lang='lat' dir='ltr'><em>genere</em></span> <span class='ocrx_word' id='word_1_22' title='bbox 1836 217 1950 243; x_wconf 76' lang='lat' dir='ltr'>utere-</span> 
     </span>
     <span class='ocr_line' id='line_1_3' title="bbox 70 264 1947 314; baseline -0.004 -13"><span class='ocrx_word' id='word_1_23' title='bbox 70 275 146 308; x_wconf 81' lang='lat' dir='ltr'>tur,</span> <span class='ocrx_word' id='word_1_24' title='bbox 182 283 370 314; x_wconf 76' lang='lat' dir='ltr'><em>numquam</em></span> <span class='ocrx_word' id='word_1_25' title='bbox 397 270 439 301; x_wconf 80' lang='grc' dir='ltr'>(ιῖ)</span> <span class='ocrx_word' id='word_1_26' title='bbox 466 269 702 311; x_wconf 72' lang='lat' dir='ltr'>Aristophane</span> <span class='ocrx_word' id='word_1_27' title='bbox 725 274 830 311; x_wconf 73' lang='lat' dir='ltr'>pocta</span> <span class='ocrx_word' id='word_1_28' title='bbox 843 267 1009 311; x_wconf 79' lang='lat' dir='ltr'>fulgere,</span> <span class='ocrx_word' id='word_1_29' title='bbox 1045 275 1183 307; x_wconf 77' lang='lat' dir='ltr'>tonare,</span> <span class='ocrx_word' id='word_1_30' title='bbox 1213 267 1477 311; x_wconf 74' lang='lat' dir='ltr'><strong><em>permiscere</em></strong></span> <span class='ocrx_word' id='word_1_31' title='bbox 1500 265 1685 298; x_wconf 77' lang='lat' dir='ltr'><em>Graeciam</em></span> <span class='ocrx_word' id='word_1_32' title='bbox 1715 264 1828 295; x_wconf 74' lang='lat' dir='ltr'>dictus</span> <span class='ocrx_word' id='word_1_33' title='bbox 1851 269 1947 295; x_wconf 77' lang='lat' dir='ltr'>esset.</span> 
     </span>
     <span class='ocr_line' id='line_1_4' title="bbox 67 316 1947 363; baseline -0.004 -9"><span class='ocrx_word' id='word_1_34' title='bbox 67 322 162 354; x_wconf 86' lang='lat' dir='ltr'>Idem</span> <span class='ocrx_word' id='word_1_35' title='bbox 186 324 228 353; x_wconf 91' lang='grc'>11.</span> <span class='ocrx_word' id='word_1_36' title='bbox 259 330 375 354; x_wconf 88' lang='lat' dir='ltr'>contra</span> <span class='ocrx_word' id='word_1_37' title='bbox 399 323 540 353; x_wconf 81' lang='lat' dir='ltr'>Rullum</span> <span class='ocrx_word' id='word_1_38' title='bbox 566 321 744 358; x_wconf 62' lang='lat' dir='ltr'>xxxm,</span> <span class='ocrx_word' id='word_1_39' title='bbox 780 333 830 363; x_wconf 69' lang='lat'>9¹·</span> <span class='ocrx_word' id='word_1_40' title='bbox 865 322 1033 353; x_wconf 66' lang='lat' dir='ltr'>Ilonu&#39;ues</span> <span class='ocrx_word' id='word_1_41' title='bbox 1062 334 1128 353; x_wconf 77' lang='lat' dir='ltr'>uon</span> <span class='ocrx_word' id='word_1_42' title='bbox 1157 322 1295 352; x_wconf 62' lang='lat' dir='ltr'>inerant</span> <span class='ocrx_word' id='word_1_43' title='bbox 1325 321 1360 351; x_wconf 77' lang='lat' dir='ltr'>in</span> <span class='ocrx_word' id='word_1_44' title='bbox 1384 320 1483 358; x_wconf 80' lang='lat' dir='ltr'>urbe,</span> <span class='ocrx_word' id='word_1_45' title='bbox 1517 319 1576 362; x_wconf 79' lang='lat' dir='ltr'>qui</span> <span class='ocrx_word' id='word_1_46' title='bbox 1597 318 1699 349; x_wconf 78' lang='lat' dir='ltr'>malis</span> <span class='ocrx_word' id='word_1_47' title='bbox 1722 316 1947 354; x_wconf 73' lang='lat' dir='ltr'>contionibus,</span> 
     </span>
     <span class='ocr_line' id='line_1_5' title="bbox 67 374 1947 417; baseline -0.004 -10"><span class='ocrx_word' id='word_1_48' title='bbox 67 376 276 407; x_wconf 78' lang='lat' dir='ltr'>turbulentis</span> <span class='ocrx_word' id='word_1_49' title='bbox 299 383 438 408; x_wconf 77' lang='lat' dir='ltr'>senatus</span> <span class='ocrx_word' id='word_1_50' title='bbox 465 374 648 411; x_wconf 53' lang='lat' dir='ltr'>Consulti-s,</span> <span class='ocrx_word' id='word_1_51' title='bbox 681 374 811 416; x_wconf 70' lang='lat' dir='ltr'>iniquis</span> <span class='ocrx_word' id='word_1_52' title='bbox 835 375 979 417; x_wconf 77' lang='lat' dir='ltr'>inperiis</span> <span class='ocrx_word' id='word_1_53' title='bbox 1003 387 1071 405; x_wconf 77' lang='lat' dir='ltr'>rem</span> <span class='ocrx_word' id='word_1_54' title='bbox 1091 374 1269 417; x_wconf 72' lang='lat' dir='ltr'>publicam</span> <span class='ocrx_word' id='word_1_55' title='bbox 1292 374 1543 410; x_wconf 71' lang='lat' dir='ltr'>miscerent,</span> <span class='ocrx_word' id='word_1_56' title='bbox 1581 378 1613 403; x_wconf 84' lang='lat' dir='ltr'>et</span> <span class='ocrx_word' id='word_1_57' title='bbox 1637 382 1753 402; x_wconf 76' lang='lat' dir='ltr'>rerum</span> <span class='ocrx_word' id='word_1_58' title='bbox 1775 381 1947 401; x_wconf 73' lang='lat' dir='ltr'>nouarum</span> 
     </span>
     <span class='ocr_line' id='line_1_6' title="bbox 65 422 1946 472; baseline -0.008 -12"><span class='ocrx_word' id='word_1_59' title='bbox 65 441 224 461; x_wconf 69' lang='lat' dir='ltr'>caussam</span> <span class='ocrx_word' id='word_1_60' title='bbox 249 430 404 472; x_wconf 77' lang='lat' dir='ltr'>aliquam</span> <span class='ocrx_word' id='word_1_61' title='bbox 424 432 638 471; x_wconf 72' lang='lat' dir='ltr'>quaererent.</span> <span class='ocrx_word' id='word_1_62' title='bbox 682 426 775 457; x_wconf 82' lang='lat' dir='ltr'>Ideni</span> <span class='ocrx_word' id='word_1_63' title='bbox 800 439 861 469; x_wconf 87' lang='lat' dir='ltr'>pro</span> <span class='ocrx_word' id='word_1_64' title='bbox 886 427 959 457; x_wconf 80' lang='lat' dir='ltr'>Mil.</span> <span class='ocrx_word' id='word_1_65' title='bbox 978 428 1040 465; x_wconf 75' lang='lat' dir='ltr'>IX,</span> <span class='ocrx_word' id='word_1_66' title='bbox 1066 428 1116 458; x_wconf 76' lang='lat'>25.</span> <span class='ocrx_word' id='word_1_67' title='bbox 1141 425 1355 457; x_wconf 66' lang='lat' dir='ltr'>(buum-nbat</span> <span class='ocrx_word' id='word_1_68' title='bbox 1379 425 1508 459; x_wconf 68' lang='lat' dir='ltr'>tribus:</span> <span class='ocrx_word' id='word_1_69' title='bbox 1534 438 1568 456; x_wconf 82' lang='lat' dir='ltr'>se</span> <span class='ocrx_word' id='word_1_70' title='bbox 1590 423 1846 466; x_wconf 75' lang='lat' dir='ltr'>iuterponebat3</span> <span class='ocrx_word' id='word_1_71' title='bbox 1869 422 1946 453; x_wconf 81' lang='lat' dir='ltr'>Col.</span> 
     </span>
     <span class='ocr_line' id='line_1_7' title="bbox 65 474 1944 523; baseline -0.004 -10"><span class='ocrx_word' id='word_1_72' title='bbox 65 482 175 513; x_wconf 76' lang='lat' dir='ltr'>littam</span> <span class='ocrx_word' id='word_1_73' title='bbox 207 495 333 514; x_wconf 77' lang='lat' dir='ltr'>nouam</span> <span class='ocrx_word' id='word_1_74' title='bbox 363 483 496 514; x_wconf 70' lang='lat' dir='ltr'>delectu</span> <span class='ocrx_word' id='word_1_75' title='bbox 525 481 852 523; x_wconf 65' lang='lat' dir='ltr'>perditiss-umorum</span> <span class='ocrx_word' id='word_1_76' title='bbox 877 480 1007 512; x_wconf 78' lang='lat' dir='ltr'>ciuium</span> <span class='ocrx_word' id='word_1_77' title='bbox 1030 479 1270 511; x_wconf 74' lang='lat' dir='ltr'><em>conscribebat.</em></span> <span class='ocrx_word' id='word_1_78' title='bbox 1315 479 1454 518; x_wconf 76' lang='lat' dir='ltr'>Quanto</span> <span class='ocrx_word' id='word_1_79' title='bbox 1477 479 1537 510; x_wconf 78' lang='lat' dir='ltr'>ille</span> <span class='ocrx_word' id='word_1_80' title='bbox 1556 478 1690 521; x_wconf 71' lang='lat' dir='ltr'>plura</span> <span class='ocrx_word' id='word_1_81' title='bbox 1718 474 1944 514; x_wconf 78' lang='lat' dir='ltr'><em>miscebat,</em></span> 
     </span>
     <span class='ocr_line' id='line_1_8' title="bbox 65 533 820 578; baseline -0.004 -11"><span class='ocrx_word' id='word_1_82' title='bbox 65 540 161 567; x_wconf 75' lang='lat' dir='ltr'>tanto</span> <span class='ocrx_word' id='word_1_83' title='bbox 184 536 240 567; x_wconf 64' lang='lat' dir='ltr'>hic</span> <span class='ocrx_word' id='word_1_84' title='bbox 262 536 376 578; x_wconf 77' lang='lat' dir='ltr'>magis</span> <span class='ocrx_word' id='word_1_85' title='bbox 400 536 434 566; x_wconf 73' lang='lat' dir='ltr'>in</span> <span class='ocrx_word' id='word_1_86' title='bbox 458 534 530 565; x_wconf 74' lang='lat' dir='ltr'>dies</span> <span class='ocrx_word' id='word_1_87' title='bbox 553 533 820 565; x_wconf 60' lang='lat' dir='ltr'>conualescebat.</span> 
     </span>
    </p>

    <p class='ocr_par' dir='ltr' id='par_1_3' title="bbox 62 579 1942 682">
     <span class='ocr_line' id='line_1_9' title="bbox 148 579 1942 630; baseline -0.006 -11"><span class='ocrx_word' id='word_1_88' title='bbox 148 590 177 630; x_wconf 56' lang='grc' dir='ltr'>ς.</span> <span class='ocrx_word' id='word_1_89' title='bbox 202 588 254 619; x_wconf 61' lang='grc'>42.</span> <span class='ocrx_word' id='word_1_90' title='bbox 299 589 357 619; x_wconf 72' lang='lat' dir='ltr'>Set</span> <span class='ocrx_word' id='word_1_91' title='bbox 372 587 515 630; x_wconf 75' lang='lat' dir='ltr'>factum</span> <span class='ocrx_word' id='word_1_92' title='bbox 539 592 637 617; x_wconf 71' lang='lat' dir='ltr'>tunm</span> <span class='ocrx_word' id='word_1_93' title='bbox 660 599 680 617; x_wconf 82' lang='grc' dir='ltr'>(ι</span> <span class='ocrx_word' id='word_1_94' title='bbox 706 586 876 617; x_wconf 71' lang='lat' dir='ltr'>sententia</span> <span class='ocrx_word' id='word_1_95' title='bbox 907 585 995 627; x_wconf 75' lang='lat' dir='ltr'>legis</span> <span class='ocrx_word' id='word_1_96' title='bbox 1017 585 1117 616; x_wconf 77' lang='lat' dir='ltr'>doceo</span> <span class='ocrx_word' id='word_1_97' title='bbox 1140 582 1349 626; x_wconf 73' lang='lat' dir='ltr'>discrepare)</span> <span class='ocrx_word' id='word_1_98' title='bbox 1396 582 1497 623; x_wconf 86' lang='lat' dir='ltr'>Quod</span> <span class='ocrx_word' id='word_1_99' title='bbox 1522 595 1588 624; x_wconf 89' lang='lat' dir='ltr'>quo</span> <span class='ocrx_word' id='word_1_100' title='bbox 1612 593 1711 614; x_wconf 85' lang='lat' dir='ltr'>sensu</span> <span class='ocrx_word' id='word_1_101' title='bbox 1733 580 1777 612; x_wconf 83' lang='lat' dir='ltr'>sit</span> <span class='ocrx_word' id='word_1_102' title='bbox 1803 579 1942 619; x_wconf 86' lang='lat' dir='ltr'>dictum,</span> 
     </span>
     <span class='ocr_line' id='line_1_10' title="bbox 62 634 1566 682; baseline -0.005 -9"><span class='ocrx_word' id='word_1_103' title='bbox 62 641 140 674; x_wconf 80' lang='lat' dir='ltr'>satis</span> <span class='ocrx_word' id='word_1_104' title='bbox 167 647 216 672; x_wconf 83' lang='lat' dir='ltr'>est</span> <span class='ocrx_word' id='word_1_105' title='bbox 237 652 255 671; x_wconf 87' lang='lat' dir='ltr'>a</span> <span class='ocrx_word' id='word_1_106' title='bbox 280 652 335 672; x_wconf 88' lang='lat' dir='ltr'>me</span> <span class='ocrx_word' id='word_1_107' title='bbox 358 641 491 682; x_wconf 77' lang='lat' dir='ltr'>Proleg.</span> <span class='ocrx_word' id='word_1_108' title='bbox 518 639 559 670; x_wconf 89' lang='lat' dir='ltr'>L.</span> <span class='ocrx_word' id='word_1_109' title='bbox 584 639 642 668; x_wconf 89' lang='grc'>111.</span> <span class='ocrx_word' id='word_1_110' title='bbox 667 638 704 669; x_wconf 90' lang='lat' dir='ltr'>C.</span> <span class='ocrx_word' id='word_1_111' title='bbox 729 638 788 668; x_wconf 82' lang='lat'>111.</span> <span class='ocrx_word' id='word_1_112' title='bbox 815 639 844 679; x_wconf 56' lang='grc' dir='ltr'>ἕ.</span> <span class='ocrx_word' id='word_1_113' title='bbox 869 638 898 669; x_wconf 81' lang='grc'>5.</span> <span class='ocrx_word' id='word_1_114' title='bbox 922 649 954 679; x_wconf 87' lang='lat' dir='ltr'>p.</span> <span class='ocrx_word' id='word_1_115' title='bbox 978 638 1170 668; x_wconf 71' lang='lat' dir='ltr'>LXXVIII</span> <span class='ocrx_word' id='word_1_116' title='bbox 1194 649 1242 678; x_wconf 87' lang='lat' dir='ltr'>sq.</span> <span class='ocrx_word' id='word_1_117' title='bbox 1265 636 1406 679; x_wconf 79' lang='lat' dir='ltr'>planum</span> <span class='ocrx_word' id='word_1_118' title='bbox 1429 634 1566 666; x_wconf 81' lang='lat' dir='ltr'>factum.</span> 
     </span>
    </p>

    <p class='ocr_par' dir='ltr' id='par_1_4' title="bbox 54 684 1943 1262">
     <span class='ocr_line' id='line_1_11' title="bbox 144 684 1943 733; baseline -0.004 -9"><span class='ocrx_word' id='word_1_119' title='bbox 144 694 195 725; x_wconf 79' lang='lat' dir='ltr'>Et</span> <span class='ocrx_word' id='word_1_120' title='bbox 222 694 303 725; x_wconf 73' lang='lat' dir='ltr'>illut</span> <span class='ocrx_word' id='word_1_121' title='bbox 334 694 494 726; x_wconf 72' lang='lat' dir='ltr'>acerbum</span> <span class='ocrx_word' id='word_1_122' title='bbox 525 692 695 723; x_wconf 71' lang='lat' dir='ltr'>imlc&#39;cimn</span> <span class='ocrx_word' id='word_1_123' title='bbox 723 691 754 722; x_wconf 84' lang='lat' dir='ltr'>si</span> <span class='ocrx_word' id='word_1_124' title='bbox 772 708 814 714; x_wconf 89' lang='lat'>—</span> <span class='ocrx_word' id='word_1_125' title='bbox 837 691 888 722; x_wconf 74' lang='lat' dir='ltr'>ita</span> <span class='ocrx_word' id='word_1_126' title='bbox 908 690 1074 733; x_wconf 70' lang='lat' dir='ltr'>secisse-5,</span> <span class='ocrx_word' id='word_1_127' title='bbox 1111 695 1151 721; x_wconf 76' lang='lat' dir='ltr'>nt</span> <span class='ocrx_word' id='word_1_128' title='bbox 1175 707 1213 712; x_wconf 85' lang='lat'>--</span> <span class='ocrx_word' id='word_1_129' title='bbox 1244 702 1311 720; x_wconf 69' lang='lat' dir='ltr'>nott</span> <span class='ocrx_word' id='word_1_130' title='bbox 1334 689 1433 720; x_wconf 80' lang='lat' dir='ltr'>modo</span> <span class='ocrx_word' id='word_1_131' title='bbox 1462 700 1528 719; x_wconf 78' lang='lat' dir='ltr'>non</span> <span class='ocrx_word' id='word_1_132' title='bbox 1553 687 1725 731; x_wconf 72' lang='lat' dir='ltr'>quererer)</span> <span class='ocrx_word' id='word_1_133' title='bbox 1770 684 1943 718; x_wconf 75' lang='lat' dir='ltr'>Uidentur</span> 
     </span>
     <span class='ocr_line' id='line_1_12' title="bbox 61 737 1940 786; baseline -0.005 -10"><span class='ocrx_word' id='word_1_134' title='bbox 61 745 181 784; x_wconf 86' lang='lat' dir='ltr'>uerba,</span> <span class='ocrx_word' id='word_1_135' title='bbox 216 747 298 778; x_wconf 75' lang='lat' dir='ltr'>illut</span> <span class='ocrx_word' id='word_1_136' title='bbox 326 745 484 778; x_wconf 72' lang='lat' dir='ltr'>acerbum</span> <span class='ocrx_word' id='word_1_137' title='bbox 511 745 698 781; x_wconf 73' lang='lat' dir='ltr'>indicium,</span> <span class='ocrx_word' id='word_1_138' title='bbox 731 755 793 786; x_wconf 86' lang='lat' dir='ltr'>per</span> <span class='ocrx_word' id='word_1_139' title='bbox 823 755 857 774; x_wconf 83' lang='lat' dir='ltr'>sc</span> <span class='ocrx_word' id='word_1_140' title='bbox 889 743 1089 781; x_wconf 76' lang='lat' dir='ltr'>consistere,</span> <span class='ocrx_word' id='word_1_141' title='bbox 1123 753 1184 772; x_wconf 85' lang='lat' dir='ltr'>nec</span> <span class='ocrx_word' id='word_1_142' title='bbox 1215 742 1359 772; x_wconf 84' lang='lat' dir='ltr'>uerbum</span> <span class='ocrx_word' id='word_1_143' title='bbox 1388 753 1454 783; x_wconf 89' lang='lat' dir='ltr'>quo</span> <span class='ocrx_word' id='word_1_144' title='bbox 1482 746 1712 772; x_wconf 71' lang='lat' dir='ltr'>sustententur</span> <span class='ocrx_word' id='word_1_145' title='bbox 1741 737 1940 775; x_wconf 81' lang='lat' dir='ltr'>desiderare,</span> 
     </span>
     <span class='ocr_line' id='line_1_13' title="bbox 61 791 1940 840; baseline -0.005 -12"><span class='ocrx_word' id='word_1_146' title='bbox 61 798 155 840; x_wconf 80' lang='lat' dir='ltr'>quasi</span> <span class='ocrx_word' id='word_1_147' title='bbox 179 798 281 830; x_wconf 85' lang='lat' dir='ltr'>dicat:</span> <span class='ocrx_word' id='word_1_148' title='bbox 316 799 379 837; x_wconf 89' lang='lat' dir='ltr'>Et,</span> <span class='ocrx_word' id='word_1_149' title='bbox 405 797 496 840; x_wconf 86' lang='lat' dir='ltr'>quod</span> <span class='ocrx_word' id='word_1_150' title='bbox 518 797 677 830; x_wconf 85' lang='lat' dir='ltr'>acerbum</span> <span class='ocrx_word' id='word_1_151' title='bbox 704 795 867 827; x_wconf 80' lang='lat' dir='ltr'>iudiciuin</span> <span class='ocrx_word' id='word_1_152' title='bbox 892 802 959 835; x_wconf 86' lang='lat' dir='ltr'>est,</span> <span class='ocrx_word' id='word_1_153' title='bbox 985 796 1032 834; x_wconf 86' lang='lat' dir='ltr'>si,</span> <span class='ocrx_word' id='word_1_154' title='bbox 1057 794 1344 837; x_wconf 76' lang='lat' dir='ltr'>quemadmodum</span> <span class='ocrx_word' id='word_1_155' title='bbox 1367 794 1400 825; x_wconf 88' lang='lat' dir='ltr'>in</span> <span class='ocrx_word' id='word_1_156' title='bbox 1425 795 1458 825; x_wconf 88' lang='lat' dir='ltr'>S.</span> <span class='ocrx_word' id='word_1_157' title='bbox 1484 794 1521 825; x_wconf 91' lang='lat' dir='ltr'>C.</span> <span class='ocrx_word' id='word_1_158' title='bbox 1547 799 1579 824; x_wconf 85' lang='lat' dir='ltr'>et</span> <span class='ocrx_word' id='word_1_159' title='bbox 1602 793 1674 834; x_wconf 86' lang='lat' dir='ltr'>lege</span> <span class='ocrx_word' id='word_1_160' title='bbox 1695 791 1857 833; x_wconf 87' lang='lat' dir='ltr'>scriptum</span> <span class='ocrx_word' id='word_1_161' title='bbox 1881 795 1940 828; x_wconf 84' lang='lat' dir='ltr'>est,</span> 
     </span>
     <span class='ocr_line' id='line_1_14' title="bbox 60 843 1940 891; baseline -0.005 -9"><span class='ocrx_word' id='word_1_162' title='bbox 60 850 107 881; x_wconf 81' lang='lat' dir='ltr'>ita</span> <span class='ocrx_word' id='word_1_163' title='bbox 128 850 279 891; x_wconf 86' lang='lat' dir='ltr'>fecisses,</span> <span class='ocrx_word' id='word_1_164' title='bbox 303 857 341 882; x_wconf 84' lang='lat' dir='ltr'>ut</span> <span class='ocrx_word' id='word_1_165' title='bbox 364 851 399 881; x_wconf 89' lang='lat' dir='ltr'>in</span> <span class='ocrx_word' id='word_1_166' title='bbox 422 849 597 881; x_wconf 80' lang='lat' dir='ltr'>Plancium</span> <span class='ocrx_word' id='word_1_167' title='bbox 620 855 653 879; x_wconf 82' lang='lat' dir='ltr'>et</span> <span class='ocrx_word' id='word_1_168' title='bbox 678 861 772 880; x_wconf 85' lang='lat' dir='ltr'>suam</span> <span class='ocrx_word' id='word_1_169' title='bbox 796 848 923 879; x_wconf 78' lang='lat' dir='ltr'>tribum</span> <span class='ocrx_word' id='word_1_170' title='bbox 947 847 1185 887; x_wconf 70' lang='lat' dir='ltr'>Terentinam,</span> <span class='ocrx_word' id='word_1_171' title='bbox 1210 853 1242 878; x_wconf 88' lang='lat' dir='ltr'>et</span> <span class='ocrx_word' id='word_1_172' title='bbox 1264 847 1304 878; x_wconf 82' lang='lat' dir='ltr'>ab</span> <span class='ocrx_word' id='word_1_173' title='bbox 1328 858 1367 878; x_wconf 90' lang='lat' dir='ltr'>eo</span> <span class='ocrx_word' id='word_1_174' title='bbox 1392 847 1583 878; x_wconf 87' lang='lat' dir='ltr'>obseruatas</span> <span class='ocrx_word' id='word_1_175' title='bbox 1608 845 1739 881; x_wconf 77' lang='lat' dir='ltr'>ederes,</span> <span class='ocrx_word' id='word_1_176' title='bbox 1771 844 1829 885; x_wconf 85' lang='lat' dir='ltr'>(sic</span> <span class='ocrx_word' id='word_1_177' title='bbox 1852 843 1940 873; x_wconf 86' lang='lat' dir='ltr'>enim</span> 
     </span>
     <span class='ocr_line' id='line_1_15' title="bbox 60 896 1941 945; baseline -0.004 -13"><span class='ocrx_word' id='word_1_178' title='bbox 60 903 135 945; x_wconf 79' lang='lat' dir='ltr'>lego</span> <span class='ocrx_word' id='word_1_179' title='bbox 159 904 352 945; x_wconf 78' lang='lat' dir='ltr'>postulante</span> <span class='ocrx_word' id='word_1_180' title='bbox 375 903 558 941; x_wconf 85' lang='lat' dir='ltr'>sententia,</span> <span class='ocrx_word' id='word_1_181' title='bbox 582 913 649 934; x_wconf 88' lang='lat' dir='ltr'>non</span> <span class='ocrx_word' id='word_1_182' title='bbox 673 901 822 942; x_wconf 76' lang='lat' dir='ltr'>ederent)</span> <span class='ocrx_word' id='word_1_183' title='bbox 847 911 915 931; x_wconf 89' lang='lat' dir='ltr'>non</span> <span class='ocrx_word' id='word_1_184' title='bbox 939 899 1041 930; x_wconf 82' lang='lat' dir='ltr'>modo</span> <span class='ocrx_word' id='word_1_185' title='bbox 1068 911 1136 931; x_wconf 90' lang='lat' dir='ltr'>non</span> <span class='ocrx_word' id='word_1_186' title='bbox 1160 912 1340 942; x_wconf 82' lang='lat' dir='ltr'>quererer,</span> <span class='ocrx_word' id='word_1_187' title='bbox 1363 906 1413 931; x_wconf 86' lang='lat' dir='ltr'>set</span> <span class='ocrx_word' id='word_1_188' title='bbox 1434 899 1600 930; x_wconf 89' lang='lat' dir='ltr'>iudicibus</span> <span class='ocrx_word' id='word_1_189' title='bbox 1624 897 1721 928; x_wconf 88' lang='lat' dir='ltr'>editis</span> <span class='ocrx_word' id='word_1_190' title='bbox 1745 897 1796 935; x_wconf 86' lang='lat' dir='ltr'>iis,</span> <span class='ocrx_word' id='word_1_191' title='bbox 1822 896 1941 938; x_wconf 85' lang='lat' dir='ltr'>quibus</span> 
     </span>
     <span class='ocr_line' id='line_1_16' title="bbox 59 948 1942 999; baseline -0.004 -13"><span class='ocrx_word' id='word_1_192' title='bbox 59 955 174 986; x_wconf 84' lang='lat' dir='ltr'>Planci</span> <span class='ocrx_word' id='word_1_193' title='bbox 198 956 370 999; x_wconf 78' lang='lat' dir='ltr'>integritas</span> <span class='ocrx_word' id='word_1_194' title='bbox 396 963 476 987; x_wconf 82' lang='lat' dir='ltr'>nota</span> <span class='ocrx_word' id='word_1_195' title='bbox 499 962 601 989; x_wconf 83' lang='lat' dir='ltr'>esset.</span> <span class='ocrx_word' id='word_1_196' title='bbox 635 955 826 986; x_wconf 82' lang='lat' dir='ltr'>absolutum</span> <span class='ocrx_word' id='word_1_197' title='bbox 848 953 1020 984; x_wconf 80' lang='lat' dir='ltr'>Plancium</span> <span class='ocrx_word' id='word_1_198' title='bbox 1044 960 1211 995; x_wconf 80' lang='lat' dir='ltr'>putarem.</span> <span class='ocrx_word' id='word_1_199' title='bbox 1238 953 1452 984; x_wconf 59' lang='lat' dir='ltr'>INIANFTlt&#39;S.</span> <span class='ocrx_word' id='word_1_200' title='bbox 1496 952 1669 983; x_wconf 82' lang='lat' dir='ltr'>Ferratius</span> <span class='ocrx_word' id='word_1_201' title='bbox 1691 962 1725 993; x_wconf 86' lang='lat' dir='ltr'>p.</span> <span class='ocrx_word' id='word_1_202' title='bbox 1751 961 1800 981; x_wconf 78' lang='lat'>22.</span> <span class='ocrx_word' id='word_1_203' title='bbox 1825 948 1942 979; x_wconf 86' lang='lat' dir='ltr'>arctis-</span> 
     </span>
     <span class='ocr_line' id='line_1_17' title="bbox 59 1001 1942 1052; baseline -0.005 -12"><span class='ocrx_word' id='word_1_204' title='bbox 59 1020 154 1040; x_wconf 87' lang='lat' dir='ltr'>sume</span> <span class='ocrx_word' id='word_1_205' title='bbox 177 1009 411 1052; x_wconf 82' lang='lat' dir='ltr'>coniungenda</span> <span class='ocrx_word' id='word_1_206' title='bbox 434 1009 553 1047; x_wconf 80' lang='lat' dir='ltr'>uerba,</span> <span class='ocrx_word' id='word_1_207' title='bbox 578 1009 628 1040; x_wconf 80' lang='lat' dir='ltr'>Et</span> <span class='ocrx_word' id='word_1_208' title='bbox 652 1009 733 1039; x_wconf 76' lang='lat' dir='ltr'>illut</span> <span class='ocrx_word' id='word_1_209' title='bbox 758 1006 917 1038; x_wconf 73' lang='lat' dir='ltr'>(tt-erbum</span> <span class='ocrx_word' id='word_1_210' title='bbox 939 1006 1110 1037; x_wconf 68' lang='lat' dir='ltr'>iudicium</span> <span class='ocrx_word' id='word_1_211' title='bbox 1132 1019 1197 1038; x_wconf 77' lang='lat' dir='ltr'><em>llOrl</em></span> <span class='ocrx_word' id='word_1_212' title='bbox 1223 1008 1321 1038; x_wconf 77' lang='lat' dir='ltr'>modo</span> <span class='ocrx_word' id='word_1_213' title='bbox 1345 1018 1411 1037; x_wconf 74' lang='lat' dir='ltr'>nott</span> <span class='ocrx_word' id='word_1_214' title='bbox 1435 1017 1607 1048; x_wconf 74' lang='lat' dir='ltr'>quererer,</span> <span class='ocrx_word' id='word_1_215' title='bbox 1630 1009 1736 1046; x_wconf 78' lang='lat' dir='ltr'>putat,</span> <span class='ocrx_word' id='word_1_216' title='bbox 1759 1001 1942 1045; x_wconf 84' lang='lat' dir='ltr'>parenthe-</span> 
     </span>
     <span class='ocr_line' id='line_1_18' title="bbox 59 1057 1939 1103; baseline -0.005 -11"><span class='ocrx_word' id='word_1_217' title='bbox 59 1073 200 1103; x_wconf 87' lang='lat' dir='ltr'>seosque</span> <span class='ocrx_word' id='word_1_218' title='bbox 223 1062 325 1103; x_wconf 85' lang='lat' dir='ltr'>signis</span> <span class='ocrx_word' id='word_1_219' title='bbox 348 1062 501 1101; x_wconf 76' lang='lat' dir='ltr'>inclusit,</span> <span class='ocrx_word' id='word_1_220' title='bbox 527 1073 610 1103; x_wconf 81' lang='lat' dir='ltr'>quae</span> <span class='ocrx_word' id='word_1_221' title='bbox 633 1060 807 1092; x_wconf 76' lang='lat' dir='ltr'>interiecta</span> <span class='ocrx_word' id='word_1_222' title='bbox 829 1065 925 1098; x_wconf 85' lang='lat' dir='ltr'>sunt,</span> <span class='ocrx_word' id='word_1_223' title='bbox 954 1060 1002 1092; x_wconf 80' lang='lat' dir='ltr'>si,</span> <span class='ocrx_word' id='word_1_224' title='bbox 1027 1060 1313 1102; x_wconf 75' lang='lat' dir='ltr'>quemadmodum</span> <span class='ocrx_word' id='word_1_225' title='bbox 1334 1078 1376 1083; x_wconf 96' lang='lat'>—</span> <span class='ocrx_word' id='word_1_226' title='bbox 1399 1060 1523 1091; x_wconf 74' lang='lat' dir='ltr'>ederes.</span> <span class='ocrx_word' id='word_1_227' title='bbox 1570 1057 1745 1095; x_wconf 83' lang='lat' dir='ltr'>Mirumst,</span> <span class='ocrx_word' id='word_1_228' title='bbox 1770 1060 1939 1091; x_wconf 84' lang='lat' dir='ltr'>neutrum,</span> 
     </span>
     <span class='ocr_line' id='line_1_19' title="bbox 57 1105 1942 1157; baseline -0.005 -11"><span class='ocrx_word' id='word_1_229' title='bbox 57 1126 119 1146; x_wconf 88' lang='lat' dir='ltr'>nec</span> <span class='ocrx_word' id='word_1_230' title='bbox 141 1114 280 1145; x_wconf 89' lang='lat' dir='ltr'>omnino</span> <span class='ocrx_word' id='word_1_231' title='bbox 305 1126 510 1157; x_wconf 82' lang='lat' dir='ltr'>quemquam</span> <span class='ocrx_word' id='word_1_232' title='bbox 534 1115 703 1146; x_wconf 86' lang='lat' dir='ltr'>editorum</span> <span class='ocrx_word' id='word_1_233' title='bbox 727 1113 870 1149; x_wconf 84' lang='lat' dir='ltr'>uidisse,</span> <span class='ocrx_word' id='word_1_234' title='bbox 898 1112 1000 1142; x_wconf 84' lang='lat' dir='ltr'>uerba</span> <span class='ocrx_word' id='word_1_235' title='bbox 1024 1113 1106 1143; x_wconf 71' lang='lat' dir='ltr'>illut</span> <span class='ocrx_word' id='word_1_236' title='bbox 1128 1111 1287 1143; x_wconf 79' lang='lat' dir='ltr'>acerbum</span> <span class='ocrx_word' id='word_1_237' title='bbox 1312 1113 1481 1144; x_wconf 70' lang='lat' dir='ltr'>indic-ium</span> <span class='ocrx_word' id='word_1_238' title='bbox 1501 1110 1650 1154; x_wconf 82' lang='lat' dir='ltr'>pendere</span> <span class='ocrx_word' id='word_1_239' title='bbox 1669 1121 1688 1140; x_wconf 88' lang='lat' dir='ltr'>a</span> <span class='ocrx_word' id='word_1_240' title='bbox 1710 1107 1814 1138; x_wconf 89' lang='lat' dir='ltr'>uerbo</span> <span class='ocrx_word' id='word_1_241' title='bbox 1830 1105 1942 1150; x_wconf 80' lang='lat' dir='ltr'>fecis-</span> 
     </span>
     <span class='ocr_line' id='line_1_20' title="bbox 57 1161 1941 1211; baseline -0.006 -12"><span class='ocrx_word' id='word_1_242' title='bbox 57 1180 128 1206; x_wconf 78' lang='lat' dir='ltr'>ses,</span> <span class='ocrx_word' id='word_1_243' title='bbox 152 1173 185 1198; x_wconf 85' lang='lat' dir='ltr'>et</span> <span class='ocrx_word' id='word_1_244' title='bbox 207 1167 382 1198; x_wconf 77' lang='lat' dir='ltr'>subaudiri</span> <span class='ocrx_word' id='word_1_245' title='bbox 408 1168 450 1198; x_wconf 86' lang='lat' dir='ltr'>ad</span> <span class='ocrx_word' id='word_1_246' title='bbox 474 1168 618 1198; x_wconf 89' lang='lat' dir='ltr'>uerbum</span> <span class='ocrx_word' id='word_1_247' title='bbox 641 1178 801 1211; x_wconf 74' lang='lat' dir='ltr'>quererer</span> <span class='ocrx_word' id='word_1_248' title='bbox 825 1165 958 1195; x_wconf 76' lang='lat' dir='ltr'>debere.</span> <span class='ocrx_word' id='word_1_249' title='bbox 1004 1165 1120 1206; x_wconf 71' lang='lat' dir='ltr'>ltaque</span> <span class='ocrx_word' id='word_1_250' title='bbox 1144 1176 1293 1204; x_wconf 84' lang='lat' dir='ltr'>comma,</span> <span class='ocrx_word' id='word_1_251' title='bbox 1317 1165 1407 1207; x_wconf 81' lang='lat' dir='ltr'>quod</span> <span class='ocrx_word' id='word_1_252' title='bbox 1431 1171 1509 1196; x_wconf 89' lang='lat' dir='ltr'>ante</span> <span class='ocrx_word' id='word_1_253' title='bbox 1531 1175 1585 1196; x_wconf 81' lang='lat' dir='ltr'>me</span> <span class='ocrx_word' id='word_1_254' title='bbox 1608 1163 1697 1194; x_wconf 84' lang='lat' dir='ltr'>inter</span> <span class='ocrx_word' id='word_1_255' title='bbox 1720 1161 1889 1194; x_wconf 77' lang='lat' dir='ltr'>iudicium</span> <span class='ocrx_word' id='word_1_256' title='bbox 1908 1163 1941 1188; x_wconf 80' lang='lat' dir='ltr'>et</span> 
     </span>
     <span class='ocr_line' id='line_1_21' title="bbox 54 1220 523 1262; baseline 0 -10"><span class='ocrx_word' id='word_1_257' title='bbox 54 1221 87 1252; x_wconf 82' lang='lat' dir='ltr'>si</span> <span class='ocrx_word' id='word_1_258' title='bbox 109 1226 181 1251; x_wconf 83' lang='lat' dir='ltr'>erat</span> <span class='ocrx_word' id='word_1_259' title='bbox 202 1220 369 1262; x_wconf 86' lang='lat' dir='ltr'>positum,</span> <span class='ocrx_word' id='word_1_260' title='bbox 401 1221 523 1252; x_wconf 86' lang='lat' dir='ltr'>deleui.</span> 
     </span>
    </p>

    <p class='ocr_par' dir='ltr' id='par_1_5' title="bbox 53 1265 1937 1421">
     <span class='ocr_line' id='line_1_22' title="bbox 148 1265 1937 1316; baseline -0.005 -12"><span class='ocrx_word' id='word_1_261' title='bbox 148 1273 193 1305; x_wconf 85' lang='lat' dir='ltr'>Ut</span> <span class='ocrx_word' id='word_1_262' title='bbox 223 1274 303 1305; x_wconf 68' lang='lat' dir='ltr'>lutis:</span> <span class='ocrx_word' id='word_1_263' title='bbox 332 1280 363 1305; x_wconf 82' lang='lat' dir='ltr'>et</span> <span class='ocrx_word' id='word_1_264' title='bbox 394 1274 505 1316; x_wconf 77' lang='lat' dir='ltr'>suam)</span> <span class='ocrx_word' id='word_1_265' title='bbox 551 1275 656 1305; x_wconf 81' lang='lat' dir='ltr'>Recte</span> <span class='ocrx_word' id='word_1_266' title='bbox 680 1271 885 1303; x_wconf 79' lang='lat' dir='ltr'>Garatonius</span> <span class='ocrx_word' id='word_1_267' title='bbox 910 1271 974 1301; x_wconf 86' lang='lat' dir='ltr'>hoc</span> <span class='ocrx_word' id='word_1_268' title='bbox 996 1270 1116 1302; x_wconf 84' lang='lat' dir='ltr'>melius</span> <span class='ocrx_word' id='word_1_269' title='bbox 1141 1282 1226 1309; x_wconf 87' lang='lat' dir='ltr'>esse,</span> <span class='ocrx_word' id='word_1_270' title='bbox 1263 1282 1363 1312; x_wconf 85' lang='lat' dir='ltr'>quam</span> <span class='ocrx_word' id='word_1_271' title='bbox 1396 1270 1485 1313; x_wconf 80' lang='lat' dir='ltr'>quod</span> <span class='ocrx_word' id='word_1_272' title='bbox 1517 1277 1592 1302; x_wconf 82' lang='lat' dir='ltr'>ante</span> <span class='ocrx_word' id='word_1_273' title='bbox 1616 1281 1694 1300; x_wconf 86' lang='lat' dir='ltr'>eum</span> <span class='ocrx_word' id='word_1_274' title='bbox 1722 1267 1758 1299; x_wconf 85' lang='lat' dir='ltr'>in</span> <span class='ocrx_word' id='word_1_275' title='bbox 1782 1265 1937 1298; x_wconf 82' lang='lat' dir='ltr'>omnibus</span> 
     </span>
     <span class='ocr_line' id='line_1_23' title="bbox 53 1320 1937 1369; baseline -0.005 -13"><span class='ocrx_word' id='word_1_276' title='bbox 53 1325 258 1357; x_wconf 83' lang='lat' dir='ltr'>editionibus</span> <span class='ocrx_word' id='word_1_277' title='bbox 281 1326 445 1369; x_wconf 86' lang='lat' dir='ltr'>scriptum</span> <span class='ocrx_word' id='word_1_278' title='bbox 470 1333 559 1366; x_wconf 84' lang='lat' dir='ltr'>erat,</span> <span class='ocrx_word' id='word_1_279' title='bbox 586 1333 625 1358; x_wconf 71' lang='grc' dir='ltr'>1ιί</span> <span class='ocrx_word' id='word_1_280' title='bbox 648 1327 684 1357; x_wconf 72' lang='lat' dir='ltr'>in</span> <span class='ocrx_word' id='word_1_281' title='bbox 708 1326 797 1357; x_wconf 75' lang='lat' dir='ltr'>lium.-</span> <span class='ocrx_word' id='word_1_282' title='bbox 821 1330 851 1356; x_wconf 79' lang='lat' dir='ltr'>et</span> <span class='ocrx_word' id='word_1_283' title='bbox 875 1337 992 1362; x_wconf 77' lang='lat' dir='ltr'>snam,</span> <span class='ocrx_word' id='word_1_284' title='bbox 1017 1324 1206 1362; x_wconf 80' lang='lat' dir='ltr'>contendit,</span> <span class='ocrx_word' id='word_1_285' title='bbox 1231 1324 1397 1354; x_wconf 80' lang='lat' dir='ltr'>rationem</span> <span class='ocrx_word' id='word_1_286' title='bbox 1419 1322 1573 1355; x_wconf 78' lang='lat' dir='ltr'>adferens</span> <span class='ocrx_word' id='word_1_287' title='bbox 1598 1324 1699 1354; x_wconf 75' lang='lat' dir='ltr'>hanc:</span> <span class='ocrx_word' id='word_1_288' title='bbox 1723 1320 1937 1362; x_wconf 73' lang='lat' dir='ltr'>„edebantur</span> 
     </span>
     <span class='ocr_line' id='line_1_24' title="bbox 54 1376 1249 1421; baseline 0 -13"><span class='ocrx_word' id='word_1_289' title='bbox 54 1378 180 1409; x_wconf 87' lang='lat' dir='ltr'>etenim</span> <span class='ocrx_word' id='word_1_290' title='bbox 203 1389 282 1417; x_wconf 80' lang='lat' dir='ltr'>1&#39;e0,</span> <span class='ocrx_word' id='word_1_291' title='bbox 306 1386 344 1410; x_wconf 86' lang='lat' dir='ltr'>ut</span> <span class='ocrx_word' id='word_1_292' title='bbox 367 1391 469 1411; x_wconf 79' lang='lat' dir='ltr'>unani</span> <span class='ocrx_word' id='word_1_293' title='bbox 490 1385 603 1421; x_wconf 82' lang='lat' dir='ltr'>posset</span> <span class='ocrx_word' id='word_1_294' title='bbox 625 1379 767 1416; x_wconf 82' lang='lat' dir='ltr'>reicere,</span> <span class='ocrx_word' id='word_1_295' title='bbox 801 1376 891 1418; x_wconf 83' lang='lat' dir='ltr'>quod</span> <span class='ocrx_word' id='word_1_296' title='bbox 915 1383 1006 1418; x_wconf 77' lang='lat' dir='ltr'>patet</span> <span class='ocrx_word' id='word_1_297' title='bbox 1029 1388 1071 1407; x_wconf 76' lang='lat' dir='ltr'>ex</span> <span class='ocrx_word' id='word_1_298' title='bbox 1096 1388 1123 1407; x_wconf 91' lang='lat' dir='ltr'>c.</span> <span class='ocrx_word' id='word_1_299' title='bbox 1151 1378 1249 1409; x_wconf 79' lang='grc'>16..“</span> 
     </span>
    </p>

    <p class='ocr_par' dir='ltr' id='par_1_6' title="bbox 54 1426 1937 1578">
     <span class='ocr_line' id='line_1_25' title="bbox 137 1426 1936 1471; baseline -0.003 -10"><span class='ocrx_word' id='word_1_300' title='bbox 137 1431 187 1462; x_wconf 83' lang='lat' dir='ltr'>Et</span> <span class='ocrx_word' id='word_1_301' title='bbox 209 1444 308 1464; x_wconf 75' lang='lat' dir='ltr'>snam</span> <span class='ocrx_word' id='word_1_302' title='bbox 332 1439 364 1464; x_wconf 75' lang='lat' dir='ltr'>ct</span> <span class='ocrx_word' id='word_1_303' title='bbox 386 1433 427 1464; x_wconf 68' lang='lat' dir='ltr'>ab</span> <span class='ocrx_word' id='word_1_304' title='bbox 450 1435 512 1465; x_wconf 65' lang='lat' dir='ltr'>lzoc</span> <span class='ocrx_word' id='word_1_305' title='bbox 531 1432 730 1463; x_wconf 66' lang='lat' dir='ltr'>obser-natas</span> <span class='ocrx_word' id='word_1_306' title='bbox 756 1431 866 1461; x_wconf 74' lang='lat' dir='ltr'>tribus</span> <span class='ocrx_word' id='word_1_307' title='bbox 890 1430 1018 1471; x_wconf 69' lang='lat' dir='ltr'>ederes)</span> <span class='ocrx_word' id='word_1_308' title='bbox 1065 1429 1101 1460; x_wconf 84' lang='lat' dir='ltr'>Si</span> <span class='ocrx_word' id='word_1_309' title='bbox 1125 1430 1182 1471; x_wconf 86' lang='lat' dir='ltr'>qui</span> <span class='ocrx_word' id='word_1_310' title='bbox 1207 1430 1336 1468; x_wconf 72' lang='lat' dir='ltr'>tribus,</span> <span class='ocrx_word' id='word_1_311' title='bbox 1361 1429 1449 1471; x_wconf 89' lang='lat' dir='ltr'>quod</span> <span class='ocrx_word' id='word_1_312' title='bbox 1474 1440 1597 1460; x_wconf 89' lang='lat' dir='ltr'>nomen</span> <span class='ocrx_word' id='word_1_313' title='bbox 1620 1427 1684 1459; x_wconf 89' lang='lat' dir='ltr'>soli</span> <span class='ocrx_word' id='word_1_314' title='bbox 1706 1428 1733 1458; x_wconf 95' lang='lat' dir='ltr'><strong>B</strong></span> <span class='ocrx_word' id='word_1_315' title='bbox 1758 1433 1791 1458; x_wconf 84' lang='lat' dir='ltr'>et</span> <span class='ocrx_word' id='word_1_316' title='bbox 1813 1426 1841 1457; x_wconf 86' lang='lat' dir='ltr'>E</span> <span class='ocrx_word' id='word_1_317' title='bbox 1865 1435 1936 1456; x_wconf 89' lang='lat' dir='ltr'>ser-</span> 
     </span>
     <span class='ocr_line' id='line_1_26' title="bbox 54 1477 1937 1526; baseline -0.004 -13"><span class='ocrx_word' id='word_1_318' title='bbox 54 1489 195 1522; x_wconf 78' lang='lat' dir='ltr'>uarum,</span> <span class='ocrx_word' id='word_1_319' title='bbox 224 1490 261 1515; x_wconf 86' lang='lat' dir='ltr'>ut</span> <span class='ocrx_word' id='word_1_320' title='bbox 284 1484 438 1526; x_wconf 85' lang='lat' dir='ltr'>spurium</span> <span class='ocrx_word' id='word_1_321' title='bbox 463 1485 596 1515; x_wconf 79' lang='lat' dir='ltr'>abicere</span> <span class='ocrx_word' id='word_1_322' title='bbox 619 1484 719 1521; x_wconf 85' lang='lat' dir='ltr'>uelit,</span> <span class='ocrx_word' id='word_1_323' title='bbox 752 1483 778 1513; x_wconf 90' lang='lat' dir='ltr'>is</span> <span class='ocrx_word' id='word_1_324' title='bbox 803 1489 967 1513; x_wconf 72' lang='lat' dir='ltr'>necessest</span> <span class='ocrx_word' id='word_1_325' title='bbox 989 1489 1065 1513; x_wconf 86' lang='lat' dir='ltr'>aute</span> <span class='ocrx_word' id='word_1_326' title='bbox 1089 1483 1203 1513; x_wconf 81' lang='lat' dir='ltr'>onmia</span> <span class='ocrx_word' id='word_1_327' title='bbox 1227 1482 1392 1524; x_wconf 73' lang='lat' dir='ltr'>exemplis</span> <span class='ocrx_word' id='word_1_328' title='bbox 1415 1482 1547 1519; x_wconf 78' lang='lat' dir='ltr'>doceat,</span> <span class='ocrx_word' id='word_1_329' title='bbox 1574 1493 1635 1523; x_wconf 86' lang='lat' dir='ltr'>per</span> <span class='ocrx_word' id='word_1_330' title='bbox 1659 1477 1937 1511; x_wconf 87' lang='lat' dir='ltr'>consuetudinem</span> 
     </span>
     <span class='ocr_line' id='line_1_27' title="bbox 54 1530 1935 1578; baseline -0.004 -10"><span class='ocrx_word' id='word_1_331' title='bbox 54 1537 193 1569; x_wconf 84' lang='lat' dir='ltr'>latinam</span> <span class='ocrx_word' id='word_1_332' title='bbox 218 1549 342 1568; x_wconf 81' lang='lat' dir='ltr'>nomen</span> <span class='ocrx_word' id='word_1_333' title='bbox 365 1537 443 1568; x_wconf 87' lang='lat' dir='ltr'>illut</span> <span class='ocrx_word' id='word_1_334' title='bbox 470 1537 503 1568; x_wconf 89' lang='lat' dir='ltr'>in</span> <span class='ocrx_word' id='word_1_335' title='bbox 527 1538 590 1569; x_wconf 88' lang='lat' dir='ltr'>hoc</span> <span class='ocrx_word' id='word_1_336' title='bbox 613 1535 777 1578; x_wconf 76' lang='lat' dir='ltr'>loquendi</span> <span class='ocrx_word' id='word_1_337' title='bbox 799 1546 920 1577; x_wconf 78' lang='lat' dir='ltr'>genere</span> <span class='ocrx_word' id='word_1_338' title='bbox 945 1536 1055 1566; x_wconf 85' lang='lat' dir='ltr'>omitti</span> <span class='ocrx_word' id='word_1_339' title='bbox 1079 1536 1191 1566; x_wconf 76' lang='lat' dir='ltr'>licere.</span> <span class='ocrx_word' id='word_1_340' title='bbox 1238 1534 1308 1566; x_wconf 88' lang='lat' dir='ltr'>Csr.</span> <span class='ocrx_word' id='word_1_341' title='bbox 1332 1535 1432 1566; x_wconf 81' lang='lat' dir='ltr'>etiam</span> <span class='ocrx_word' id='word_1_342' title='bbox 1456 1535 1588 1576; x_wconf 81' lang='lat' dir='ltr'>Proleg.</span> <span class='ocrx_word' id='word_1_343' title='bbox 1604 1535 1645 1565; x_wconf 86' lang='lat' dir='ltr'>L.</span> <span class='ocrx_word' id='word_1_344' title='bbox 1663 1534 1706 1565; x_wconf 92' lang='lat' dir='ltr'>II.</span> <span class='ocrx_word' id='word_1_345' title='bbox 1731 1534 1769 1564; x_wconf 91' lang='lat' dir='ltr'>C.</span> <span class='ocrx_word' id='word_1_346' title='bbox 1788 1533 1814 1563; x_wconf 91' lang='lat' dir='ltr'>I.</span> <span class='ocrx_word' id='word_1_347' title='bbox 1840 1531 1869 1572; x_wconf 59' lang='grc' dir='ltr'>ξ.</span> <span class='ocrx_word' id='word_1_348' title='bbox 1887 1530 1935 1562; x_wconf 83' lang='grc'>8..</span> 
     </span>
    </p>

    <p class='ocr_par' dir='ltr' id='par_1_7' title="bbox 53 1584 1936 1846">
     <span class='ocr_line' id='line_1_28' title="bbox 138 1584 1936 1630; baseline -0.003 -8"><span class='ocrx_word' id='word_1_349' title='bbox 138 1591 189 1622; x_wconf 76' lang='lat' dir='ltr'>Iis</span> <span class='ocrx_word' id='word_1_350' title='bbox 219 1590 391 1621; x_wconf 75' lang='lat' dir='ltr'>iudicibus</span> <span class='ocrx_word' id='word_1_351' title='bbox 421 1590 538 1630; x_wconf 77' lang='lat' dir='ltr'>edilis)</span> <span class='ocrx_word' id='word_1_352' title='bbox 582 1589 649 1620; x_wconf 82' lang='lat' dir='ltr'>Hic</span> <span class='ocrx_word' id='word_1_353' title='bbox 672 1600 806 1630; x_wconf 83' lang='lat' dir='ltr'>quoque</span> <span class='ocrx_word' id='word_1_354' title='bbox 833 1587 894 1619; x_wconf 73' lang='lat' dir='ltr'>etsi</span> <span class='ocrx_word' id='word_1_355' title='bbox 919 1589 962 1619; x_wconf 70' lang='lat' dir='ltr'>ils·</span> <span class='ocrx_word' id='word_1_356' title='bbox 994 1599 1181 1630; x_wconf 85' lang='lat' dir='ltr'>pronomen</span> <span class='ocrx_word' id='word_1_357' title='bbox 1211 1587 1275 1618; x_wconf 89' lang='lat' dir='ltr'>soli</span> <span class='ocrx_word' id='word_1_358' title='bbox 1297 1589 1324 1618; x_wconf 89' lang='lat' dir='ltr'>B</span> <span class='ocrx_word' id='word_1_359' title='bbox 1349 1594 1381 1618; x_wconf 87' lang='lat' dir='ltr'>et</span> <span class='ocrx_word' id='word_1_360' title='bbox 1403 1588 1432 1618; x_wconf 92' lang='lat' dir='ltr'>E</span> <span class='ocrx_word' id='word_1_361' title='bbox 1456 1588 1598 1626; x_wconf 82' lang='lat' dir='ltr'>habent,</span> <span class='ocrx_word' id='word_1_362' title='bbox 1634 1593 1745 1618; x_wconf 83' lang='lat' dir='ltr'>tamen</span> <span class='ocrx_word' id='word_1_363' title='bbox 1768 1584 1853 1616; x_wconf 83' lang='lat' dir='ltr'>abici</span> <span class='ocrx_word' id='word_1_364' title='bbox 1875 1594 1936 1614; x_wconf 76' lang='lat' dir='ltr'>lle-</span> 
     </span>
     <span class='ocr_line' id='line_1_29' title="bbox 56 1640 1934 1685; baseline -0.004 -13"><span class='ocrx_word' id='word_1_365' title='bbox 56 1642 144 1685; x_wconf 86' lang='lat' dir='ltr'>quit,</span> <span class='ocrx_word' id='word_1_366' title='bbox 182 1653 258 1673; x_wconf 86' lang='lat' dir='ltr'>cum</span> <span class='ocrx_word' id='word_1_367' title='bbox 285 1642 449 1673; x_wconf 76' lang='lat' dir='ltr'>eiusmodi</span> <span class='ocrx_word' id='word_1_368' title='bbox 473 1643 638 1673; x_wconf 89' lang='lat' dir='ltr'>iudicibus</span> <span class='ocrx_word' id='word_1_369' title='bbox 663 1641 777 1679; x_wconf 85' lang='lat' dir='ltr'>editis,</span> <span class='ocrx_word' id='word_1_370' title='bbox 816 1641 873 1682; x_wconf 86' lang='lat' dir='ltr'>qui</span> <span class='ocrx_word' id='word_1_371' title='bbox 898 1647 995 1671; x_wconf 71' lang='lat' dir='ltr'>testes·</span> <span class='ocrx_word' id='word_1_372' title='bbox 1020 1641 1109 1671; x_wconf 84' lang='lat' dir='ltr'>idem</span> <span class='ocrx_word' id='word_1_373' title='bbox 1133 1653 1203 1672; x_wconf 84' lang='lat' dir='ltr'>esse</span> <span class='ocrx_word' id='word_1_374' title='bbox 1226 1641 1373 1683; x_wconf 83' lang='lat' dir='ltr'>possint,</span> <span class='ocrx_word' id='word_1_375' title='bbox 1412 1642 1529 1672; x_wconf 79' lang='lat' dir='ltr'>Cicero</span> <span class='ocrx_word' id='word_1_376' title='bbox 1560 1652 1594 1672; x_wconf 89' lang='lat' dir='ltr'>se</span> <span class='ocrx_word' id='word_1_377' title='bbox 1618 1640 1792 1671; x_wconf 75' lang='lat' dir='ltr'>Plancium</span> <span class='ocrx_word' id='word_1_378' title='bbox 1814 1643 1934 1680; x_wconf 83' lang='lat' dir='ltr'>putare</span> 
     </span>
     <span class='ocr_line' id='line_1_30' title="bbox 53 1692 1935 1738; baseline -0.004 -11"><span class='ocrx_word' id='word_1_379' title='bbox 53 1695 246 1727; x_wconf 83' lang='lat' dir='ltr'>absolutum</span> <span class='ocrx_word' id='word_1_380' title='bbox 276 1695 374 1726; x_wconf 81' lang='lat' dir='ltr'>dieat.</span> <span class='ocrx_word' id='word_1_381' title='bbox 419 1696 536 1737; x_wconf 81' lang='lat' dir='ltr'>Itaque</span> <span class='ocrx_word' id='word_1_382' title='bbox 569 1706 758 1738; x_wconf 79' lang='lat' dir='ltr'>pronomen</span> <span class='ocrx_word' id='word_1_383' title='bbox 798 1694 873 1724; x_wconf 87' lang='lat' dir='ltr'>illut</span> <span class='ocrx_word' id='word_1_384' title='bbox 911 1695 1135 1724; x_wconf 71' lang='lat' dir='ltr'>necessarium</span> <span class='ocrx_word' id='word_1_385' title='bbox 1171 1694 1211 1724; x_wconf 85' lang='lat' dir='ltr'>ad</span> <span class='ocrx_word' id='word_1_386' title='bbox 1243 1694 1426 1725; x_wconf 82' lang='lat' dir='ltr'>sententiae</span> <span class='ocrx_word' id='word_1_387' title='bbox 1453 1694 1681 1735; x_wconf 83' lang='lat' dir='ltr'>integritatem</span> <span class='ocrx_word' id='word_1_388' title='bbox 1710 1698 1769 1724; x_wconf 82' lang='lat' dir='ltr'>est.</span> <span class='ocrx_word' id='word_1_389' title='bbox 1814 1692 1935 1731; x_wconf 84' lang='lat' dir='ltr'>Neque</span> 
     </span>
     <span class='ocr_line' id='line_1_31' title="bbox 55 1741 1936 1791; baseline -0.004 -12"><span class='ocrx_word' id='word_1_390' title='bbox 55 1754 189 1791; x_wconf 84' lang='lat' dir='ltr'>poterat</span> <span class='ocrx_word' id='word_1_391' title='bbox 214 1748 264 1778; x_wconf 80' lang='lat' dir='ltr'>uis</span> <span class='ocrx_word' id='word_1_392' title='bbox 290 1749 362 1780; x_wconf 86' lang='lat' dir='ltr'>illa.</span> <span class='ocrx_word' id='word_1_393' title='bbox 392 1760 475 1790; x_wconf 82' lang='lat' dir='ltr'>quae</span> <span class='ocrx_word' id='word_1_394' title='bbox 498 1748 531 1779; x_wconf 89' lang='lat' dir='ltr'>in</span> <span class='ocrx_word' id='word_1_395' title='bbox 556 1749 760 1790; x_wconf 71' lang='lat' dir='ltr'>pronomine</span> <span class='ocrx_word' id='word_1_396' title='bbox 785 1748 894 1781; x_wconf 74' lang='lat' dir='ltr'>istost,</span> <span class='ocrx_word' id='word_1_397' title='bbox 927 1746 989 1777; x_wconf 70' lang='lat' dir='ltr'>soli</span> <span class='ocrx_word' id='word_1_398' title='bbox 1013 1748 1168 1778; x_wconf 64' lang='lat' dir='ltr'>indii-nm</span> <span class='ocrx_word' id='word_1_399' title='bbox 1194 1747 1325 1778; x_wconf 86' lang='lat' dir='ltr'>nomini</span> <span class='ocrx_word' id='word_1_400' title='bbox 1347 1747 1463 1778; x_wconf 82' lang='lat' dir='ltr'>tribui.</span> <span class='ocrx_word' id='word_1_401' title='bbox 1507 1748 1557 1778; x_wconf 86' lang='lat' dir='ltr'>lta</span> <span class='ocrx_word' id='word_1_402' title='bbox 1580 1747 1670 1778; x_wconf 84' lang='lat' dir='ltr'>enim</span> <span class='ocrx_word' id='word_1_403' title='bbox 1692 1745 1775 1777; x_wconf 86' lang='lat' dir='ltr'>salsa</span> <span class='ocrx_word' id='word_1_404' title='bbox 1797 1741 1936 1785; x_wconf 87' lang='lat' dir='ltr'>cogitari</span> 
     </span>
     <span class='ocr_line' id='line_1_32' title="bbox 56 1801 967 1846; baseline -0.003 -12"><span class='ocrx_word' id='word_1_405' title='bbox 56 1801 225 1846; x_wconf 86' lang='lat' dir='ltr'>oppositio</span> <span class='ocrx_word' id='word_1_406' title='bbox 249 1808 382 1843; x_wconf 79' lang='lat' dir='ltr'>poterat</span> <span class='ocrx_word' id='word_1_407' title='bbox 405 1802 502 1832; x_wconf 78' lang='lat' dir='ltr'>haec:</span> <span class='ocrx_word' id='word_1_408' title='bbox 527 1802 635 1833; x_wconf 75' lang='lat' dir='ltr'>mellis</span> <span class='ocrx_word' id='word_1_409' title='bbox 658 1801 831 1832; x_wconf 67' lang='lat' dir='ltr'>iudicibus</span> <span class='ocrx_word' id='word_1_410' title='bbox 854 1802 967 1832; x_wconf 73' lang='lat' dir='ltr'>edilis.</span> 
     </span>
    </p>

    <p class='ocr_par' dir='ltr' id='par_1_8' title="bbox 54 1849 1933 2002">
     <span class='ocr_line' id='line_1_33' title="bbox 138 1849 1933 1897; baseline -0.003 -11"><span class='ocrx_word' id='word_1_411' title='bbox 138 1854 262 1897; x_wconf 59' lang='lat' dir='ltr'>ZVeqne</span> <span class='ocrx_word' id='word_1_412' title='bbox 285 1867 375 1886; x_wconf 76' lang='lat' dir='ltr'>nnnc</span> <span class='ocrx_word' id='word_1_413' title='bbox 398 1855 506 1885; x_wconf 79' lang='lat' dir='ltr'>multo</span> <span class='ocrx_word' id='word_1_414' title='bbox 530 1868 625 1886; x_wconf 73' lang='lat' dir='ltr'>sec-[cs</span> <span class='ocrx_word' id='word_1_415' title='bbox 650 1854 829 1895; x_wconf 58' lang='lat' dir='ltr'>(nrislunw)</span> <span class='ocrx_word' id='word_1_416' title='bbox 875 1855 995 1894; x_wconf 48' lang='lat' dir='ltr'>Reque</span> <span class='ocrx_word' id='word_1_417' title='bbox 1018 1865 1108 1883; x_wconf 89' lang='lat' dir='ltr'>nunc</span> <span class='ocrx_word' id='word_1_418' title='bbox 1131 1858 1262 1890; x_wconf 79' lang='lat' dir='ltr'>metuo,</span> <span class='ocrx_word' id='word_1_419' title='bbox 1287 1863 1330 1883; x_wconf 87' lang='lat' dir='ltr'>ne</span> <span class='ocrx_word' id='word_1_420' title='bbox 1352 1851 1506 1883; x_wconf 81' lang='lat' dir='ltr'>Plancius</span> <span class='ocrx_word' id='word_1_421' title='bbox 1530 1852 1569 1883; x_wconf 87' lang='lat' dir='ltr'>ab</span> <span class='ocrx_word' id='word_1_422' title='bbox 1593 1851 1649 1890; x_wconf 84' lang='lat' dir='ltr'>iis,</span> <span class='ocrx_word' id='word_1_423' title='bbox 1682 1862 1765 1892; x_wconf 87' lang='lat' dir='ltr'>quos</span> <span class='ocrx_word' id='word_1_424' title='bbox 1788 1849 1933 1888; x_wconf 79' lang='lat' dir='ltr'>edidisti,</span> 
     </span>
     <span class='ocr_line' id='line_1_34' title="bbox 54 1904 1932 1949; baseline -0.003 -11"><span class='ocrx_word' id='word_1_425' title='bbox 54 1907 221 1939; x_wconf 80' lang='lat' dir='ltr'>iudicibus</span> <span class='ocrx_word' id='word_1_426' title='bbox 251 1907 536 1949; x_wconf 83' lang='lat' dir='ltr'>condempnetur,</span> <span class='ocrx_word' id='word_1_427' title='bbox 572 1907 739 1949; x_wconf 83' lang='lat' dir='ltr'>siquidem</span> <span class='ocrx_word' id='word_1_428' title='bbox 770 1908 821 1937; x_wconf 90' lang='lat' dir='ltr'>illi</span> <span class='ocrx_word' id='word_1_429' title='bbox 850 1919 891 1937; x_wconf 68' lang='lat' dir='ltr'>ex</span> <span class='ocrx_word' id='word_1_430' title='bbox 921 1907 960 1937; x_wconf 88' lang='grc'>115</span> <span class='ocrx_word' id='word_1_431' title='bbox 985 1907 1139 1937; x_wconf 82' lang='lat' dir='ltr'>tribubus</span> <span class='ocrx_word' id='word_1_432' title='bbox 1171 1904 1311 1944; x_wconf 76' lang='lat' dir='ltr'>delecti,</span> <span class='ocrx_word' id='word_1_433' title='bbox 1350 1917 1431 1947; x_wconf 82' lang='lat' dir='ltr'>quas</span> <span class='ocrx_word' id='word_1_434' title='bbox 1454 1917 1521 1936; x_wconf 90' lang='lat' dir='ltr'>non</span> <span class='ocrx_word' id='word_1_435' title='bbox 1546 1904 1734 1936; x_wconf 86' lang='lat' dir='ltr'>criminaris</span> <span class='ocrx_word' id='word_1_436' title='bbox 1758 1909 1932 1946; x_wconf 88' lang='lat' dir='ltr'>corruptas</span> 
     </span>
     <span class='ocr_line' id='line_1_35' title="bbox 55 1957 1809 2002; baseline -0.002 -10"><span class='ocrx_word' id='word_1_437' title='bbox 55 1972 143 2001; x_wconf 87' lang='lat' dir='ltr'>esse,</span> <span class='ocrx_word' id='word_1_438' title='bbox 171 1967 271 1992; x_wconf 87' lang='lat' dir='ltr'>testes</span> <span class='ocrx_word' id='word_1_439' title='bbox 295 1972 365 1992; x_wconf 88' lang='lat' dir='ltr'>esse</span> <span class='ocrx_word' id='word_1_440' title='bbox 389 1972 456 1991; x_wconf 88' lang='lat' dir='ltr'>non</span> <span class='ocrx_word' id='word_1_441' title='bbox 481 1966 621 2002; x_wconf 85' lang='lat' dir='ltr'>possunt</span> <span class='ocrx_word' id='word_1_442' title='bbox 644 1971 704 1990; x_wconf 78' lang='lat' dir='ltr'>nec</span> <span class='ocrx_word' id='word_1_443' title='bbox 727 1960 900 1991; x_wconf 76' lang='lat' dir='ltr'>Plancium</span> <span class='ocrx_word' id='word_1_444' title='bbox 926 1959 1075 1990; x_wconf 87' lang='lat' dir='ltr'>criminis</span> <span class='ocrx_word' id='word_1_445' title='bbox 1099 1959 1311 1989; x_wconf 85' lang='lat' dir='ltr'>conuincere.</span> <span class='ocrx_word' id='word_1_446' title='bbox 1359 1957 1429 1989; x_wconf 83' lang='lat' dir='ltr'>Csr.</span> <span class='ocrx_word' id='word_1_447' title='bbox 1455 1959 1492 1989; x_wconf 70' lang='lat'>(¹.</span> <span class='ocrx_word' id='word_1_448' title='bbox 1516 1958 1649 1989; x_wconf 68' lang='lat' dir='ltr'>XVIII.</span> <span class='ocrx_word' id='word_1_449' title='bbox 1678 1957 1707 1998; x_wconf 82' lang='lat'>§.</span> <span class='ocrx_word' id='word_1_450' title='bbox 1732 1958 1783 1989; x_wconf 81' lang='lat'>46.</span> <span class='ocrx_word' id='word_1_451' title='bbox 1800 1979 1809 1988; x_wconf 87' lang='grc'>.</span> 
     </span>
    </p>

    <p class='ocr_par' dir='ltr' id='par_1_9' title="bbox 54 2009 1933 2160">
     <span class='ocr_line' id='line_1_36' title="bbox 136 2009 1933 2056; baseline -0.003 -11"><span class='ocrx_word' id='word_1_452' title='bbox 136 2013 286 2056; x_wconf 78' lang='lat' dir='ltr'>Ignotis)</span> <span class='ocrx_word' id='word_1_453' title='bbox 330 2015 465 2056; x_wconf 86' lang='lat' dir='ltr'>Ignotos</span> <span class='ocrx_word' id='word_1_454' title='bbox 490 2013 614 2044; x_wconf 80' lang='lat' dir='ltr'>iudices</span> <span class='ocrx_word' id='word_1_455' title='bbox 638 2013 726 2044; x_wconf 76' lang='lat' dir='ltr'>dixit</span> <span class='ocrx_word' id='word_1_456' title='bbox 750 2025 816 2043; x_wconf 89' lang='lat' dir='ltr'>non</span> <span class='ocrx_word' id='word_1_457' title='bbox 841 2018 973 2043; x_wconf 79' lang='lat' dir='ltr'>tantuin</span> <span class='ocrx_word' id='word_1_458' title='bbox 997 2011 1054 2053; x_wconf 85' lang='lat' dir='ltr'>qui</span> <span class='ocrx_word' id='word_1_459' title='bbox 1078 2011 1251 2042; x_wconf 81' lang='lat' dir='ltr'>Plancium</span> <span class='ocrx_word' id='word_1_460' title='bbox 1278 2011 1492 2053; x_wconf 78' lang='lat' dir='ltr'>ignorarent,</span> <span class='ocrx_word' id='word_1_461' title='bbox 1532 2017 1569 2042; x_wconf 93' lang='lat' dir='ltr'>ut</span> <span class='ocrx_word' id='word_1_462' title='bbox 1591 2011 1834 2053; x_wconf 83' lang='lat' dir='ltr'>interpretatur</span> <span class='ocrx_word' id='word_1_463' title='bbox 1855 2009 1933 2041; x_wconf 90' lang='lat' dir='ltr'>Ma-</span> 
     </span>
     <span class='ocr_line' id='line_1_37' title="bbox 54 2062 1931 2109; baseline -0.004 -10"><span class='ocrx_word' id='word_1_464' title='bbox 54 2067 186 2106; x_wconf 86' lang='lat' dir='ltr'>nutius,</span> <span class='ocrx_word' id='word_1_465' title='bbox 217 2073 268 2099; x_wconf 87' lang='lat' dir='ltr'>set</span> <span class='ocrx_word' id='word_1_466' title='bbox 299 2067 356 2109; x_wconf 90' lang='lat' dir='ltr'>qui</span> <span class='ocrx_word' id='word_1_467' title='bbox 380 2066 493 2097; x_wconf 82' lang='lat' dir='ltr'>delicti</span> <span class='ocrx_word' id='word_1_468' title='bbox 522 2067 641 2105; x_wconf 79' lang='lat' dir='ltr'>etiam,</span> <span class='ocrx_word' id='word_1_469' title='bbox 679 2065 768 2107; x_wconf 82' lang='lat' dir='ltr'>quod</span> <span class='ocrx_word' id='word_1_470' title='bbox 792 2076 811 2095; x_wconf 80' lang='lat' dir='ltr'>a</span> <span class='ocrx_word' id='word_1_471' title='bbox 833 2064 968 2095; x_wconf 81' lang='lat' dir='ltr'>Plancio</span> <span class='ocrx_word' id='word_1_472' title='bbox 993 2064 1197 2095; x_wconf 74' lang='lat' dir='ltr'>conmissum</span> <span class='ocrx_word' id='word_1_473' title='bbox 1221 2063 1413 2095; x_wconf 82' lang='lat' dir='ltr'>Laterensis</span> <span class='ocrx_word' id='word_1_474' title='bbox 1437 2064 1613 2105; x_wconf 82' lang='lat' dir='ltr'>arguebat,</span> <span class='ocrx_word' id='word_1_475' title='bbox 1647 2075 1716 2094; x_wconf 87' lang='lat' dir='ltr'>nou</span> <span class='ocrx_word' id='word_1_476' title='bbox 1739 2063 1816 2095; x_wconf 87' lang='lat' dir='ltr'>satis</span> <span class='ocrx_word' id='word_1_477' title='bbox 1838 2062 1931 2105; x_wconf 84' lang='lat' dir='ltr'>gnari</span> 
     </span>
     <span class='ocr_line' id='line_1_38' title="bbox 54 2119 663 2160; baseline -0.007 -7"><span class='ocrx_word' id='word_1_478' title='bbox 54 2125 175 2152; x_wconf 84' lang='lat' dir='ltr'>essent.</span> <span class='ocrx_word' id='word_1_479' title='bbox 220 2119 290 2151; x_wconf 72' lang='lat' dir='ltr'>Cst.</span> <span class='ocrx_word' id='word_1_480' title='bbox 315 2121 352 2151; x_wconf 88' lang='lat' dir='ltr'>C.</span> <span class='ocrx_word' id='word_1_481' title='bbox 377 2120 511 2152; x_wconf 82' lang='lat' dir='ltr'>XVIII.</span> <span class='ocrx_word' id='word_1_482' title='bbox 538 2121 566 2160; x_wconf 57' lang='grc' dir='ltr'>ἕ.</span> <span class='ocrx_word' id='word_1_483' title='bbox 594 2120 663 2150; x_wconf 56' lang='lat'>46..</span> 
     </span>
    </p>

    <p class='ocr_par' dir='ltr' id='par_1_10' title="bbox 54 2168 1931 2270">
     <span class='ocr_line' id='line_1_39' title="bbox 138 2168 1931 2218; baseline -0.003 -14"><span class='ocrx_word' id='word_1_484' title='bbox 138 2174 181 2205; x_wconf 77' lang='lat' dir='ltr'>Ilz</span> <span class='ocrx_word' id='word_1_485' title='bbox 213 2174 358 2205; x_wconf 76' lang='lat' dir='ltr'>tenebris</span> <span class='ocrx_word' id='word_1_486' title='bbox 389 2187 492 2218; x_wconf 75' lang='lat' dir='ltr'>quam.</span> <span class='ocrx_word' id='word_1_487' title='bbox 523 2175 558 2205; x_wconf 83' lang='lat' dir='ltr'>in</span> <span class='ocrx_word' id='word_1_488' title='bbox 591 2173 666 2204; x_wconf 78' lang='lat' dir='ltr'>luce</span> <span class='ocrx_word' id='word_1_489' title='bbox 693 2184 852 2204; x_wconf 60' lang='lat' dir='ltr'>cazas-sam</span> <span class='ocrx_word' id='word_1_490' title='bbox 881 2171 1017 2203; x_wconf 80' lang='lat' dir='ltr'>uersari</span> <span class='ocrx_word' id='word_1_491' title='bbox 1044 2171 1215 2214; x_wconf 77' lang='lat' dir='ltr'>maluisti)</span> <span class='ocrx_word' id='word_1_492' title='bbox 1259 2170 1336 2201; x_wconf 89' lang='lat' dir='ltr'>Hoc</span> <span class='ocrx_word' id='word_1_493' title='bbox 1365 2169 1437 2212; x_wconf 86' lang='lat' dir='ltr'>ipse</span> <span class='ocrx_word' id='word_1_494' title='bbox 1464 2169 1582 2201; x_wconf 87' lang='lat' dir='ltr'>Cicero</span> <span class='ocrx_word' id='word_1_495' title='bbox 1611 2168 1795 2200; x_wconf 84' lang='lat' dir='ltr'>accuratius</span> <span class='ocrx_word' id='word_1_496' title='bbox 1826 2169 1856 2210; x_wconf 62' lang='grc' dir='ltr'>ς.</span> <span class='ocrx_word' id='word_1_497' title='bbox 1880 2168 1931 2200; x_wconf 68' lang='grc'>46.</span> 
     </span>
     <span class='ocr_line' id='line_1_40' title="bbox 54 2226 213 2270; baseline -0.013 -12"><span class='ocrx_word' id='word_1_498' title='bbox 54 2226 213 2270; x_wconf 79' lang='lat' dir='ltr'>explicat.</span> 
     </span>
    </p>

    <p class='ocr_par' dir='ltr' id='par_1_11' title="bbox 53 2275 1929 2372">
     <span class='ocr_line' id='line_1_41' title="bbox 142 2275 1929 2321; baseline -0.004 -9"><span class='ocrx_word' id='word_1_499' title='bbox 142 2280 171 2321; x_wconf 58' lang='grc' dir='ltr'>ξ.</span> <span class='ocrx_word' id='word_1_500' title='bbox 194 2279 245 2309; x_wconf 65' lang='grc'>45-</span> <span class='ocrx_word' id='word_1_501' title='bbox 288 2279 443 2312; x_wconf 78' lang='lat' dir='ltr'>Uoltinia</span> <span class='ocrx_word' id='word_1_502' title='bbox 466 2279 576 2311; x_wconf 73' lang='lat' dir='ltr'>tribus</span> <span class='ocrx_word' id='word_1_503' title='bbox 596 2297 638 2302; x_wconf 96' lang='lat'><strong>—</strong></span> <span class='ocrx_word' id='word_1_504' title='bbox 662 2277 831 2319; x_wconf 77' lang='lat' dir='ltr'>uenalem)</span> <span class='ocrx_word' id='word_1_505' title='bbox 876 2277 930 2307; x_wconf 75' lang='lat' dir='ltr'>Ex</span> <span class='ocrx_word' id='word_1_506' title='bbox 954 2276 1147 2308; x_wconf 78' lang='lat' dir='ltr'>Laterensis</span> <span class='ocrx_word' id='word_1_507' title='bbox 1177 2275 1359 2315; x_wconf 83' lang='lat' dir='ltr'>sententia,</span> <span class='ocrx_word' id='word_1_508' title='bbox 1382 2287 1451 2307; x_wconf 89' lang='lat' dir='ltr'>non</span> <span class='ocrx_word' id='word_1_509' title='bbox 1475 2288 1518 2307; x_wconf 80' lang='lat' dir='ltr'>ex</span> <span class='ocrx_word' id='word_1_510' title='bbox 1544 2276 1716 2308; x_wconf 86' lang='lat' dir='ltr'>Ciceronis</span> <span class='ocrx_word' id='word_1_511' title='bbox 1740 2276 1827 2307; x_wconf 83' lang='lat' dir='ltr'>dicta</span> <span class='ocrx_word' id='word_1_512' title='bbox 1850 2286 1929 2309; x_wconf 81' lang='lat' dir='ltr'>esse,</span> 
     </span>
     <span class='ocr_line' id='line_1_42' title="bbox 53 2331 393 2372; baseline -0.006 -8"><span class='ocrx_word' id='word_1_513' title='bbox 53 2332 151 2364; x_wconf 78' lang='lat' dir='ltr'>facile</span> <span class='ocrx_word' id='word_1_514' title='bbox 175 2331 393 2372; x_wconf 80' lang='lat' dir='ltr'>intellegitur.</span> 
     </span>
    </p>

    <p class='ocr_par' dir='ltr' id='par_1_12' title="bbox 54 2381 1933 2481">
     <span class='ocr_line' id='line_1_43' title="bbox 139 2381 1933 2428; baseline -0.003 -13"><span class='ocrx_word' id='word_1_515' title='bbox 139 2385 235 2424; x_wconf 77' lang='lat' dir='ltr'>Quid</span> <span class='ocrx_word' id='word_1_516' title='bbox 257 2385 384 2415; x_wconf 68' lang='lat' dir='ltr'>clii-eret</span> <span class='ocrx_word' id='word_1_517' title='bbox 409 2391 494 2428; x_wconf 77' lang='lat' dir='ltr'>aput</span> <span class='ocrx_word' id='word_1_518' title='bbox 524 2385 766 2424; x_wconf 79' lang='lat' dir='ltr'>Uoltiniensis,</span> <span class='ocrx_word' id='word_1_519' title='bbox 804 2389 865 2415; x_wconf 79' lang='lat' dir='ltr'>alet</span> <span class='ocrx_word' id='word_1_520' title='bbox 887 2389 973 2427; x_wconf 77' lang='lat' dir='ltr'>aput</span> <span class='ocrx_word' id='word_1_521' title='bbox 997 2383 1136 2414; x_wconf 75' lang='lat' dir='ltr'>tribulis</span> <span class='ocrx_word' id='word_1_522' title='bbox 1159 2395 1238 2414; x_wconf 76' lang='lat' dir='ltr'>suos</span> <span class='ocrx_word' id='word_1_523' title='bbox 1261 2382 1416 2415; x_wconf 76' lang='lat' dir='ltr'>iudices?</span> <span class='ocrx_word' id='word_1_524' title='bbox 1444 2384 1545 2415; x_wconf 85' lang='lat' dir='ltr'>immo</span> <span class='ocrx_word' id='word_1_525' title='bbox 1569 2395 1650 2415; x_wconf 80' lang='lat' dir='ltr'>uero</span> <span class='ocrx_word' id='word_1_526' title='bbox 1674 2389 1711 2414; x_wconf 76' lang='lat' dir='ltr'>tu</span> <span class='ocrx_word' id='word_1_527' title='bbox 1735 2383 1820 2426; x_wconf 77' lang='lat' dir='ltr'>qnid</span> <span class='ocrx_word' id='word_1_528' title='bbox 1842 2381 1933 2412; x_wconf 66' lang='lat' dir='ltr'>‹liee-</span> 
     </span>
     <span class='ocr_line' id='line_1_44' title="bbox 54 2433 1931 2481; baseline -0.004 -11"><span class='ocrx_word' id='word_1_529' title='bbox 54 2451 108 2470; x_wconf 83' lang='lat' dir='ltr'>res</span> <span class='ocrx_word' id='word_1_530' title='bbox 117 2437 148 2481; x_wconf 70' lang='grc'>9)</span> <span class='ocrx_word' id='word_1_531' title='bbox 193 2438 279 2468; x_wconf 81' lang='lat' dir='ltr'>Cum</span> <span class='ocrx_word' id='word_1_532' title='bbox 305 2437 491 2469; x_wconf 88' lang='lat' dir='ltr'>Uoltiniam</span> <span class='ocrx_word' id='word_1_533' title='bbox 514 2439 642 2470; x_wconf 84' lang='lat' dir='ltr'>tribum</span> <span class='ocrx_word' id='word_1_534' title='bbox 664 2450 683 2470; x_wconf 86' lang='lat' dir='ltr'>a</span> <span class='ocrx_word' id='word_1_535' title='bbox 698 2437 832 2469; x_wconf 83' lang='lat' dir='ltr'>Plancio</span> <span class='ocrx_word' id='word_1_536' title='bbox 858 2442 1063 2479; x_wconf 81' lang='lat' dir='ltr'>corruptam,</span> <span class='ocrx_word' id='word_1_537' title='bbox 1091 2442 1124 2467; x_wconf 80' lang='lat' dir='ltr'>et</span> <span class='ocrx_word' id='word_1_538' title='bbox 1138 2435 1358 2467; x_wconf 83' lang='lat' dir='ltr'>Terentinam</span> <span class='ocrx_word' id='word_1_539' title='bbox 1381 2436 1536 2469; x_wconf 84' lang='lat' dir='ltr'>habuisse</span> <span class='ocrx_word' id='word_1_540' title='bbox 1559 2448 1638 2468; x_wconf 85' lang='lat' dir='ltr'>eum</span> <span class='ocrx_word' id='word_1_541' title='bbox 1660 2436 1815 2468; x_wconf 86' lang='lat' dir='ltr'>uenalem</span> <span class='ocrx_word' id='word_1_542' title='bbox 1839 2433 1931 2472; x_wconf 87' lang='lat' dir='ltr'>dicis,</span> 
     </span>
    </p>

    <p class='ocr_par' dir='ltr' id='par_1_13' title="bbox 1460 2490 1515 2522">
     <span class='ocr_line' id='line_1_45' title="bbox 1460 2490 1515 2522; baseline 0.036 -2"><span class='ocrx_word' id='word_1_543' title='bbox 1460 2490 1515 2522; x_wconf 79' lang='lat'>29*</span> 
     </span>
    </p>
   </div>
  </div>
 </body>
</html>
