2264 2746
831 123 869 152 L.
900 123 939 151 II.
989 123 1022 152 C.
1052 123 1075 151 I.
1122 121 1148 162 §.
1176 122 1276 152 5—6.
1837 116 1990 145 XXXIII

115 201 143 243 §.
163 205 208 241 98.
228 203 319 236 hnic,
346 213 425 240 quae
441 211 499 239 pro
519 201 619 229 salute
639 210 707 228 mea
719 199 837 238 severit
857 198 1039 237 particulam
1060 205 1179 233 autent,
1209 208 1285 236 qnae
1306 196 1342 224 ad
1363 205 1482 223 sensnm
1503 192 1719 227 necessariast,
1754 196 1823 230 post
1843 191 1914 219 lmie
1934 191 1988 219 ad—

116 251 207 285 dens,
228 256 258 279 ct
279 251 312 279 C.
334 250 437 278 XLII.
458 247 485 288 §
509 258 569 277 101.
597 254 640 276 set
668 248 712 275 cle
737 246 846 274 horum
866 257 940 283 erga
960 258 1006 275 me
1026 247 1240 274 benpzeolenlia
1260 245 1413 278 scrilwns,
1443 242 1496 270 ubi
1517 242 1582 279 ipse
1605 242 1675 268 Bau.
1698 250 1765 267 011111
1786 239 1854 267 aliis
1874 239 1987 266 uitiose

115 305 161 327 set
180 299 290 326 horum
311 304 367 326 etc.
387 298 488 326 habet.
529 297 644 325 Contra
663 295 829 324 Bauaricus
851 295 883 323 C.
908 296 945 323 V.
966 293 992 334 ᾗ.
1017 306 1075 329 l2.,
1105 305 1193 332 quein
1216 294 1317 321 locum
1338 302 1430 330 supra
1451 290 1631 323 adtulimus,
1660 298 1770 315 nouem
1792 287 1874 314 solus
1895 286 1988 314 uerba

117 346 217 381 addit,
239 347 348 384 quibus
369 345 487 373 omissis
508 354 613 372 manca
632 354 758 382 prorsus
779 343 877 371 oratio
900 343 947 378 fit,
977 348 1007 370 ct
1028 343 1060 370 C.
1083 340 1226 370 XXVII.
1247 339 1274 378 §.
1296 340 1339 375 (37.
1368 348 1536 375 numquam
1557 349 1592 365 ex
1612 337 1685 364 ιινίιι]
1705 338 1738 364 is
1759 335 1845 372 ttfitit
1871 333 1989 367 scribit,

116 395 172 423 ubi
192 394 304 432 reliqui
325 396 351 422 is
372 393 534 427 omittunt,
570 391 651 429 qnod
673 402 740 418 cum
762 390 966 429 praecedente
989 400 1063 418 noce
1091 389 1164 417 urbe
1192 388 1305 416 arctius
1333 387 1530 414 coniunctum
1560 385 1585 412 si
1613 386 1725 419 fuerat,
1760 384 1801 411 ita
1829 388 1863 410 ut
1889 381 1989 410 urbeis

118 442 321 477 scriberetur,
342 442 409 469 fieri
431 441 485 468 nix
506 441 623 479 potuit,
651 440 725 478 quin
747 450 763 466 a
783 438 920 466 librariis
942 438 1106 466 deleretur.
1147 437 1256 474 Neque
1278 436 1358 463 enim
1386 435 1421 461 ab
1450 434 1619 471 interprete
1648 441 1817 470 pronomen
1844 430 1915 458 illut
1936 429 1989 456 ad-

118 490 216 518 ditum
237 500 300 518 esse
321 489 519 524 credibilest,
549 499 638 526 quem
660 493 776 516 certum
803 487 907 525 potius
929 491 991 522 est,
1018 486 1044 513 si
1072 485 1145 523 quid
1166 484 1342 522 explicandi
1363 493 1465 511 caussa
1492 481 1663 510 addendum
1692 485 1843 519 putasset,
1878 487 1988 505 nomen

118 538 234 565 Planci
253 538 347 566 fuisse
367 537 603 576 adscripturum.

193 586 307 614 Contra
328 597 430 614 errare
452 596 503 613 eos
523 585 599 613 mihi
620 593 800 622 persuasum
823 587 882 617 cst,
913 582 965 620 qui
987 582 1020 610 C.
1041 579 1184 608 XXVII.
1212 577 1238 617 §.
1260 578 1304 614 (37.
1333 577 1364 604 111
1386 577 1526 605 Banarici
1548 577 1715 615 scriptura,
1750 575 1801 614 qui
1822 575 1855 602 111
1874 573 1990 608 uerbis,

110 633 183 671 ficit
203 635 237 661 in
256 635 372 663 oculis:
399 637 532 672 petiuit,
553 639 623 661 ante
639 634 757 670 petiuit
779 631 906 659 uerbum
927 630 1000 667 snit
1020 628 1152 666 repetit,
1182 626 1283 664 aptius
1305 625 1431 663 aliquod
1452 625 1596 657 uerbum,
1625 625 1705 662 quod
1726 636 1741 652 a
1764 624 1899 652 librariis
1920 633 1990 650 cor-

118 686 241 719 ruptum
268 682 324 717 sit,
359 682 455 710 latere
483 682 680 710 arbitrantur.
720 681 790 708 Mea
816 677 967 706 sententia
992 677 1104 704 factum
1131 675 1183 702 hic
1212 679 1273 709 cst,
1304 673 1386 711 quod
1413 683 1631 711 saepenumero
1653 673 1779 709 accidit,
1808 677 1841 700 ut
1861 671 1990 700 uerbum

119 729 321 758 describentis
342 730 536 767 neglegentia
556 730 602 757 bis
623 733 806 768 poneretur,
828 725 910 764 quod
929 724 1024 752 semel
1044 729 1109 751 erat
1128 723 1315 762 ponendum.

1012 836 1038 878 §.
1065 843 1092 869 6.

194 903 344 941 Pel-pauci
365 903 564 941 reperiuntur
584 900 660 936 loci,
681 900 713 928 in
735 899 844 937 quibus
865 898 947 926 solus
968 899 993 927 B
1015 904 1066 927 aut
1086 899 1113 926 E
1136 909 1204 927 cum
1233 898 1389 937 plerisque
1417 895 1550 924 familiae
1577 894 1687 922 tertiae
1717 893 1876 921 codicibus
1900 892 1993 921 uerba

121 951 264 989 quaedam
286 951 415 979 omittat.
454 951 500 978 Ac
522 950 649 977 fortasse
670 947 830 986 pauciores
853 947 944 975 etiam
966 948 1016 975 uel
1047 947 1125 975 nulli
1148 957 1274 985 prorsus
1296 950 1413 979 essent,
1449 945 1474 972 51
1497 953 1600 972 01111105
1622 954 1661 971 ex
1682 942 1831 970 Bauarico
1853 946 1992 969 cnotatae

121 1006 152 1028 et
174 1000 332 1028 nobiscum
353 998 581 1026 conmunicatac
602 996 772 1034 scripturae
794 1000 904 1023 essent.
945 996 1037 1023 Certe
1065 995 1097 1022 in
1124 995 1162 1022 iis
1190 995 1266 1022 locis
1288 993 1447 1028 omnibus,
1483 992 1513 1019 in
1535 992 1644 1029 quibus
1666 991 1881 1019 Erfurtensem
1902 987 1991 1016 uide-

121 1059 186 1077 mus
207 1058 274 1075 cnm
296 1045 445 1084 plurumis
474 1045 606 1073 familiae
634 1044 743 1072 tertiae
771 1043 929 1071 codicibus
951 1044 1080 1072 uerbum
1108 1042 1234 1081 aliquod
1260 1042 1419 1074 omittere,
1454 1040 1594 1069 Bauarici
1616 1050 1692 1077 quae
1714 1039 1754 1067 sit
1774 1038 1942 1075 scriptura,
1977 1046 1993 1064 a

122 1094 288 1123 Garatonio
310 1104 370 1121 11011
391 1093 597 1121 admonemur.
636 1092 799 1120 Errauerit
819 1097 935 1127 autem,
966 1091 1017 1129 qui
1041 1101 1079 1118 ex
1100 1090 1224 1118 silentio
1247 1089 1397 1116 Garatoni
1419 1089 1602 1116 Baliaricum
1631 1098 1699 1115 cnm
1720 1087 1841 1123 uolgata
1862 1095 1992 1113 consen—

119 1144 178 1172 tire
198 1143 350 1180 scriptura
371 1141 568 1169 concluserit.
608 1140 765 1168 Certumst
785 1140 885 1175 enim,
905 1140 1014 1168 multas
1035 1139 1073 1167 Bi
1094 1139 1276 1176 scripturas,
1308 1147 1384 1174 quae
1407 1136 1576 1165 Garatonio
1598 1135 1698 1173 primo
1720 1139 1845 1172 aspectu
1865 1142 1990 1171 prorsus

118 1190 248 1219 uitiosae
270 1195 370 1217 essent
390 1190 491 1224 uisae,
524 1199 586 1216 non
613 1198 676 1216 0550
697 1188 733 1215 ab
756 1198 791 1215 eo
813 1193 1064 1216 conmemoratas.
1106 1187 1212 1224 Itaque
1243 1186 1385 1224 equidem
1412 1185 1445 1212 in
1475 1195 1508 1212 ea
1534 1183 1638 1222 potius
1665 1182 1819 1210 sententia
1845 1192 1926 1215 sum,
1960 1185 1994 1208 ut

117 1237 299 1266 Bauaricum
320 1238 345 1265 si
367 1247 429 1265 11011
450 1237 481 1265 111
503 1236 662 1271 omnibus,
697 1240 780 1263 certe
810 1235 841 1263 in
863 1236 1020 1274 plerisque
1041 1236 1136 1271 locis,
1169 1234 1223 1262 ubi
1252 1243 1335 1261 1111110
1356 1233 1571 1261 Erfurtensem
1600 1236 1717 1259 tantum
1746 1241 1815 1258 cum
1840 1229 1992 1268 plurumis

117 1285 187 1313 fam.
215 1285 324 1313 tertiae
352 1285 510 1313 codicibus
539 1284 657 1322 aliquid
677 1284 820 1312 omittere
848 1284 1008 1320 docemur,
1041 1284 1122 1311 idem
1151 1293 1214 1310 non
1242 1282 1427 1320 adgnoscere
1455 1280 1584 1308 uerbum
1606 1279 1737 1307 credam.
1778 1277 1940 1306 Eiusmodi
1960 1275 1993 1304 hi

117 1338 179 1361 tres
200 1332 260 1360 loci
281 1337 368 1360 suut:

193 1381 226 1409 C.
247 1380 373 1408 XXIII.
393 1378 420 1420 §.
442 1382 486 1415 57.
526 1381 608 1409 nihil
633 1387 677 1408 est
702 1386 805 1408 autem.
831 1387 896 1408 tam
915 1381 1057 1414 uoluere,
1084 1389 1177 1418 quam
1203 1378 1422 1411 malezlictmm
1454 1376 1535 1404 nillil
1551 1375 1689 1413 facilius
1716 1376 1885 1409 emittitur,
1913 1371 1996 1400 nihil

118 1431 211 1458 citius
231 1431 401 1466 excipitur,
420 1428 575 1462 [nillil]
595 1429 690 1456 latius
711 1428 890 1465 dissipatur.

192 1477 320 1506 Ibidem.
360 1483 403 1504 set
424 1478 451 1504 si
472 1477 548 1514 quid
565 1477 631 1503 siste
651 1477 751 1512 capite
773 1476 931 1511 manabit,
953 1482 1009 1503 ant
1029 1478 1064 1509 [5
1074 1476 1107 1509 ι’]
1128 1475 1206 1513 quid
1224 1476 1283 1502 erit
1304 1472 1470 1505 eiusmodi,
1491 1477 1526 1499 ut
1547 1481 1608 1498 non
1628 1476 1707 1499 extet
1728 1477 1845 1498 auctor.

195 1525 229 1553 C.
249 1524 377 1553 XXIV.
397 1522 423 1562 §.
445 1525 489 1561 59.
530 1534 608 1561 quae
627 1525 751 1561 scripsit
768 1526 882 1561 grauis
901 1525 1020 1558 [ille]
1041 1530 1069 1551 et
1089 1525 1266 1561 ingeniosus
1280 1527 1385 1559 poeta.

195 1588 231 1615 In
252 1587 394 1615 omuibus
413 1586 461 1614 1115
482 1586 557 1614 10015
578 1587 770 1614 Erfurtensis
793 1598 860 1615 cum
880 1587 1037 1625 plerisque
1064 1587 1133 1615 sam.
1154 1586 1264 1614 tertiae
1285 1584 1445 1613 codicibus
1467 1594 1501 1611 ea
1520 1582 1631 1615 uerba,
1667 1591 1742 1619 quae
1762 1581 1849 1609 uncis
1870 1579 1992 1614 inclusi,

120 1635 254 1671 omittit3
273 1634 413 1663 Banarici
435 1645 509 1672 quae
529 1635 569 1662 sit
589 1635 756 1673 scriptura,
777 1635 959 1672 ignoramus.
1000 1635 1046 1662 Ac
1067 1635 1201 1673 primum
1223 1633 1345 1672 quidem
1366 1631 1520 1659 neminem
1542 1632 1608 1659 fore
1628 1635 1721 1668 puto,
1742 1630 1795 1667 qui
1814 1639 1877 1656 non
1898 1627 1993 1655 intel-

120 1685 216 1721 legat,
236 1683 333 1710 multo
354 1682 474 1710 facilius
495 1682 548 1710 illa
568 1682 604 1709 ab
624 1682 796 1720 interprete
817 1683 904 1718 addi,
926 1694 1030 1721 quam,
1052 1683 1077 1710 si
1098 1683 1229 1711 snisscnt
1248 1682 1281 1709 in
1303 1680 1409 1709 codice
1430 1680 1572 1718 principe
1594 1678 1773 1717 perscripta,
1794 1687 1809 1704 a
1829 1681 1876 1704 tot
1895 1675 1991 1702 libra-

119 1732 176 1760 riis
197 1730 299 1759 omitti
320 1729 465 1767 potuisse.
497 1730 620 1758 Deinde
640 1741 726 1766 uero,
747 1731 821 1758 licet
843 1742 918 1769 quae
939 1731 971 1759 in
992 1731 1093 1769 primo
1115 1741 1147 1758 ac
1169 1729 1303 1758 secundo
1324 1729 1393 1756 1000
1416 1727 1603 1755 omittuntur
1624 1727 1726 1759 uerba,
1748 1725 1846 1763 primo
1868 1727 1991 1761 aspectu

120 1789 183 1807 non
204 1778 368 1806 uideantur
388 1778 491 1805 abesse
512 1788 615 1815 posse,
636 1788 711 1816 quae
733 1778 797 1816 ipsa
818 1779 951 1816 putanda
972 1784 1104 1807 01111551151
1125 1778 1236 1812 fuisse,
1258 1777 1297 1804 ob
1319 1786 1407 1813 quam
1428 1776 1464 1802 ab
1485 1775 1655 1812 interprete
1677 1773 1871 1806 adderentur,
1890 1776 1991 1798 tamen

122 1826 294 1855 necessario
324 1825 435 1853 debere
464 1825 579 1863 expelli
608 1831 749 1864 apparet,
784 1826 825 1861 si,
859 1827 891 1854 id
912 1827 993 1865 quod
1020 1837 1166 1866 perquam
1187 1824 1411 1859 uerosimilest,
1446 1823 1477 1850 in
1498 1823 1597 1861 primo
1620 1823 1687 1849 loco
1709 1821 1791 1848 nihil
1809 1824 1878 1847 ante
1899 1820 1991 1846 citius

121 1875 272 1915 positum,
294 1879 324 1902 et
343 1874 375 1902 in
397 1874 531 1901 secundo
553 1874 630 1910 quid
646 1883 817 1911 pronomen
837 1880 907 1903 ante
929 1878 987 1904 erit
1008 1886 1089 1903 nunc
1112 1875 1319 1908 conlocatum,
1346 1872 1382 1900 ab
1404 1872 1574 1909 interprete
1595 1870 1711 1897 adiecta
1731 1879 1796 1896 0550
1817 1871 1989 1895 statuamus.

122 1924 193 1959 Quo
214 1923 295 1951 facto
316 1922 349 1949 111
370 1922 469 1959 primo
492 1921 560 1948 loco
582 1920 680 1948 oratio
702 1927 825 1958 optume
846 1923 888 1951 ita
915 1924 1072 1961 procedit:
1107 1923 1189 1951 nillil
1206 1921 1345 1960 facilius
1371 1921 1540 1954 emittitur,
1573 1920 1665 1946 eitius
1692 1917 1862 1954 excipitur,
1895 1915 1992 1942 latius

122 1971 307 2008 dissipatur,
328 1969 361 1996 111
382 1969 478 1996 altero
500 1969 556 1996 ita:
583 1975 627 1995 set
648 1970 675 1996 si
694 1969 772 2005 quid
788 1971 853 1997 sine
873 1973 974 2007 capite
993 1970 1150 2004 manabit,
1179 1975 1235 1998 aut
1256 1971 1314 1996 erit
1335 1967 1498 1997 eiusmodi,
1525 1972 1559 1993 ut
1580 1976 1641 1992 non
1661 1970 1739 1992 extet
1759 1969 1877 1992 auctor.
1918 1962 1992 1989 Sae—

122 2018 255 2055 pissume
276 2022 376 2046 autem
397 2016 571 2044 istiusmodi
592 2015 720 2043 uoculae
747 2016 783 2042 ab
805 2016 1026 2055 interpretibus
1053 2019 1203 2056 repetitae
1224 2021 1303 2044 sunt.
1345 2015 1394 2042 Sic
1416 2015 1448 2041 in
1469 2013 1525 2041 hac
1547 2014 1611 2052 ipsa
1631 2012 1771 2041 oratione
1792 2012 1825 2040 C.
1846 2009 1990 2038 XXVII.

121 2063 149 2104 §.
170 2065 214 2102 67.
235 2075 339 2093 omncs
360 2065 424 2092 fere
445 2065 514 2092 sam.
536 2063 646 2091 tertiae
667 2063 786 2091 codices
807 2065 918 2093 uitiose
939 2067 1092 2094 scribunt:
1126 2072 1160 2094 at
1180 2066 1283 2093 ualuit
1304 2063 1513 2095 adsiduitate,
1539 2067 1577 2089 at
1605 2061 1707 2088 ualuit
1726 2058 1890 2088 seruanctis
1910 2058 1990 2085 ami—

123 2115 182 2145 cis,
210 2113 313 2140 ualuit
331 2112 529 2145 liberalitate,
549 2121 618 2138 eum
639 2117 672 2138 at
692 2111 843 2149 particula
863 2118 933 2150 post
953 2114 1144 2141 adsiduitate
1164 2113 1272 2151 posita,
1293 2111 1353 2138 nisi
1374 2111 1465 2138 etiam
1484 2114 1554 2148 post
1574 2110 1683 2137 amieis
1702 2111 1870 2146 repetatur,
1889 2105 1991 2143 repeti

123 2159 208 2187 nullo
229 2164 317 2197 pacto
338 2160 445 2197 possit.
485 2160 588 2197 Atque
609 2159 653 2187 ibi
675 2159 798 2197 quidem
820 2170 880 2187 non
903 2160 1082 2188 dubitarunt
1108 2161 1248 2199 plerique
1269 2159 1477 2186 recentiorum
1507 2157 1660 2185 editorum
1686 2155 1868 2193 particulam
1895 2154 1990 2189 illam,

124 2210 194 2244 post
213 2206 402 2234 adsiduitate
422 2207 568 2244 positam,
603 2207 722 2242 delere,
757 2217 795 2235 ex
815 2207 998 2235 auctoritate
1025 2208 1098 2236 Bau.
1121 2213 1150 2235 et
1171 2208 1234 2235 Erf.
1256 2206 1397 2234 codicum
1417 2205 1476 2233 hoc
1496 2215 1527 2232 se
1547 2205 1648 2233 facere
1669 2202 1826 2237 arbitrati,
1861 2201 1913 2239 qui
1933 2211 1990 2239 pro

126 2259 160 2281 at
179 2254 283 2281 ualuit
300 2254 463 2282 seruandi-s·
483 2255 623 2283 scribunt
643 2256 747 2283 ualuit
768 2254 982 2285 adseruanclis.
1022 2255 1108 2291 Quae
1134 2254 1286 2292 scriptura
1316 2253 1375 2281 etsi
1400 2252 1560 2281 confirmat
1580 2262 1686 2280 eorum
1706 2250 1904 2284 sententiam,
1939 2248 1991 2286 (1111

126 2305 161 2327 at
180 2300 358 2338 particulam
379 2302 578 2330 omittendam
598 2307 723 2341 putant,
744 2306 860 2337 tamen,
881 2307 914 2329 ut
934 2301 993 2330 hoc
1014 2303 1115 2331 obiter
1135 2302 1258 2337 addam,
1278 2301 1345 2329 sine
1365 2301 1458 2330 dubio
1481 2311 1519 2329 ex
1540 2311 1575 2328 eo
1598 2304 1708 2335 ortast,
1737 2298 1818 2336 quod
1838 2304 1872 2326 at
1891 2297 1991 2336 parti-

126 2346 196 2375 cula
214 2357 305 2385 snper
325 2350 428 2377 ualuit
448 2349 483 2377 ab
504 2349 675 2388 interprete
696 2350 796 2389 posita
824 2350 890 2378 fuit.
930 2350 1014 2378 Hinc
1043 2350 1068 2378 is
1096 2350 1257 2385 librarius,
1293 2349 1345 2387 qui
1367 2349 1520 2384 codicem,
1557 2358 1596 2376 ex
1617 2358 1676 2385 quo
1698 2347 1767 2375 sam.
1788 2346 1896 2374 tertiae
1917 2344 1991 2372 libri

126 2394 189 2423 orti
209 2399 296 2430 sunt,
322 2397 475 2432 exaranit,
506 2404 541 2426 at
561 2399 664 2426 ualuit
683 2397 823 2436 scripsit,
850 2398 904 2425 ille
924 2405 1041 2435 autem,
1061 2410 1077 2427 a
1097 2410 1157 2437 quo
1178 2397 1349 2435 exemplar,
1370 2407 1409 2425 ex
1429 2408 1489 2436 quo
1509 2397 1534 2424 B
1556 2401 1586 2423 et
1606 2396 1632 2423 E
1654 2395 1804 2432 originem
1825 2394 1989 2421 duxerunt.

127 2443 322 2481 scriptumst,
351 2453 455 2472 errore
476 2445 606 2483 quodam
625 2451 659 2474 at
679 2455 747 2474 011111
767 2451 914 2484 sequente
935 2446 1031 2476 uerbo
1051 2446 1216 2474 seruandis
1236 2445 1415 2482 conimixit,
1448 2444 1530 2474 unde
1550 2443 1665 2472 factum
1686 2442 1797 2470 deinde
1816 2442 1990 2469 adseruan-

1558 2497 1575 2522 5
