2264 2746
260 94 314 120 192
911 83 1490 114 coMMEN'rAnlth.

263 160 565 200 existimetur,
605 159 834 190 adseuerat
866 157 1065 200 Cispium
1097 158 1177 189 1100
1209 169 1307 190 suae
1341 157 1566 190 orationis
1600 156 1778 190 adfectu
1807 171 1893 190 non
1922 160 2136 204 indiguum

261 213 412 253 fuisse,
450 225 537 244 cum
567 210 684 253 quo¹)
717 216 815 252 post
850 211 1073 242 amicitiae
1104 210 1513 243 reconciliationem
1544 211 1605 242 ita
1633 211 1907 253 participatu
1937 212 2141 246 fortunae

261 278 363 298 suae
386 266 578 297 dolorem
611 263 818 301 senserit,
850 270 896 294 ut
925 263 1106 306 inpense
1133 263 1257 304 diligi
1287 270 1540 296 mereretur.
1571 265 1732 295 ScnomA
1759 264 2019 298 AMBnosIANA.
2061 268 2141 299 Non

262 318 505 361 neglegendum
528 321 590 354 est,
625 315 731 346 uerbo
755 316 971 348 lacrumnlae
998 315 1179 358 significari
1202 327 1277 346 cum
1301 316 1381 347 alibi
1410 328 1544 360 semper
1567 324 1640 349 tum
1664 317 1728 348 1100
1750 316 1824 347 1000
1848 316 2032 348 lacrumam
2055 318 2145 350 eius-

261 373 367 411 modi,
400 381 497 412 quam
520 367 594 409 quis
616 378 687 398 non
709 368 818 400 uictus
841 369 934 400 luctu
957 368 1130 409 ecfundat,
1162 375 1212 400 set
1234 368 1415 400 simulandi
1438 369 1562 401 doloris
1587 381 1700 401 caussa
1726 368 1840 400 oculos
1863 369 2069 401 conterendo
2091 370 2147 402 uel

262 425 326 456 alia
348 424 476 455 ratione
500 419 605 451 oculis
633 426 845 462 extorqueat.

355 476 457 512 Uide,
488 485 592 516 quam
613 481 666 504 me
689 473 784 505 uerbi
809 474 862 506 tui
879 474 1073 517 paeniteat)
1117 474 1209 507 Male
1232 475 1259 507 B
1284 480 1317 506 et
1338 474 1366 505 E
1395 486 1448 506 me
1470 485 1660 517 pronomen
1683 473 1856 506 omittunt.
1901 474 1991 508 Uide
2013 475 2145 519 Proleg.

262 532 303 562 L.
329 529 370 560 II.
399 527 436 558 C.
458 529 484 558 I.
513 526 542 567 ς.
566 526 595 558 5.
621 537 657 569 p.
679 526 837 558 XXXI..

1022 608 1050 641 C
1078 606 1110 641 A
1135 608 1176 641 P.
1228 607 1389 641 XXXII.

346 679 375 720 ξ.
402 690 451 720 77.
493 680 539 712 L.
560 679 694 720 Racili)
740 679 890 711 Racillii
922 678 992 709 uidi
1022 679 1171 721 primum
1200 679 1236 710 in
1258 678 1509 716 Lambinianis,
1547 689 1627 720 quas
1653 679 1773 718 Grut.,
1809 680 1952 719 Graeu.‚
1988 686 2020 712 et
2042 679 2148 712 Uerb-

261 731 366 763 seculi
396 737 492 770 sunt3
525 738 572 763 set
599 731 692 763 Oliu.
722 742 759 762 ac
781 731 926 762 Lallem.
957 731 1079 762 rectius
1110 732 1165 763 1110
1188 738 1221 763 et
1243 732 1345 774 paulo
1369 731 1456 763 infra
1480 732 1633 769 Racilii,
1667 737 1706 762 ut
1727 731 1800 762 cod.
1824 732 1921 763 Barb.
1946 739 1978 764 et
1998 745 2092 765 meus
2116 739 2150 765 et

261 795 392 823 omnes,
431 784 564 826 opinor.
610 785 660 815 Ita
688 783 789 815 huius
819 796 944 816 nomen
970 785 1129 816 scribitur
1161 785 1259 815 eliani
1284 785 1326 815 II.
1351 784 1389 815 ad
1414 785 1457 826 Q.
1481 783 1523 816 fr.
1551 796 1577 816 1.
1613 791 1646 815 et
1668 785 1694 816 Ι.
1718 785 1759 815 ad
1783 785 1864 816 Diu.
1890 797 1938 827 7.,
1975 786 2033 828 qui
2055 786 2149 818 locus

259 848 466 879 praenomen
497 837 528 867 ei
558 835 660 867 fuisse
685 839 799 870 Lucio
827 837 1021 877 confirmat,
1057 837 1146 880 quod
1176 836 1250 868 11010
1280 837 1368 868 infra
1392 843 1524 869 mutant
1553 836 1589 867 in
1612 838 1663 869 M.
1685 837 1841 880 plerique
1864 838 2002 869 codices.
2047 838 2149 871 Alius

260 896 310 921 est
331 891 373 921 L.
393 890 542 921 Racilius
568 891 611 921 II.
634 890 671 921 in
694 892 795 923 Uerr.
823 902 890 930 12.,
926 891 985 932 qui
1009 902 1085 922 cum
1105 890 1170 921 1100
1195 889 1230 919 111
1253 890 1327 921 Ι1111.
1350 891 1440 922 Hist.
1465 890 1525 921 cel.
1550 889 1687 921 Ernesti
1712 889 1942 921 confunditur.
1986 890 2151 922 Incertam

261 948 390 973 tantum
414 942 492 974 licet
515 943 741 974 coniecturam
764 942 891 982 facere,
932 943 1030 974 illum
1053 949 1183 986 patrem
1208 942 1307 973 huius
1330 942 1448 982 fuisse,
1484 943 1542 985 qui
1563 954 1664 984 eques
1688 943 1862 974 Romanus
1892 943 1927 973 in
1950 943 2065 975 Sicilia
2088 956 2152 975 ne-

260 995 452 1037 gotiaretur.
498 995 628 1026 Tamen
658 996 718 1028 ille
745 1007 879 1038 quoque
907 995 1000 1026 locus
1029 995 1215 1038 conprobat
1244 996 1423 1026 Raciliam
1453 1002 1606 1036 gentem,
1645 1007 1714 1026 non
1744 996 1958 1035 Rae-illiam3
1999 1003 2038 1028 ut
2067 1003 2150 1040 aput

260 1048 338 1080 Liu.
362 1048 431 1086 III,
456 1049 506 1080 26.
537 1050 680 1082 Racilia
704 1049 896 1080 Cincinnati
919 1060 1024 1088 uxor,
1057 1055 1087 1079 et
1113 1049 1211 1080 uicus
1234 1048 1443 1079 Bac-illarius
1466 1047 1501 1078 in
1524 1048 1624 1079 XIV.
1648 1048 1741 1079 urbis
1766 1048 1904 1090 regione
1925 1055 2007 1092 aput
2029 1050 2152 1083 Uicto-

260 1112 345 1132 rem.
389 1102 545 1133 Notanda
568 1114 649 1133 uero
679 1101 738 1132 illa
760 1108 839 1132 sunt
860 1102 902 1132 ad
924 1102 967 1143 Q.
991 1101 1031 1132 fr.
1054 1102 1076 1132 1.
1100 1112 1147 1133 c.:
1187 1103 1228 1133 ile
1251 1100 1400 1132 tribunis
1418 1100 1530 1143 plebis
1560 1101 1663 1144 longe
1685 1107 1864 1144 optumum
1886 1103 2065 1135 Raciliam
2087 1104 2152 1136 Iza-

261 1153 376 1186 bemus
384 1167 395 1193 3
419 1155 559 1186 uidetur
582 1156 687 1187 etiam
709 1155 888 1187 Antistius
911 1156 1043 1186 amicus
1067 1154 1161 1185 nobis
1175 1153 1278 1197 sore.-
1302 1166 1383 1185 nam
1405 1153 1575 1186 Plancius
1599 1158 1691 1185 totas
1715 1159 1829 1185 noster
1847 1160 1909 1186 est.
1954 1155 2087 1198 Scripta
2103 1162 2153 1188 est

264 1206 406 1248 epistula
428 1206 577 1238 Lentulo
601 1213 635 1237 et
656 1207 797 1239 Metello
820 1218 904 1239 coss.
927 1218 1042 1237 mense
1063 1206 1246 1237 Decembri
1269 1217 1323 1236 an.
1348 1207 1432 1247 697„
1456 1216 1559 1247 quom
1582 1205 1697 1247 paucis
1719 1206 1787 1237 illis
1811 1207 1928 1239 diebus
1952 1208 2081 1240 tribuni
2103 1210 2153 1252 pl.

262 1259 498 1301 magistratum
524 1259 673 1290 inissent.
720 1259 981 1291 Ginnoxnts.

346 1312 443 1343 Sicut
470 1313 505 1344 in
528 1313 692 1353 Plancio)
736 1312 791 1343 Sic
813 1313 926 1355 inepte
949 1312 1076 1344 codices
1102 1312 1144 1342 ad
1168 1323 1273 1342 unum
1298 1321 1413 1342 onmes
1438 1310 1607 1347 scribunt3
1645 1309 1833 1342 Lambinus
1856 1312 1979 1355 igitur,
2016 1313 2070 1345 cui
2091 1314 2154 1346 ad-

261 1364 405 1396 sentitur
429 1364 651 1403 Garatonius,
687 1366 792 1397 sicuti
813 1367 961 1399 Plancio
985 1365 1196 1396 scribendum
1220 1363 1328 1395 duxit.
1374 1363 1512 1401 „Immo
1540 1362 1576 1393 in
1598 1361 1677 1392 illut
1699 1368 1812 1394 ortum
1837 1371 1886 1396 est
1908 1377 1950 1397 ex
1973 1373 2054 1398 nota
2074 1368 2153 1401 Cn..-

262 1429 470 1460 praenomen
494 1417 585 1447 enim
608 1418 754 1459 requirit
776 1419 938 1450 orationis
966 1418 1190 1455 concinnitas,
1223 1428 1300 1447 cum
1323 1415 1413 1446 idem
1437 1415 1471 1445 11.
1496 1415 1518 1445 l.
1541 1415 1663 1447 Racili
1685 1416 1817 1447 nomini
1839 1424 2085 1461 praeponatur,
2118 1427 2155 1452 ut

262 1469 353 1502 infra
376 1469 536 1512 (Plancio
560 1470 732 1510 deberem,
766 1473 886 1503 Racili
909 1471 1095 1514 beneficiis)
1119 1477 1196 1501 ante
1220 1476 1403 1509 utrumque
1426 1467 1607 1498 omittitur.
1652 1468 1735 1499 Eius
1757 1469 1807 1500 rei
1833 1471 2012 1513 uestigium
2032 1483 2156 1515 super-

264 1529 310 1554 est
335 1523 435 1554 etiam
458 1523 493 1555 in
515 1523 619 1554 schol.
645 1523 727 1554 Mai.
750 1535 785 1566 p.
809 1535 876 1566 172.
901 1530 1151 1556 extenuatnrus
1175 1523 1300 1555 merita
1323 1521 1382 1553 Cn.
1405 1521 1532 1553 Planci
1555 1538 1596 1544 —
1621 1521 1662 1553 de
1687 1521 1732 1553 L.
1754 1523 1860 1554 etiam
1881 1524 2022 1556 Racilio
2046 1537 2154 1569 qaae-

265 1578 345 1608 slam
358 1578 562 1608 Laterensis
585 1583 910 1609 connzemorcmerat.
934 1577 995 1608 etsi
1018 1577 1098 1608 haee
1119 1575 1288 1606 adnotatio
1311 1575 1351 1606 ad
1367 1574 1568 1606 inferiorem
1589 1574 1703 1605 locum
1722 1575 1924 1616 pertineat.“
1948 1577 2152 1611 ORELLIUS.

265 1630 364 1661 Hanc
387 1629 657 1660 emendationem
684 1629 912 1672 recipiendam
937 1630 1065 1672 putaui.

350 1682 555 1726 Semperque
571 1695 661 1726 prae
683 1695 735 1715 me
748 1682 884 1725 feram)
931 1682 1051 1714 Monui
1075 1682 1143 1713 iam
1168 1681 1298 1723 Proleg.
1322 1681 1363 1712 L.
1387 1681 1431 1712 Π.
1456 1681 1495 1712 C.
1518 1681 1545 1711 I.
1570 1681 1600 1722 ξ.
1628 1681 1675 1712 14.
1701 1691 1735 1723 p.
1759 1680 1837 1720 LI.,
1861 1681 1970 1713 uideri
1992 1682 2041 1715 M.
2065 1683 2153 1715 Tul-

266 1734 352 1766 lium
382 1748 579 1779 semperque
602 1735 807 1779 praeferam
837 1735 1019 1778 scripsisse.
1064 1735 1186 1774 Addo,
1223 1734 1338 1765 eodem
1369 1733 1528 1775 loquendi
1551 1745 1674 1776 genere
1700 1745 1797 1765 usum
1819 1734 2041 1777 interpretem
2062 1735 2152 1768 Am—

267 1787 461 1819 brosianum
485 1799 554 1818 esse
582 1787 625 1818 ad
646 1788 683 1819 C.
707 1789 806 1820 XIV.
831 1789 860 1829 ξ.
885 1789 936 1820 55.
979 1789 1136 1821 Grauius
1154 1800 1360 1832 praeconem
1383 1800 1460 1818 cum
1483 1786 1669 1825 inrisione,
1710 1799 1813 1830 quam
1834 1789 2033 1820 Romanum
2055 1789 2152 1832 equi-

270 1847 336 1872 tem
358 1854 435 1872 cnm
458 1841 574 1873 dolore
596 1842 743 1879 dixisse3
765 1853 842 1872 cum
865 1842 962 1873 dolor
984 1847 1184 1874 exi—assatus
1207 1842 1253 1872 sit
1277 1841 1396 1884 inpetu
1419 1840 1573 1884 cogentis
1596 1840 1759 1879 inim-iae,
1782 1842 1874 1873 risas
1899 1842 2150 1875 inmoderatam

265 1894 469 1937 plerumque
494 1895 758 1927 contumeliosae
779 1895 948 1926 audaciae
970 1895 1147 1927 licentiam
1171 1893 1366 1938 praeferat.
1410 1893 1492 1926 Alia
1514 1892 1613 1924 huius
1636 1893 1817 1925 locutionis
1841 1894 1997 1937 exempla
2017 1893 2151 1937 Proleg.

272 1946 293 1976 l.
319 1946 342 1976 l.
365 1946 483 1978 adtuli.

356 1999 471 2042 Atque
493 2001 647 2039 utinam,
681 2013 784 2044 qnam
807 2013 870 2044 ego
892 2014 968 2033 sum
991 2002 1027 2033 in
1050 2001 1151 2032 illam
1172 2005 1320 2043 gratas,
1357 2005 1428 2032 tam
1452 1999 1606 2031 licuisset
1622 2012 1689 2043 per
1706 2000 1881 2032 hominum
1903 1999 1976 2031 uim
1998 2006 2031 2032 et
2056 2001 2153 2033 inim-

273 2049 363 2081 riam
390 2053 515 2094 populi
542 2054 694 2084 Romani
723 2055 754 2086 ei
781 2055 939 2097 gratiam
968 2052 1107 2096 referri)
1153 2053 1207 2083 Sic
1237 2059 1378 2095 excepto
1407 2053 1489 2084 Bau.
1519 2051 1555 2082 in
1578 2053 1733 2083 omnibus
1763 2051 1852 2082 codd.
1875 2051 2052 2093 scribitur,
2086 2054 2153 2086 nisi

274 2101 362 2143 quod
382 2104 478 2134 multi
504 2116 567 2147 pro
586 2107 712 2149 populi
732 2107 885 2138 Romani
908 2105 1136 2149 conpendium
1158 2118 1192 2149 [J.
1215 2106 1260 2138 R.
1285 2105 1421 2137 habent.
1466 2105 1682 2145 „Lambinus
1706 2103 1803 2143 dedit,
1831 2109 1902 2135 tam
1923 2105 2010 2137 mihi
2031 2106 2154 2139 licuis-

273 2160 324 2186 set
347 2160 380 2185 et
403 2155 549 2198 referre,
576 2169 675 2189 uoces
692 2160 820 2202 populi
841 2160 993 2191 Romani
1017 2158 1174 2197 retinuit,
1212 2170 1281 2189 esse
1302 2164 1413 2189 tamen
1436 2156 1574 2189 fortasse
1597 2157 1750 2189 delendas
1776 2157 1908 2188 notauit
1929 2157 1965 2188 in
1987 2157 2152 2199 margine.

274 2207 354 2239 Non
375 2205 447 2237 fero
471 2209 637 2242 iniuriam
656 2212 783 2255 populi
803 2212 974 2252 Romani,
997 2223 1066 2243 non
1089 2211 1167 2253 quia.
1189 2211 1290 2243 nimis
1314 2218 1362 2243 est
1383 2222 1504 2254 graue,
1528 2222 1649 2242 uerum
1666 2209 1848 2253 praecipue
1871 2209 1949 2252 quia
1969 2209 2152 2253 praecedit,

350 2335 377 2374 1)
415 2334 549 2363 Uidetur
576 2337 789 2374 corrigendum
816 2349 885 2366 cum
910 2340 946 2366 is.
985 2337 1065 2366 Nam
1086 2337 1211 2376 Cispius
1241 2337 1341 2367 exulis
1363 2335 1522 2366 Ciceronis
1541 2334 1684 2365 misertus
1706 2336 1822 2373 fuerat,
1856 2339 1892 2366 ut
1919 2335 2006 2365 uides
2030 2334 2065 2365 in
2089 2334 2150 2365 hoc

275 2382 343 2411 loco
364 2382 522 2411 orationis.
559 2383 598 2412 A.
618 2385 737 2412 Mnus.

2223 2518 2244 2558 ιδ)
