2264 2746
773 549 800 601 1
869 547 918 601 N
987 547 1039 600 D
1109 547 1153 600 E
1224 547 1276 600 X

484 674 804 718 RERUM
861 675 967 716 ET
1025 672 1556 716 UERRORIJM.

92 853 148 898 A.
169 866 304 905 (Aulus)
323 865 501 894 restitutum
521 874 561 893 ex
580 874 623 893 an
642 863 796 904 particula
818 863 879 893 150.

92 921 223 949 Abieere
242 920 374 946 salutem
389 926 448 954 pro
475 917 580 954 aliquo
600 926 665 945 200.

93 967 311 997 Ablatiuorum
333 964 572 1003 consequentiae
591 975 663 993 usus
683 965 776 993 latior
796 975 884 1002 quam
900 963 991 1003 uolgo

167 1014 313 1043 statuitur
334 1023 368 1050 79
386 1022 429 1051 sq.
451 1012 603 1051 quomodo
624 1012 688 1042 sint
707 1012 851 1041 soluendi
871 1014 917 1041 80.

94 1064 271 1092 Aecus-mre
292 1072 356 1089 rem
376 1061 421 1096 67.

92 1110 210 1139 Acerbe
225 1119 396 1148 personare
415 1117 480 1144 217.

91 1157 247 1186 Acerbum
266 1157 419 1185 iudicium
442 1157 502 1184 131.
530 1154 675 1183 acerbum
695 1154 796 1183 iudici
809 1164 910 1192 genus
932 1163 992 1183 121.

91 1206 148 1233 Ad
165 1211 195 1233 et
222 1204 257 1232 ob
285 1203 534 1242 praepositiones
567 1202 712 1230 confusae
739 1201 772 1229 in
792 1202 896 1230 uerbis
917 1211 993 1228 con-

164 1251 274 1290 positis
305 1251 365 1286 175.
401 1250 457 1277 Asl
482 1249 686 1287 praecedente
710 1248 857 1276 audierat
877 1248 995 1277 excidit

164 1299 273 1327 librari
294 1306 400 1325 errore
420 1297 483 1325 243.

91 1346 147 1375 Ad
172 1352 202 1375 et
229 1352 263 1374 at
292 1343 463 1382 particulae
489 1342 650 1372 Ciceronis
671 1346 770 1371 aetate
789 1351 852 1370 non
872 1341 992 1370 discer-

166 1393 319 1421 nebantur
339 1391 494 1430 scriptura
512 1393 574 1420 218.

91 1441 213 1470 Aderat
233 1445 385 1469 mutatum
405 1439 438 1467 in
457 1440 502 1467 At
522 1444 589 1466 erat
609 1447 662 1474 217
683 1448 727 1475 sq.

91 1489 208 1517 Adesse
227 1499 247 1516 a
267 1489 448 1524 municipiis
472 1492 502 1515 et
524 1498 538 1515 e
551 1488 732 1524 municipiis
752 1484 904 1524 quomodo
926 1484 988 1513 dif-

167 1536 269 1564 ferant
289 1546 334 1574 9¹·

92 1583 340 1621 Aclmonesacere
359 1592 422 1612 210.

92 1632 297 1667 Aci-siduitas,
317 1630 529 1660 aduocationis
550 1630 722 1659 constantia
744 1638 805 1658 100.

92 1679 298 1717 Adsit-ingere
335 1681 517 1708 seruitutem
551 1679 632 1716 offici
665 1678 839 1706 testimonio
878 1677 991 1714 sempi-

165 1732 252 1755 terno
276 1730 337 1766 189.

92 1774 280 1809 Adsumere,
315 1775 442 1813 insuper
467 1773 623 1811 suscipere
643 1772 688 1801 62.
721 1772 823 1802 facere
851 1770 933 1810 quod
952 1771 989 1800 ab

168 1823 230 1851 alio
252 1822 356 1862 potius
376 1822 445 1851 fieri
467 1821 558 1850 debet
582 1821 642 1850 154.

91 1870 279 1898 Adtrectare
302 1870 363 1899 103.

92 1918 194 1947 Aedes·
212 1919 350 1946 Honoris
370 1923 399 1946 et
423 1918 559 1946 Uirtutis
586 1916 711 1945 uidetur
731 1914 847 1954 duplex
873 1914 989 1943 ‹listin-

167 1965 286 2003 guenda
314 1975 379 1993 esse
414 1965 492 1994 XCI
519 1974 583 2003 sqq.
618 1963 686 2002 quis
714 1972 764 1991 eas
800 1963 989 1992 dedicauerit

169 2011 262 2040 XCII
288 2023 330 2051 sq.

94 2057 220 2086 Aediles
241 2069 317 2096 quae
336 2059 503 2088 habuerint
521 2059 657 2088 muneris
684 2058 816 2096 insignia
838 2058 898 2086 153.
925 2068 988 2087 non

168 2105 321 2135 habebant
341 2108 388 2136 ius
409 2119 477 2136 cum
497 2107 613 2146 populo
634 2106 741 2144 agendi
761 2105 988 2134 LXXXVIII.

169 2164 241 2191 ergo
261 2165 360 2192 neque
379 2157 428 2184 ius
449 2155 575 2183 comitia
601 2154 735 2182 habendi
763 2154 836 2183 ibid.
865 2154 988 2182 curules

169 2207 199 2230 et
226 2201 342 2240 plebeii
362 2212 423 2230 uno
450 2202 499 2230 die
520 2202 702 2230 creabantur
721 2201 905 2232 LXXXIII
925 2211 987 2240 sqq.

94 2250 252 2278 Aedilitas
272 2259 399 2278 numero
418 2250 532 2289 plurali
554 2251 605 2278 144
620 2260 663 2288 sq.

97 2297 206 2325 Aelius
227 2296 335 2325 Lamia
353 2306 416 2335 219.

96 2346 205 2383 Agere.
242 2344 355 2382 Agitur
374 2344 524 2381 studium,
545 2344 750 2379 existumatio,
773 2344 847 2379 laus,
867 2342 989 2372 diuerso

171 2402 261 2421 sensu
269 2400 332 2421 200-
342 2391 537 2420 Elocutionis
547 2394 742 2432 quodagitur
751 2391 935 2430 significatio
945 2393 989 2420 82.

1051 867 1117 894 Ain
1138 865 1263 893 tandem
1283 864 1358 903 quid
1379 864 1531 902 significet
1554 867 1613 895 142.

1050 912 1167 947 Alfius,
1195 922 1308 940 nomen
1330 913 1501 951 Campanae
1520 914 1695 943 nobilitatis
1716 915 1857 943 LXXII.

1051 960 1167 994 Alfius,
1190 960 1223 988 C.
1242 960 1365 995 Flauus,
1387 960 1436 988 uir
1457 971 1590 990 summae
1610 961 1775 1000 probitatis
1796 968 1826 990 et
1847 962 1949 1000 digni-

1125 1007 1206 1043 tatis,
1223 1007 1255 1034 in
1270 1007 1369 1045 prima
1386 1013 1548 1045 praeturae
1562 1009 1716 1048 petitione
1731 1010 1883 1048 repulsam
1898 1016 1950 1038 tu-

1123 1055 1162 1083 lit
1177 1054 1301 1083 LXXI.
1322 1055 1435 1083 iterum
1450 1062 1558 1093 petens
1581 1067 1646 1084 eam
1667 1057 1795 1095 adeptus
1811 1063 1856 1085 est
1876 1058 1948 1086 ibid.

1124 1103 1186 1132 fuit
1207 1103 1362 1141 quaesitor
1383 1103 1479 1131 iudici
1501 1105 1659 1133 Planciani
1679 1105 1777 1134 LXX
1800 1115 1864 1143 sqq.
1889 1106 1947 1134 134.

1124 1150 1176 1178 De
1195 1150 1350 1188 scriptura
1369 1150 1399 1178 h.
1420 1151 1554 1180 nominis
1575 1153 1674 1181 LXX
1691 1163 1753 1191 sqq.
1773 1153 1837 1181 245.

1050 1199 1187 1237 Aliquid
1204 1203 1234 1226 et
1254 1199 1332 1236 qaid
1349 1198 1497 1236 singulari
1517 1211 1574 1228 usu
1598 1201 1658 1229 183.

1051 1247 1147 1274 Altus
1166 1246 1364 1284 participium
1393 1247 1431 1274 L.
1452 1249 1536 1275 altas
1556 1252 1587 1275 et
1606 1249 1703 1275 alitus
1722 1256 1786 1276 201.

1050 1293 1191 1322 Ambitus
1226 1294 1342 1323 crimen
1375 1295 1533 1324 LXXIV.
1568 1294 1722 1333 quomodo
1749 1305 1766 1322 a
1793 1294 1948 1323 sodaliciis

1126 1340 1308 1379 discreparit
1337 1342 1411 1370 ibid.
1441 1352 1518 1380 quae
1548 1352 1648 1380 poena
1674 1342 1706 1369 in
1727 1342 1946 1370 sodaliciorum

1124 1398 1211 1417 reum
1232 1389 1327 1417 suerit
1345 1390 1515 1419 constituta
1534 1390 1679 1419 LXXX.
1700 1389 1744 1417 66.
1765 1391 1829 1418 205.
1850 1390 1887 1418 de
1902 1391 1948 1418 le—

1125 1436 1212 1473 gibus
1240 1438 1371 1466 ambitus
1393 1439 1456 1466 204.

1047 1484 1179 1522 Ampius
1199 1484 1328 1520 Balbus,
1359 1485 1413 1520 T.,
1434 1485 1582 1524 Pompeio
1604 1485 1882 1513 coniunctissunms
1902 1486 1947 1523 95.

1123 1532 1160 1559 de
1189 1543 1248 1569 quo
1270 1533 1367 1569 legem
1389 1532 1461 1560 tulit
1489 1533 1561 1561 ibid.
1591 1533 1664 1560 item
1686 1532 1847 1561 Ciceronis
1870 1533 1948 1561 ami-

1123 1590 1175 1607 cus
1189 1579 1233 1617 96.
1253 1579 1327 1608 tulit
1347 1579 1512 1608 aedilitatis
1532 1581 1688 1619 repulsam
1708 1580 1781 1608 ibid.
1802 1580 1861 1608 alia
1882 1581 1947 1609 eius

1123 1628 1184 1656 fata
1214 1628 1259 1666 95.

1049 1677 1105 1704 An
1126 1680 1157 1704 et
1177 1676 1230 1703 An
1251 1686 1322 1703 nero
1343 1674 1490 1712 singulari
1512 1685 1570 1703 usu
1594 1674 1654 1703 126.

1049 1725 1099 1754 An
1121 1724 1247 1752 tandem
1268 1727 1299 1750 et
1320 1724 1385 1751 Ain
1404 1723 1529 1750 tandem
1548 1727 1721 1760 permutata
1743 1723 1804 1750 142.

1048 1772 1193 1803 Aniensis
1212 1770 1312 1799 tribas
1341 1770 1393 1808 149
1413 1780 1457 1808 sq.
1485 1769 1518 1797 iu
1539 1780 1573 1798 ea
1592 1771 1630 1799 Α.
1651 1769 1772 1799 Plotius
1799 1769 1945 1797 censeba-

1123 1826 1174 1849 tur
1197 1820 1258 1848 150.

1046 1867 1236 1907 Apollonius
1256 1865 1354 1901 Molo,
1376 1865 1536 1894 Ciceronis
1556 1865 1700 1903 magister
1716 1865 1780 1894 206.

1046 1915 1281 1955 Appellatiuom
1302 1924 1414 1942 nomen
1443 1913 1645 1953 praeponitur
1665 1911 1783 1940 nomini
1806 1912 1944 1950 proprio,

1120 1963 1146 1991 si
1162 1972 1274 1990 nomen
1289 1962 1451 2001 proprium
1467 1961 1642 2000 explicandi
1658 1959 1839 1999 appellatiui
1857 1970 1944 1988 caus-

1120 2021 1154 2038 sa
1178 2009 1311 2038 adicitur
1334 2011 1393 2046 157.

1045 2058 1168 2097 Appius
1191 2057 1338 2086 Claudius
1358 2056 1392 2084 in
1412 2055 1570 2084 aedilitate
1589 2055 1743 2094 repulsam
1776 2055 1851 2083 tulit
1880 2054 1938 2083 144.

1120 2110 1228 2144 postea
1248 2105 1347 2133 factus
1369 2103 1478 2131 aedilis
1499 2108 1530 2132 et
1549 2103 1657 2131 consul
1677 2103 1752 2132 ibid.

1044 2152 1135 2191 Aput
1160 2151 1349 2191 praepositio
1377 2152 1410 2180 in
1438 2150 1654 2180 enuntiatione
1679 2150 1867 2180 disiunctiua
1892 2151 1938 2179 bis

1120 2201 1221 2239 posita
1244 2200 1303 2228 132.

1046 2248 1151 2277 Ardor
1171 2248 1208 2276 de
1228 2247 1372 2275 incendio
1392 2247 1456 2276 235.

1046 2295 1148 2323 Arma
1167 2306 1276 2333 capere
1291 2300 1322 2322 et
1337 2305 1457 2323 sumere
1477 2292 1630 2332 quomodo
1651 2292 1791 2322 differant
1805 2293 1859 2322 223
1873 2303 1938 2331 sqq.

1047 2344 1214 2380 Arripere,
1235 2347 1386 2370 temere
1406 2342 1438 2369 in
1460 2342 1506 2369 ius
1526 2351 1637 2369 uocare
1660 2341 1720 2369 151.

1048 2393 1196 2418 Ascensus
1216 2392 1251 2418 in
1271 2392 1387 2418 uirtute
1408 2391 1499 2418 multi
1520 2389 1569 2417 161
1591 2398 1633 2426 sq.
