2264 2746
294 81 476 112 LXXXIV
967 80 1498 113 PROLEGOMENA.

293 157 516 192 intellexisset,
536 156 563 184 ei
586 167 650 184 sese
670 155 820 184 adiunxit.
860 154 892 182 Si
913 155 1091 183 Laterensis
1113 156 1241 184 Pedium
1267 167 1301 185 ae
1322 157 1458 186 Plotium
1486 159 1670 196 depulisset,
1700 159 1766 197 ipse
1787 169 1856 188 cnm
1876 161 2003 189 Plancio
2024 161 2167 200 designa-

294 212 342 235 tus
362 205 481 234 fuisset.
518 205 602 232 Hinc
623 214 647 231 c.
668 213 711 231 22.
733 204 785 230 Set
805 208 909 230 tamen
929 209 963 230 ιιι
982 204 1022 231 A.
1043 204 1199 240 Plotium,
1219 206 1325 232 uirum
1344 208 1601 242 ornatissmmwz,
1631 208 1664 235 in
1685 209 1765 236 illem
1785 210 1901 236 crimen
1921 210 2060 237 necando
2081 211 2169 238 incli-

295 264 363 285 (τις,
391 263 458 281 eum
479 258 507 279 te
534 252 721 288 arripuisse,
748 260 767 277 a
787 259 845 287 quo
867 260 927 278 non
948 252 990 278 sis
1015 257 1154 288 rogatus.
1182 252 1267 290 quasi
1288 252 1406 280 Plotius
1427 253 1601 291 pactionem
1631 265 1700 283 cum
1720 255 1890 284 Laterense
1910 256 2038 292 fecerit,
2070 267 2110 285 ne
2130 258 2168 286 ab

295 301 351 328 illo
378 304 594 328 accussaretnr.
633 297 692 325 His
720 296 989 326 obseruationibus
1017 297 1102 326 hune
1129 299 1232 328 locum
1259 300 1395 328 arbitror
1423 301 1605 339 explica1·i.“

369 347 452 375 Huic
474 345 620 373 Garatoni
641 344 834 372 adnotationi
854 346 1002 374 continuo
1023 356 1058 374 ea
1079 346 1174 383 addo,
1208 358 1284 386 quae
1304 348 1387 375 idem
1407 348 1457 376 uir
1478 349 1681 378 doctissumus
1701 350 1739 378 ad
1760 350 1794 379 C.
1815 350 1927 379 XXII.
1952 349 1980 390 ᾗ.
2001 351 2046 380 54.
2073 351 2171 380 adno-

296 395 391 429 tauit,
411 404 478 421 cnm
499 403 561 420 nou
581 397 640 420 tam
661 392 699 425 ad
718 391 824 428 illum,
856 403 944 431 quam
965 394 1002 422 ad
1021 393 1104 422 hune
1124 395 1228 424 locum
1249 396 1475 436 explanandum
1495 397 1618 426 saciant.
1658 398 1789 436 Scripsit
1810 398 1854 426 ibi
1875 409 1905 437 p.
1925 399 1980 426 413
1995 409 2055 437 sq.:

371 443 480 478 „IIunc
510 440 548 475 Q.
575 440 705 469 Pedium
731 441 875 469 audacter
900 441 1027 479 Pighius
1054 443 1184 471 aedilem
1208 444 1311 482 plebis
1338 445 1501 473 constituit
1528 456 1607 473 anno
1636 445 1837 480 DCXCIX„
1872 446 2034 484 superiore
2062 457 2175 486 nempe

297 490 501 528 designatum,
522 498 590 516 cum
611 498 680 517 eum
700 488 805 517 uideat
826 499 850 517 c.
872 499 896 526 7.
924 490 1048 528 adiungi
1069 491 1174 519 Plotio
1203 496 1234 519 et
1252 491 1397 528 Plancio,
1425 497 1456 520 et
1482 493 1573 521 simul
1601 492 1639 520 iis
1661 493 1795 521 comitiis
1816 493 1980 522 Laterensi
2000 494 2104 523 uideat
2123 495 2176 524 in-

297 536 510 567 commodasse.
551 536 603 564 Set
624 545 658 564 ea
676 546 726 564 res
746 537 779 564 in
799 537 898 575 pluris
919 538 1114 566 difficultates
1142 538 1285 568 incurrit.
1325 539 1393 568 Nos
1413 550 1482 568 cum
1502 541 1605 569 locum
1625 540 1716 568 aliter
1735 541 1906 580 explicasse
1928 543 2066 571 contenti
2087 554 2170 572 nunc

296 597 313 614 a
333 583 441 622 Pighio
463 584 652 621 quaerimus,
681 591 784 613 utrum
805 586 1005 614 Laterensem
1026 587 1213 615 aedilitatem
1234 593 1396 626 utramque
1424 588 1539 628 petisse
1559 587 1746 623 arbitretur,
1773 598 1811 616 an
1832 590 1918 618 non‘?
1954 590 2047 619 Certe
2066 590 2177 629 plebe—

295 634 355 661 iam
376 641 436 659 non
465 631 596 669 petisse,
621 632 780 661 silentium
801 634 889 662 Tulli
909 635 1034 671 suadet;
1060 635 1086 663 si
1107 645 1179 672 ergo
1208 645 1270 662 non
1297 636 1430 674 petiuit,
1458 636 1533 674 quid
1553 635 1618 663 eius
1639 635 1802 671 intererat,
1835 637 1965 665 Pedium
1986 638 2071 666 illam
2091 637 2177 666 obti-

294 679 420 709 nuisse?
441 679 594 717 quomodo
616 680 654 707 ob
676 691 740 710 eam
760 692 826 710 rem
847 683 953 721 potuit
973 683 1138 711 Laterensi
1167 683 1250 711 obici
1271 683 1402 719 Pedius,
1430 684 1516 722 quasi
1546 683 1574 711 ei
1595 683 1720 712 fecisset
1740 682 1910 712 iniuriam?
1945 685 1977 713 Si
1998 696 2073 714 uero
2093 685 2178 725 peti-

295 729 357 764 uit,
377 728 454 756 alius
475 738 596 766 quoque
616 729 771 757 nominari
793 729 914 766 debuit,
935 741 1026 769 quem
1045 741 1114 759 cum
1135 730 1232 759 Pedio
1253 730 1443 768 designatum
1465 731 1616 770 oportuit,
1637 742 1653 759 a
1675 741 1735 769 quo
1754 740 1817 758 non
1837 731 1948 760 suisset
1968 734 2070 762 minus
2091 734 2178 762 deie-

295 782 362 805 ctus
390 775 576 804 Laterensis.
615 776 726 814 Neque
753 787 829 805 uero
854 777 946 806 simul
976 789 1038 806 uno
1066 778 1180 807 sortitu
1206 777 1378 807 aedilitates
1407 779 1484 808 istae
1511 790 1527 807 a
1554 779 1672 818 populo
1692 778 1932 815 mandabantur,
1966 790 2067 820 neque
2087 791 2178 810 unam

295 824 449 864 repulsam
469 824 604 860 ferebat,
631 825 684 862 qui
712 830 842 863 utraque
863 825 1062 854 deiciebatur.
1102 826 1195 864 Quod
1221 826 1298 856 licet
1323 836 1510 865 cognoscere
1537 837 1576 855 ex
1604 825 1718 863 insigni
1744 825 1815 855 loco
1836 827 1997 857 Plutarchi
2022 829 2055 857 in
2075 829 2177 858 Mario

296 883 321 900 c.
343 873 369 901 5.
392 871 494 910 [quem
514 882 605 909 supra
626 872 836 911 adtulimus].“

372 919 511 948 Orellius
532 920 569 948 ad
589 921 622 948 C.
645 921 717 948 VII.
738 919 765 959 ᾗ.
790 930 832 956 17.
852 932 883 960 p.
902 922 940 950 ’46
960 932 1004 961 sq.
1024 922 1116 951 nimis
1136 923 1267 951 uerbose
1286 921 1362 951 haec
1380 922 1557 950 adnotauit:

371 967 580 1005 „Interpretes
600 967 668 1003 hic,
694 978 790 996 unum
810 969 835 996 si
857 970 993 1008 excipias
1017 970 1198 1007 V'olffium,
1225 982 1332 1011 parum
1352 975 1558 1008 respexerunt
1578 969 1759 1007 imaginem,
1785 970 1918 998 oratoris
1937 970 2039 999 animo
2060 980 2181 1010 semper

298 1017 531 1050 obuersantem,
558 1015 766 1044 multitudinis
787 1027 851 1045 sese
872 1018 1007 1046 inuicem
1028 1018 1209 1057 inpellentis
1230 1029 1262 1047 ae
1284 1025 1400 1048 temere
1426 1017 1678 1057 praecipitantis,
1710 1018 1761 1046 cui
1789 1018 1987 1046 comitiorum
2014 1019 2182 1047 tumultum

298 1062 597 1101 trepidationemque
625 1064 701 1092 scite
729 1071 886 1104 conparat.
925 1066 961 1095 In
989 1066 1165 1095 huiusmodi
1194 1067 1291 1104 igitur
1318 1066 1569 1095 concursantium
1595 1065 1687 1093 turba
1718 1066 1905 1103 longissmne
1933 1067 2019 1104 afuit
2047 1077 2063 1094 a
2085 1066 2183 1094 Late-

298 1120 387 1139 rense
407 1110 565 1145 Plancius,
593 1111 635 1138 ita
655 1117 689 1139 ut
713 1112 764 1141 hic
784 1114 878 1143 istum
907 1114 1030 1153 quidem
1059 1114 1268 1144 aduersarium
1298 1124 1356 1141 nec
1384 1114 1531 1150 calcaret,
1564 1124 1620 1142 nec
1648 1118 1729 1141 statu
1758 1113 1954 1150 demoueret3
1987 1114 2182 1152 reliquorum

299 1159 406 1197 utique
427 1158 656 1196 competitorum
677 1170 711 1187 ea
731 1160 792 1189 fuit
815 1162 915 1200 culpa,
935 1162 962 1189 si
982 1166 1083 1190 tamen
1107 1162 1196 1201 eulpa
1216 1167 1282 1190 erat
1301 1161 1438 1190 dicenda.
1470 1162 1541 1190 Hoc
1563 1166 1617 1197 est,
1637 1160 1842 1190 similitudine
1862 1162 1922 1190 iam
1943 1161 1979 1190 ad
1998 1172 2065 1190 rem
2084 1162 2183 1200 ipsam

299 1211 458 1235 reuocata:
479 1210 527 1233 tot
547 1210 593 1240 te,
622 1206 818 1245 Laterensis,
846 1209 990 1237 Plancius
1010 1210 1160 1247 suffragiis
1190 1210 1350 1248 superauit
1378 1208 1417 1249 (c.
1439 1218 1484 1237 20.
1505 1210 1593 1247 longe
1609 1211 1792 1248 plurumum
1812 1211 1915 1238 ualuit
1935 1209 2120 1248 Plancius),
2148 1214 2184 1238 ut

299 1254 402 1282 nullus
422 1253 513 1292 plane
533 1253 591 1281 tibi
619 1253 705 1282 locus
733 1255 774 1284 sit
800 1256 850 1284 illi
877 1257 1095 1293 suscensendi,
1124 1257 1163 1285 iis
1189 1257 1310 1296 potius,
1337 1256 1364 1285 si
1384 1256 1503 1295 placet,
1531 1255 1612 1285 diem
1640 1257 1705 1293 dic,
1742 1258 1794 1296 qui
1822 1257 1987 1297 propiores
2014 1257 2073 1285 tibi
2093 1267 2184 1296 quam

300 1301 454 1336 Plancius,
476 1301 496 1328 i.
513 1311 536 1328 e.
556 1302 754 1340 paucioribus
777 1314 864 1341 quam
885 1304 940 1331 ille
959 1304 1109 1342 suffragiis
1130 1316 1146 1333 a
1166 1310 1196 1333 te
1217 1305 1375 1340 distantes,
1395 1303 1592 1342 inpressione
1612 1304 1711 1332 ueluti
1732 1305 1811 1333 facta
1830 1310 1861 1333 te
1882 1306 2096 1340 demouerunt,
2115 1304 2184 1333 siue

301 1350 338 1377 ab
359 1349 517 1377 aedilitate
545 1350 751 1379 excluserunt.
791 1351 875 1380 Hinc
896 1353 979 1381 ultro
1000 1353 1210 1390 intellegitur,
1231 1362 1287 1381 cnr
1306 1362 1380 1381 mox
1399 1352 1531 1380 dimouit
1551 1362 1620 1380 cum
1641 1352 1811 1381 Garatonio
1832 1352 2049 1391 praetulerim,
2077 1362 2185 1391 quam-

302 1406 391 1435 quam
419 1406 457 1423 ne
484 1396 511 1424 is
537 1397 662 1435 quidem
687 1398 750 1426 uim
777 1399 842 1427 eius
868 1400 959 1428 uerbi
978 1405 1064 1429 recte
1085 1400 1219 1439 ceperit,
1239 1400 1480 1439 interpretatus,
1506 1400 1642 1436 inpulit,
1668 1406 1703 1428 ut
1722 1400 1923 1429 Laterensem
1943 1402 2113 1435 deicerent,
2141 1399 2185 1428 si-

303 1443 441 1482 quidem,
462 1449 498 1472 ut
517 1445 660 1481 uidetur,
692 1447 843 1483 eredidit,
869 1448 1031 1476 Plancium
1053 1458 1120 1476 eum
1141 1448 1237 1476 Pedio
1259 1458 1294 1476 ac
1314 1448 1418 1476 Plotio
1439 1447 1584 1486 pactione
1603 1446 1681 1474 inita
1701 1447 1852 1483 effecisse,
1886 1453 1921 1476 ut
1941 1448 2056 1476 iunctis
2076 1458 2186 1476 eorum

306 1491 416 1529 opibus
437 1502 453 1519 a
473 1491 624 1529 dignitate
642 1501 858 1523 remoueretnr
878 1496 1067 1523 Laterensis.
1108 1496 1240 1523 Omnem
1260 1505 1337 1524 uero
1359 1506 1496 1524 errorem
1522 1494 1595 1523 inde
1621 1499 1726 1522 natum
1748 1505 1875 1531 censeo,
1906 1496 1988 1533 quod
2008 1495 2100 1523 etiam
2120 1495 2187 1523 Ga-

304 1538 443 1567 ratonius
463 1539 605 1576 opinatus
633 1547 696 1577 est,
723 1543 853 1571 Pedium
880 1548 953 1571 tunc
981 1543 1112 1571 aedilem
1139 1544 1253 1572 sactum
1279 1553 1343 1571 non
1365 1554 1446 1580 esse3
1479 1547 1525 1571 set
1550 1547 1636 1570 recte
1656 1541 1784 1579 Pighius
1804 1543 1917 1571 Annal.
1939 1543 1976 1571 T.
1998 1542 2054 1571 III.
2073 1553 2102 1582 p.
2121 1542 2186 1581 396.

305 1586 377 1614 anni
398 1586 461 1624 699.
483 1586 528 1625 (id
549 1592 595 1615 est
617 1597 679 1623 700.
705 1589 874 1628 Almclou.)
895 1591 1003 1618 aedilis
1032 1590 1148 1618 curulis
1168 1591 1276 1619 statuit
1297 1591 1351 1619 Cn.
1371 1591 1549 1625 Plancium,
1575 1590 1614 1618 A.
1634 1590 1789 1626 Plotium,
1817 1591 1925 1619 aedilis
1945 1590 2045 1629 plebis
2066 1590 2104 1627 Q.
2125 1591 2187 1619 Pe-

307 1634 390 1662 dium
412 1633 460 1672 (C.
482 1633 645 1663 Claudium
666 1637 707 1664 M.
728 1638 762 1665 F.
783 1639 826 1666 M.
848 1639 886 1666 N.
907 1637 1113 1677 Marcellum).
1152 1638 1296 1666 Plancius
1324 1637 1437 1675 igitur,
1465 1637 1568 1665 eadem
1595 1638 1650 1666 illa
1678 1638 1810 1676 imagine
1831 1639 2025 1674 continuata,
2053 1637 2188 1666 dimouit

308 1681 436 1709 Pedium
464 1681 678 1721 Plotiumque,
705 1691 854 1722 quatenus
882 1691 1045 1724 utrumque
1073 1686 1105 1714 in
1131 1686 1341 1725 trepidatione
1368 1685 1423 1713 illa
1450 1685 1602 1713 diuersam
1630 1686 1662 1714 in
1689 1691 1808 1724 partem
1834 1686 1967 1724 inpulit,
1992 1690 2186 1713 transuersos

310 1729 387 1766 egit,
417 1729 460 1756 ita
480 1733 515 1756 ut
534 1729 601 1768 ipse
621 1741 673 1759 eos
694 1738 920 1769 ante-uerteret,
948 1733 967 1761 i.
989 1744 1014 1761 e.
1045 1733 1156 1771 gratia,
1185 1745 1243 1773 qua
1263 1739 1337 1773 aput
1356 1733 1507 1772 populum
1526 1734 1664 1769 ualebat,
1697 1735 1848 1769 efficeret,
1874 1738 1908 1761 ut
1927 1733 1976 1761 illi
1995 1736 2067 1770 post
2085 1731 2187 1770 ipsum

311 1777 446 1811 demum,
467 1777 664 1815 paucioribus
685 1780 792 1819 utique
813 1781 962 1819 suffragiis
983 1780 1097 1809 aediles
1116 1783 1380 1810 renuntiarentur.
1419 1782 1614 1810 Demouisset
1633 1782 1738 1810 ambos
1757 1791 1818 1810 una
1837 1791 1905 1808 cum
1924 1781 2093 1808 Laterense
2111 1790 2188 1809 uere

313 1826 444 1859 (lernam,
465 1825 489 1852 si
510 1831 620 1854 neuter
640 1826 790 1856 honorem
811 1829 938 1867 adeptus
965 1834 1053 1857 esset.
1093 1829 1163 1857 IIoc
1191 1830 1274 1858 inter
1303 1835 1468 1867 utrumque
1494 1829 1626 1857 uerbum
1646 1829 1812 1857 discrimen
1831 1833 1972 1856 accurate
1992 1828 2188 1857 tradiderunt

314 1872 506 1900 l‘orcelliuus
528 1874 559 1901 in
580 1875 720 1904 demoueo
741 1881 772 1904 et
791 1876 915 1904 Ernesti
936 1877 1134 1915 Synoiq'mik
1154 1879 1235 1914 805.,
1255 1888 1324 1906 cum
1344 1887 1373 1906 u.
1394 1878 1553 1906 demollere
1573 1887 1642 1905 cum
1662 1877 1768 1905 multis
1788 1876 1872 1912 aliis,
1901 1876 1987 1914 quasi
2006 1876 2190 1905 Ciceronia-

314 1930 386 1948 nnm
407 1919 480 1948 haut
500 1927 594 1957 esset,
626 1923 770 1960 ignorent
789 1923 951 1952 Ernestius
971 1935 1005 1952 ae
1027 1924 1189 1954 Schutzius
1210 1926 1243 1953 in
1264 1926 1359 1954 Indd..
1401 1924 1485 1961 Quid
1504 1934 1580 1953 uero
1607 1924 1731 1953 intersit
1749 1924 1832 1951 inter
1858 1928 2023 1962 utrumque
2049 1924 2189 1961 uerbum,

316 1968 490 2006 perspicere
511 1969 584 1998 licet
604 1972 695 1999 ctiam
716 1982 731 1999 e
753 1971 892 2000 Sestiana
918 1982 943 2001 c.
962 1974 1008 2010 47.
1036 1978 1190 2009 extremo,
1218 1973 1273 2002 ubi
1301 1974 1412 2002 Cicero
1439 1983 1497 2011 pro
1519 1983 1573 2000 sua
1590 1971 1765 2001 urbanitate
1785 1971 1858 1998 satis
1879 1971 1956 1999 scite
1977 1971 2073 2000 dixit:
2100 1982 2189 2010 quem

316 2027 412 2052 neque
428 2019 561 2053 periculi
581 2025 742 2056 tempestas
761 2035 799 2040 —
813 2022 918 2056 potuit
937 2031 1084 2059 umquam
1105 2021 1275 2055 climouere‚
1302 2021 1322 2049 i.
1344 2032 1370 2050 e.
1390 2026 1599 2049 transuersum
1618 2028 1716 2056 agere.
1754 2017 1801 2045 Ita
1821 2017 1908 2046 codd.
1929 2023 1960 2048 et
1980 2019 2057 2048 edd..
2095 2018 2189 2048 Nunc

317 2069 419 2092 tamen
439 2064 541 2093 editur
561 2067 733 2102 demonem,
753 2067 773 2095 i.
795 2077 820 2096 e.
840 2067 958 2104 facere,
978 2072 1012 2096 ut
1031 2068 1123 2106 plane
1144 2068 1317 2105 aberraret,
1338 2069 1421 2107 quod
1441 2078 1513 2097 sane
1532 2066 1679 2096 rusticius
1700 2067 1776 2094 est.“

392 2112 477 2139 Idem
497 2112 533 2139 ad
555 2113 587 2141 C.
609 2114 718 2142 XXII.
740 2114 767 2154 §.
788 2116 832 2144 54.
855 2121 961 2144 eontra
982 2116 1185 2144 Garatonium
1205 2115 1279 2144 haec
1300 2116 1440 2156 scripsit:

393 2160 520 2195 „neem
541 2160 684 2199 arbitror,
704 2162 831 2199 Pighius
852 2164 981 2192 Pedium
1001 2163 1132 2192 aedilem
1152 2164 1224 2191 mini
1246 2174 1308 2201 700.
1331 2163 1510 2193 constituit:
1527 2161 1621 2190 nimis
1642 2160 1725 2189 enim
1741 2160 1907 2189 manifesto
1927 2162 2023 2190 uerba
2042 2161 2096 2189 illa
2116 2171 2141 2189 c.
2163 2171 2189 2198 7.

320 2208 448 2243 docent,
474 2207 556 2236 hunc
578 2218 698 2246 quoque
718 2209 893 2240 incubuisse
913 2212 946 2240 in
965 2212 1181 2247 Laterensem,
1207 2211 1239 2239 id
1259 2216 1319 2248 est,
1346 2222 1415 2240 eum
1442 2211 1480 2239 de
1507 2209 1665 2238 aedilitate
1691 2208 1856 2247 depulisse.
1896 2210 1950 2237 Set
1975 2214 2011 2237 ut
2037 2209 2189 2237 soluamus

321 2256 514 2284 difficultates
536 2266 552 2283 a
572 2255 741 2285 Garatonio
762 2264 857 2287 motas
876 2265 1011 2288 statuere
1030 2259 1154 2295 licebit,
1186 2260 1346 2288 Ciceronis
1365 2258 1558 2297 temporibus
1579 2267 1648 2285 cum
1668 2257 1842 2295 promiscua
1861 2257 1921 2285 iam
1941 2261 2036 2292 esset,
2057 2260 2189 2294 excepto

323 2304 447 2331 nomine
467 2314 500 2332 ac
521 2304 676 2341 dignitatis
697 2306 799 2343 aliqua
818 2308 938 2344 specie,
971 2312 1100 2346 utraque
1128 2307 1266 2336 aedilitas
1295 2307 1337 2347 (u.
1353 2306 1469 2335 'TabuL
1489 2303 1702 2343 Heracleens.)
1731 2315 1817 2341 eum,
1838 2305 1891 2344 qui
1909 2305 2010 2344 prima
2029 2303 2190 2342 suffragio-

323 2362 391 2379 rum
410 2351 526 2380 ]atione
547 2352 654 2379 aedilis
675 2353 791 2381 curulis
812 2354 908 2382 sactus
928 2365 990 2383 non
1011 2361 1106 2389 esset,
1132 2361 1167 2384 ut
1195 2366 1268 2384 mox
1293 2355 1402 2383 ‘eodem
1423 2354 1472 2382 die
1491 2353 1632 2392 plebeius
1652 2353 1759 2382 saltem
1778 2353 1881 2389 fieret,
1917 2362 2038 2381 omnem
2057 2351 2190 2390 lapidem

325 2409 450 2427 mouere
470 2399 596 2427 solitum
615 2400 718 2428 fuisse.
758 2400 843 2429 Idem
864 2402 928 2430 fere
946 2403 1064 2432 fecerat
1082 2403 1200 2432 Marius
1211 2425 1218 2439 ,
1239 2402 1325 2432 cuius
1346 2401 1521 2440 exemplum
1540 2400 1670 2429 meliore
1683 2405 1805 2430 :euentu
1823 2400 1924 2439 pluris
1944 2405 2050 2439 postea
2069 2403 2190 2427 secutos
