2264 2746
902 114 941 143 L.
964 114 987 144 I.
1034 116 1067 145 C.
1089 115 1128 144 11.
1174 115 1201 155 §.
1222 125 1248 144 2.
1909 117 2009 146 XVII

206 192 259 219 Set
280 190 512 229 disquirendum
533 190 592 218 iam
614 189 685 217 illut
706 193 766 224 est,
797 189 850 228 qui
871 189 938 218 ficri
960 191 1115 229 potuerit⁷
1135 196 1170 218 ut
1190 191 1250 218 dno
1272 190 1319 218 illi
1342 190 1479 225 codices,
1500 191 1525 219 si
1549 196 1708 229 tantopere
1730 191 1810 219 inter
1832 201 1863 218 se
1885 192 2006 229 cognati

131 240 206 275 siut,
226 239 259 267 id
281 239 363 277 quod
382 239 530 267 mirificus
553 247 658 264 eorum
681 247 845 266 consensus
868 244 955 266 extra
976 239 1219 267 controuersiam
1247 239 1351 277 ponit,
1389 240 1545 267 nonnullis
1574 241 1605 268 111
1628 239 1704 267 locis
1725 244 1785 267 tam
1806 239 2006 269 uehementer

129 299 147 317 a
166 298 198 316 se
218 288 353 316 inuicem
374 287 582 315 dissentirent.
624 285 687 321 Qui
715 286 868 314 dissensus
890 288 1071 325 quibusdam
1092 287 1123 314 in
1153 287 1229 314 locis
1250 287 1391 324 profecto
1414 287 1562 316 eiusmodi
1585 293 1644 323 est,
1679 293 1713 315 ut
1733 297 1832 325 neque
1854 288 1886 316 in
1906 289 2005 316 Baua—

129 337 195 365 rico
217 347 293 375 quae
315 341 359 364 est
379 335 550 373 scripturae
570 334 702 362 uarietas
723 335 759 362 ab
782 345 837 369 eo,
873 335 925 373 qui
948 335 1128 362 Baliaricum
1150 334 1305 369 exarauit,
1345 344 1440 371 neque
1470 346 1546 373 qnae
1568 336 1599 364 in
1621 337 1803 364 Erfurtense
1825 341 1869 364 est
1890 347 1906 364 a
1927 337 2004 364 scri-

130 390 221 424 ptore
249 385 339 412 huius
367 384 482 412 codicis
510 388 577 411 orta
605 392 670 409 esse
698 382 759 409 dici
787 383 893 420 possit.
936 383 1120 421 lntellegant
1149 383 1207 410 hoc
1229 391 1332 409 omnes
1354 389 1522 419 necessest,
1557 386 1607 422 qui
1630 386 1729 419 locos,
1765 395 1839 422 quos
1860 384 1950 411 modo
1972 384 2003 411 111

131 443 196 461 eain
216 443 280 461 rem
301 432 480 466 adtulimus,
510 430 689 467 diligentius
710 430 984 458 considerauerint.
1026 432 1123 459 Simul
1146 430 1217 458 illut
1236 429 1439 457 animaduerti
1461 432 1548 467 uolo,
1575 433 1753 470 quibusdam
1775 432 1807 459 111
1828 433 1921 467 loeis,
1950 432 2004 460 ubi

129 481 155 509 B
175 481 257 508 solus
279 490 381 508 ueram
402 479 548 507 exhibeat
576 477 776 516 scripturam,
806 478 1021 506 Erfurtensein
1042 479 1074 506 in
1094 488 1187 517 praua
1214 477 1366 514 scr1ptura
1393 488 1461 505 cuin
1483 480 1596 508 familia
1617 481 1706 509 tertia
1728 480 1921 518 conspirare,
1950 490 2003 507 eo—

131 528 258 566 demque
278 527 369 555 modo
390 526 589 559 Bauaricum,
626 525 679 553 ubi
702 525 727 552 '1¹2
749 527 831 554 solus
854 527 1015 564 genuinam
1036 526 1168 554 seruarit
1188 535 1327 559 manum,
1360 525 1484 554 eandem
1506 526 1617 556 habere
1639 530 1839 567 scripturam,
1874 538 1950 566 quae
1972 528 2002 555 111

130 575 288 603 codicibus
308 575 442 603 familiae
465 575 573 602 tertiae
596 579 650 601 est.
691 574 768 601 Loci
791 574 822 601 hi
845 580 930 602 sunt:

203 623 236 651 C.
254 624 294 650 V.
315 622 342 662 §.
364 624 404 651 13.
433 625 587 660 inquiet
604 624 738 659 populas
753 623 931 656 Romanas,·
951 622 994 649 sic
1010 622 1053 657 B3
1074 621 1140 648 Erf.
1156 620 1233 647 male
1250 630 1317 647 cum
1336 620 1463 658 reliquis
1480 632 1538 659 pro
1558 625 1674 661 inquiet
1693 625 1799 652 scribit
1820 626 1948 662 inquam
1967 630 2004 652 et.

202 670 235 698 C.
256 671 384 698 XXXI.
404 669 431 710 §
454 672 496 707 75.
532 671 739 698 obsoletae
759 685 795 690 -—
809 680 917 706 preces
938 675 1031 703 lzlcte;
1059 669 1102 696 sic.
1122 669 1163 705 133
1191 669 1258 696 Erf.
1278 668 1355 695 male
1377 679 1446 696 eum
1475 670 1604 708 reliquis
1634 682 1690 709 pro
1719 673 1866 701 obsoletae
1895 673 2004 700 scribit

128 718 298 747 absolutae.

202 767 239 794 In
260 767 379 794 duobus
400 766 468 794 aliis
490 766 565 793 locis
587 771 669 793 certe
690 764 817 803 propius
838 764 862 791 B
884 774 972 801 quam
992 764 1018 791 E
1040 764 1077 792 ad
1097 775 1199 792 ueram
1221 765 1405 803 scripturam
1426 765 1570 793 accedere
1592 766 1725 794 uidetur.
1766 767 1831 795 IIos
1852 768 1939 795 dico:

203 815 236 844 C.
258 815 298 843 V.
320 813 346 853 ς.
372 815 412 842 13.
451 816 633 845 reservasti,
654 823 708 850 ego
729 818 871 846 autenm
891 812 934 839 sic
954 813 996 849 B;
1017 812 1083 841 Erf.
1105 823 1172 840 cum
1194 813 1321 851 reliquis
1344 824 1399 851 pro
1421 819 1524 841 autem
1545 814 1654 842 scribit
1674 825 1799 852 quoque.

204 864 238 891 C.
260 863 318 890 IX.
340 862 366 902 ᾗ.
388 872 432 890 22.
473 863 609 889 retinens
634 865 766 887 ueterem
795 861 911 888 illam
945 861 1040 897 officii
1065 867 1245 895 mentem;
1272 861 1315 888 sic
1343 862 1382 897 {133
1411 861 1477 889 Erf.
1507 873 1575 890 cnm
1603 863 1731 901 reliquis
1760 873 1817 900 pro
1845 863 1932 891 illam
1952 863 2003 903 off}

130 918 260 940 mentem
280 910 387 939 scribit
407 911 496 938 illum
516 908 567 946 off
588 917 709 935 morem.

205 960 319 987 Contra
339 958 448 986 melior
468 955 633 990 Baliarico,
654 965 721 982 eum
742 955 871 993 reliquis
892 956 1115 991 consentiente,
1136 956 1329 984 Erfurtensis
1352 962 1398 984 est
1419 957 1451 985 in
1471 957 1520 985 his
1541 958 1632 986 locis:

204 1007 237 1035 C.
258 1006 349 1033 XIV.
369 1005 396 1044 ᾗ.
417 1006 461 1033 33.
501 1005 580 1031 (lom
590 1014 648 1031 ιιηι
668 1003 858 1032 decedens
878 1010 1036 1042 rogasset;
1055 1005 1098 1032 sie
1120 1005 1145 1031 Ε
1167 1015 1235 1032 cum
1255 1005 1477 1041 Ambrosiano;
1498 1006 1571 1034 Bau.
1592 1016 1650 1043 pro
1671 1004 1818 1033 decedens
1836 1003 1929 1032 habet
1950 1005 2003 1033 ‹le-

128 1054 272 1085 cenclem,
294 1053 405 1091 reliqui
426 1052 617 1080 descendens.

200 1101 326 1129 Ibidem.
367 1103 457 1128 immo
476 1109 549 1127 uero
571 1099 654 1136 quod
680 1099 834 1137 legatio
845 1109 931 1134 nes;
964 1099 1008 1127 sic
1028 1099 1055 1127 E
1077 1110 1144 1127 eum
1165 1100 1388 1138 Ambrosiano3
1416 1102 1488 1130 Bau.
1511 1113 1579 1131 cum
1600 1102 1727 1140 reliquis
1748 1112 1806 1140 pro
1833 1102 2004 1139 legationes

126 1149 217 1178 habet
236 1150 380 1186 legiones-

200 1197 233 1226 C.
254 1197 347 1225 XXI.
369 1195 395 1236 ς.
415 1197 460 1225 51.
499 1197 553 1234 qui
574 1195 693 1223 duabus
715 1197 1003 1225 aedilitatibus
1023 1198 1226 1234 repulsus;
1250 1197 1293 1224 sic
1314 1197 1356 1233 E3
1379 1199 1451 1226 Bau.
1469 1209 1535 1227 cum
1552 1198 1681 1236 reliquis
1703 1200 1757 1236 qui
1776 1199 1897 1227 duabus
1916 1198 2003 1226 aesli-

125 1247 225 1274 litatis
244 1247 378 1282 acc-epila·
398 1245 529 1281 repulsis
549 1243 665 1272 scribit.

200 1293 232 1321 C.
254 1292 326 1320 XL.
347 1292 374 1332 §
395 1294 440 1331 95.
479 1303 549 1319 cum
570 1298 765 1328 uetustas,
796 1298 836 1319 tn
847 1302 876 1319 m
897 1294 1058 1327 amicitia,-
1084 1293 1127 1321 sic
1148 1294 1189 1329 Ἐς
1217 1294 1289 1322 Bau.
1311 1304 1379 1321 011111
1399 1293 1529 1332 reliquis
1551 1305 1607 1333 pro
1629 1300 1785 1327 uetustas,
1809 1301 1875 1323 tum
1895 1294 2003 1323 scribit

124 1346 323 1369 uetus-mmm.

198 1388 301 1426 Atque
322 1398 427 1415 corum
449 1387 570 1425 quidem
592 1387 771 1426 opinionem
792 1398 855 1415 non
877 1397 954 1425 opus
975 1393 1020 1415 est
1040 1393 1074 1416 ut
1094 1388 1250 1423 refellam,
1279 1389 1330 1427 qui
1352 1399 1390 1417 ex
1411 1389 1459 1418 his
1479 1390 1555 1418 locis
1578 1391 1692 1428 conligi
1712 1401 1802 1429 posse
1823 1390 2001 1424 censebunt,

125 1436 234 1464 tertiae
254 1436 386 1463 familiae
408 1435 529 1463 codices
551 1436 679 1463 fortasse
700 1447 738 1463 cx
760 1446 795 1463 eo
817 1435 915 1469 libroy
947 1446 984 1463 cx
1006 1446 1065 1473 quo
1088 1436 1280 1464 Erfurtensis
1301 1437 1340 1465 sit
1362 1437 1551 1476 descriple
1579 1439 1729 1476 originem
1751 1438 1882 1466 duxisse.
1923 1437 2001 1464 Nam

124 1483 182 1511 hoc
202 1494 328 1522 prorsus
349 1483 533 1511 incredibile
555 1494 619 1511 esse
641 1494 709 1512 cum
731 1494 769 1511 ex
790 1483 828 1510 iis
849 1482 925 1510 locis
953 1483 1128 1511 luculenter
1148 1489 1247 1522 patet,
1275 1483 1307 1511 111
1328 1485 1438 1522 quibus
1460 1497 1551 1524 supra
1573 1487 1789 1515 Erfurtensem
1811 1496 1878 1513 cum
1900 1485 1999 1512 Baua-

124 1531 190 1558 rico
211 1531 453 1558 consentientem
482 1542 498 1558 a
527 1532 619 1560 tertia
647 1532 763 1559 familia
790 1530 954 1558 dissentire
975 1531 1124 1566 uidimus,
1158 1537 1222 1559 tum
1250 1541 1391 1560 maxume
1423 1535 1667 1572 conprobabitur
1688 1535 1741 1569 iis,
1771 1544 1846 1572 quae
1868 1533 1938 1561 Lib.
1960 1531 1999 1559 Π.

125 1588 150 1606 c.
174 1587 197 1606 1.
219 1578 255 1605 de
275 1578 584 1616 interpo]ati0nibus,
606 1579 716 1617 quibus
738 1579 811 1607 haec
832 1578 952 1606 foedata
973 1579 1118 1613 oratiost,
1140 1579 1332 1607 disseremus.
1374 1581 1484 1620 Neque
1505 1593 1599 1620 porro
1620 1588 1671 1610 aut
1691 1583 1716 1610 B
1737 1587 1789 1610 aut
1809 1582 1834 1609 E
1856 1581 1892 1608 ad
1913 1579 1999 1607 codi-

125 1636 192 1654 cem
212 1625 382 1663 quempiam
403 1626 535 1654 familiae
556 1627 665 1655 tertiae
687 1632 860 1655 correctum
881 1626 954 1653 licet
982 1627 1149 1664 suspicari,
1179 1632 1212 1655 nt
1239 1627 1281 1654 ita
1310 1628 1368 1655 istc
1397 1630 1559 1668 utriusque
1586 1631 1661 1658 libri
1689 1641 1704 1658 a
1732 1640 1763 1657 se
1791 1629 1942 1656 dissensus
1969 1631 2001 1654 et

125 1684 194 1701 cum
215 1673 371 1701 codicibus
393 1674 524 1702 familiae
545 1675 654 1702 tertiae
676 1685 840 1703 consensus
862 1680 947 1702 ortus
968 1680 1104 1712 putetur.
1144 1676 1214 1702 Hoc
1237 1675 1317 1703 cuim
1339 1676 1364 1703 si
1385 1678 1499 1706 factum
1522 1684 1617 1713 esset,
1649 1688 1711 1705 11011
1732 1681 1834 1715 potest
1854 1673 2000 1708 dubitari,

125 1721 200 1760 quin
220 1720 310 1758 plura
332 1720 503 1749 istiusmodi
526 1723 727 1751 correctionis
748 1723 878 1760 uestigia
897 1721 1120 1760 reperirentur.
1161 1723 1271 1760 Neque
1292 1724 1425 1762 deniqne
1453 1735 1522 1753 casu
1550 1726 1728 1754 credibilest
1756 1723 1917 1757 accidisse,
1952 1725 1998 1756 ut,

125 1779 194 1797 cum
214 1768 246 1795 in
267 1768 389 1802 codice,
421 1779 459 1796 ex
480 1779 538 1806 quo
559 1770 583 1796 B
605 1775 635 1798 et
655 1771 681 1798 Ε
702 1776 877 1806 manarunt,
905 1781 978 1798 uera
999 1770 1154 1808 scriptura
1175 1772 1274 1809 posita
1295 1777 1388 1808 esset,
1424 1782 1458 1801 ea
1478 1784 1559 1801 nunc
1580 1784 1595 1801 a
1616 1771 1756 1800 Baliarici
1778 1779 1858 1798 nunc
1878 1768 1914 1795 ab
1935 1767 1998 1795 Er-

123 1815 271 1846 furtensis
292 1815 366 1842 libri
387 1821 511 1843 auctore
532 1815 564 1843 in
585 1817 714 1846 eundem
735 1829 854 1857 semper
875 1818 998 1846 moduni
1020 1824 1289 1857 corrmnperetur,
1326 1830 1385 1857 quo
1412 1820 1443 1848 in
1465 1821 1623 1849 codicibus
1644 1819 1776 1848 familiae
1796 1817 1906 1845 tertiae
1927 1825 1998 1843 eor-

124 1869 215 1903 rupta
234 1868 308 1890 erat.
349 1863 435 1899 Quae
457 1874 525 1891 cuni
548 1863 589 1891 ita
609 1864 687 1900 sint,
714 1866 794 1894 nihil
815 1867 944 1894 relicum
965 1871 1028 1901 cst,
1050 1877 1139 1904 quam
1161 1872 1194 1894 ut
1215 1866 1247 1894 111
1268 1867 1367 1902 libro,
1396 1869 1448 1905 qui
1471 1879 1508 1895 ex
1530 1868 1634 1895 codice
1655 1866 1796 1905 principe
1823 1863 1996 1902 descriptus

127 1917 191 1941 erat
209 1910 412 1948 Bauaricique
433 1916 463 1938 et
484 1911 674 1939 Erfurtcnsis
695 1914 762 1941 fons
785 1915 908 1950 extitit,
941 1914 1100 1942 nonnullis
1122 1914 1155 1942 111
1183 1914 1260 1942 locis
1287 1915 1441 1953 duplicem
1463 1916 1601 1943 extitisse
1623 1915 1805 1952 scripturam
1826 1912 1995 1940 existume-

125 1970 200 1994 mus,
221 1968 347 1996 quarum
368 1958 464 1985 altera
485 1957 598 1986 inserta
619 1960 693 1997 ipsis
706 1961 866 1990 Ciceronis
887 1962 1000 1997 uerbis,
1021 1962 1117 1990 altera
1137 1973 1193 2001 pro
1215 1963 1363 1990 uarietate
1384 1963 1528 1990 lectionis
1549 1962 1754 2000 superscripta
1774 1960 1879 1989 fuerit.
1915 1960 1996 1988 Istae

125 2008 293 2046 scripturae
315 2006 350 2041 si,
370 2006 401 2033 id
422 2006 503 2043 quod
524 2017 664 2035 maxume
686 2009 892 2046 probabilest,
913 2021 951 2038 ex
973 2010 1079 2038 codice
1100 2011 1242 2048 principe
1264 2011 1464 2048 depromptae
1485 2015 1588 2045 erant,
1608 2009 1676 2036 fieri
1696 2019 1759 2036 non
1779 2009 1898 2046 potuit,
1919 2008 1994 2046 quin

127 2066 228 2084 earum
248 2055 343 2082 altera
363 2053 395 2081 111
416 2053 574 2082 codicibus
596 2056 728 2083 familiae
749 2057 858 2085 tertiae
880 2058 993 2096 scripta
1014 2063 1152 2094 extaret,
1187 2059 1318 2096 ideoque
1339 2063 1390 2085 aut
1410 2058 1434 2085 B
1455 2063 1506 2085 aut
1525 2058 1567 2092 E,
1602 2057 1627 2085 si
1646 2067 1709 2084 non
1730 2057 1855 2085 eandem
1875 2056 1993 2084 utrius-

127 2115 184 2143 que
202 2103 346 2131 librarius
367 2101 550 2139 scripturam
577 2102 795 2140 descripserat,
823 2115 891 2132 cum
918 2105 980 2133 illis
1008 2107 1166 2135 codicibus
1196 2106 1394 2134 consentiret.
1435 2105 1520 2141 Quae
1548 2105 1726 2134 coniectura
1752 2115 1818 2133 mea
1844 2104 1993 2143 probatur

129 2153 218 2181 etiam
238 2161 289 2186 eo,
322 2149 403 2188 quod
423 2149 456 2176 in
478 2149 584 2177 codiee
611 2151 754 2190 principe
781 2157 812 2180 et
838 2152 954 2189 glossae
980 2159 1011 2182 et
1029 2155 1133 2183 uariae
1153 2155 1320 2189 lectiones,
1356 2153 1387 2181 id
1408 2153 1489 2191 quod
1509 2152 1589 2180 infra
1608 2153 1680 2180 Lib.
1701 2153 1741 2181 II.
1775 2163 1799 2181 c.
1824 2163 1846 2181 1.
1866 2152 1992 2191 planum

128 2201 247 2235 faciam,
267 2197 477 2236 superpositae
498 2198 632 2227 fuerunt.

200 2247 343 2274 Attamen
363 2255 425 2272 non
445 2245 536 2283 pauci
557 2256 624 2274 cum
645 2247 842 2285 reperiantur
868 2246 947 2281 loci,
976 2247 1008 2275 in
1036 2249 1146 2287 quibus
1174 2249 1345 2276 dissensum
1371 2248 1409 2276 Bi
1437 2253 1467 2276 et
1486 2248 1552 2277 Erf.
1583 2249 1723 2278 codicum
1749 2250 1809 2277 isto
1837 2259 1896 2287 quo
1925 2247 1989 2275 dixi

129 2294 217 2323 modo
238 2298 337 2321 ortum
357 2303 422 2320 esse
449 2302 511 2321 11011
539 2299 584 2321 est
605 2295 783 2332 probabile,
815 2294 956 2332 equidem
983 2296 1015 2324 in
1043 2307 1077 2325 ea
1097 2308 1163 2325 sum
1191 2296 1358 2332 sententia,
1387 2301 1421 2324 ut
1446 2306 1509 2324 non
1536 2306 1575 2325 ex
1600 2307 1663 2325 uno
1690 2297 1858 2335 eodemque
1884 2295 1990 2324 codice

131 2346 309 2378 utrumque,
329 2345 374 2369 set
392 2340 574 2369 Bauaricum
595 2351 633 2370 ex
653 2342 751 2377 libro,
772 2342 824 2380 qui
845 2342 1015 2381 descriptus
1036 2354 1074 2373 ex
1094 2344 1237 2383 principe
1259 2343 1365 2371 codice
1386 2349 1464 2379 erat,
1484 2344 1699 2373 Ersurtensem
1719 2350 1819 2373 autem
1840 2354 1877 2372 ex
1898 2343 1988 2378 libro,

131 2388 185 2427 qui
204 2387 371 2426 descriptus
391 2398 430 2416 ex
450 2398 486 2416 eo
507 2395 586 2424 erat,
607 2400 667 2427 quo
688 2390 830 2418 Bauarici
851 2390 924 2418 libri
945 2396 1050 2419 auctor
1070 2402 1142 2419 usus
1163 2396 1244 2428 erat,
1278 2391 1465 2431 descriptum
1486 2398 1600 2431 putem.
1640 2393 1675 2421 Id
1695 2399 1729 2421 ut
1749 2392 1884 2426 credam,
1912 2390 1987 2418 dua-

129 2436 186 2465 bus
206 2434 338 2465 adducor
358 2436 479 2466 caussis.
517 2436 655 2467 Primum
675 2437 756 2466 enim
776 2436 881 2476 plures
908 2437 1147 2469 describentium
1173 2448 1292 2469 errores
1319 2439 1352 2467 111
1371 2440 1554 2470 Erfurtense
1579 2441 1726 2470 uidentur
1746 2445 1866 2475 extare,
1898 2447 1986 2476 quam

1557 2492 1575 2520 3

668 2539 692 2553 β
