2264 2746
4 2494 15 2746 -—-——-—<3*—,——.—,..
3 2175 13 2488 >W

665 107 689 136 c
709 107 738 137 A
757 108 798 137 P.
836 106 926 136 XLI.
953 104 981 146 §.
1008 109 1052 138 98.
1088 121 1126 128 -
1151 104 1256 134 XLII.
1284 103 1310 145 ς.
1338 111 1400 137 101.
1912 114 1964 138 2⁷4⁵

179 183 321 228 Easque
343 183 491 216 insidias
500 207 511 222 ,
546 195 632 228 quas
651 200 694 207 —
714 182 897 220 audierat,
923 182 1039 214 animo
1061 181 1280 213 amicis-sumo
1300 180 1492 222 detulisset)
1536 181 1618 212 Bau.
1651 182 1697 223 [et
1720 180 1806 223 Eril]
1837 184 1884 214 ad
1912 195 1964 214 mc

96 236 235 276 animo3
270 236 370 268 iterat
391 236 555 267 nimirum
578 237 626 269 ad
649 249 719 276 me,
746 247 823 267 cum
843 235 939 267 initio
962 235 1028 266 iam
1051 235 1110 274 sit,
1151 246 1227 266 cum
1249 235 1297 266 ad
1318 247 1370 266 me
1393 235 1437 267 L.
1464 234 1608 267 Tubero.
1650 233 1750 266 Nihil
1772 245 1842 265 esse
1868 246 1963 276 opus,

97 300 213 320 omnes
236 289 448 331 intellegunt.
494 289 662 321 Distantia
686 295 797 321 tamen
827 294 991 320 excussat.
1022 288 1283 320 GARATONIUS.
1327 289 1407 319 Non
1429 287 1585 319 meminit
1609 286 1662 318 uir
1684 287 1816 325 doctus,
1848 286 1965 328 priora

96 341 201 372 uerba
224 342 272 374 ad
291 355 344 374 me
366 342 404 373 ad
430 343 573 374 uerbum
597 343 747 375 uenisset
768 342 956 385 pertinere,
982 340 1029 372 ita
1050 346 1087 371 ut
1108 340 1183 370 iure
1207 339 1246 370 ad
1269 340 1412 371 uerbum
1432 341 1612 372 detulisset
1637 340 1753 370 eadem
1778 339 1882 370 uerba
1905 339 1965 370 de-

94 405 163 425 nuo
186 394 338 437 adposita
359 396 467 427 uideri
491 395 640 427 debeant.
684 396 773 428 Nam
797 394 918 425 dicitur
942 393 1068 435 ubique
1092 392 1229 436 deferre
1250 393 1388 436 aliquid
1412 394 1460 425 acl
1478 394 1630 437 aliquem
1652 393 1708 424 uel
1733 392 1851 424 alit-ni.
1895 392 1965 424 Ita-

96 457 162 488 que
185 446 320 479 iteratio
344 448 505 490 legituma
527 455 632 488 certe,
662 459 731 479 nou
754 447 928 479 distantiae
949 458 1062 478 caussa
1084 445 1169 477 facta
1191 445 1287 477 debet
1311 445 1386 477 dici.
1431 446 1663 477 Nihilominus
1686 457 1754 477 non
1779 457 1880 488 nego,
1911 457 1966 477 se-

95 499 202 530 cundo
226 500 300 532 loco
323 501 416 532 salua
437 502 603 533 sententia
623 501 734 533 omitti
758 501 816 532 illa
838 500 941 531 uerba
962 500 1130 543 potuisse,
1163 510 1239 529 cum
1264 498 1361 529 facile
1391 498 1432 529 ad
1456 499 1636 530 ‹letalis-set
1661 499 1835 541 cogitando
1859 499 1963 541 repeti

93 552 235 594 possint.
280 554 339 585 Set
367 566 444 586 cum
471 566 540 586 non
570 554 684 585 omnia
712 554 857 585 insiticia
885 552 1063 584 iudicanda
1086 553 1171 591 sint,
1213 563 1297 594 quae
1319 552 1467 595 potuisse
1491 551 1598 583 omitti
1620 551 1864 593 intellegimus,
1902 551 1967 582 hoc

94 609 208 636 autem
231 605 305 638 loco
326 608 549 650 praecedente
570 607 676 639 uerbo
692 608 855 639 audierat
874 604 1158 648 praepositionem
1181 605 1229 636 ad
1242 605 1360 635 librari
1383 616 1500 635 errore
1524 604 1680 636 excidere
1703 604 1800 636 facile
1819 605 1966 648 potuisse

94 664 271 700 appareat,
296 666 515 702 optumorum
538 660 644 692 malui
666 659 822 691 codicum
845 670 946 701 quam
971 658 1175 689 deteriorum
1198 657 1430 690 auctoritatem
1456 657 1562 699 sequi.
1609 657 1679 689 Csr.
1703 658 1834 699 Proleg.
1858 658 1900 689 L.
1924 657 1967 691 ΙΙ,

95 710 133 740 C.
158 710 184 741 I.
210 711 240 751 ξ.
265 710 295 742 8.
319 724 352 754 p.
378 714 444 745 XL
468 726 536 755 sq..

178 762 223 794 In
245 763 372 797 Asiam
400 779 453 798 me
475 767 527 798 ire
546 770 689 809 propter
712 765 785 797 eius
802 763 1009 808 prouinciae
1030 776 1162 796 mecum
1184 770 1216 796 et
1243 776 1321 796 cum
1343 776 1414 795 meo
1437 762 1561 806 fratre
1584 764 1866 796 necessitudinem
1891 776 1970 795 son-

88 821 295 858 parantem,
331 831 398 850 non
421 824 471 850 est
488 819 628 862 passus)
671 818 856 860 Perperam
884 816 948 847 hoc
971 816 1007 846 in
1030 816 1104 848 loco
1131 816 1252 849 offensi
1275 816 1412 858 quidam
1441 816 1506 847 uiri
1530 816 1620 847 docti
1643 823 1732 847 sunt.
1778 818 1880 848 Recte
1904 817 1972 848 Er-

93 867 221 899 nestius
244 881 434 913 conparare
458 882 535 902 cum
557 870 726 902 infinitiuo
750 869 869 900 eodem
892 868 991 899 modo
1017 880 1083 910 quo
1101 882 1234 912 parare
1256 880 1513 910 nonnumquam
1536 869 1695 912 coniungi
1718 870 1862 905 monuit,
1889 881 1971 900 con—-

92 918 245 962 ferrique
274 921 309 952 in
341 934 413 954 eam
443 935 516 954 rem
539 924 774 954 Burmaunum
803 922 843 952 ad
867 920 971 953 Ouid.
996 920 1022 951 I.
1056 922 1193 952 Metam.
1218 922 1290 952 225.
1316 921 1520 953 Garatonius
1546 922 1651 954 iussit.
1697 925 1771 955 Nec
1796 922 1971 966 probanda

93 973 166 1004 ullo
189 979 287 1015 pacto
313 975 453 1006 Corradi
476 975 689 1010 correctiost‚
724 974 782 1017 qui
804 986 838 1017 p.
867 973 935 1005 164.
960 973 1050 1004 hunc
1073 973 1186 1005 locum
1210 974 1255 1005 ita
1277 974 1442 1016 scriptum
1465 975 1600 1007 adtulit:
1625 976 1662 1008 in
1684 976 1809 1009 Asiam
1831 988 1883 1007 mc
1908 976 1970 1014 ire,

86 1032 235 1069 propter
269 1027 343 1059 eins
369 1029 572 1072 prouinciae
601 1040 733 1059 mecam
763 1033 797 1059 et
826 1038 903 1058 cum
931 1037 1003 1057 meo
1029 1025 1154 1068 fratre
1183 1027 1489 1066 necessitudinem,
1527 1041 1594 1060 non
1623 1035 1673 1060 est
1697 1041 1837 1073 passus.
1882 1029 1971 1060 Nam

93 1079 217 1111 omisso
247 1080 352 1111 uerbo
376 1087 622 1124 conparantem
645 1080 764 1112 Cicero
788 1090 955 1117 caussam,
992 1078 1034 1109 ob
1060 1090 1160 1120 quam
1183 1091 1218 1111 se
1240 1079 1396 1111 Plancius
1418 1079 1455 1110 in
1477 1079 1597 1112 Asiam
1624 1082 1672 1112 ire
1695 1093 1764 1113 nou
1788 1088 1873 1112 esset
1893 1093 1972 1124 pas-

91 1143 157 1171 sus,
181 1132 216 1163 in
239 1132 436 1175 prouinciae
457 1144 571 1164 secum
595 1139 628 1165 et
650 1145 727 1164 cum
751 1133 854 1164 fratre
878 1143 938 1162 suo
962 1132 1209 1163 necessitudine
1231 1133 1377 1175 positam
1399 1131 1502 1164 fuisse
1516 1133 1727 1175 signiticaret.
1773 1134 1879 1176 Atqui
1903 1146 1971 1165 nou

91 1183 187 1215 illam
217 1184 259 1215 ob
283 1195 432 1216 caussam
461 1185 622 1217 deductus
654 1197 673 1217 a
695 1185 831 1216 Plancio
856 1184 1027 1222 Cicerost‚
1061 1185 1241 1225 quominus
1264 1186 1299 1216 in
1323 1185 1442 1217 Asiam
1465 1186 1547 1225 iret,
1580 1193 1631 1218 set
1654 1187 1743 1229 quod
1765 1188 1812 1218 ibi
1836 1188 1971 1219 insidias

92 1235 124 1267 ei
145 1236 187 1267 ab
211 1237 369 1268 exulibus
394 1238 575 1269 coniuratis
598 1244 728 1280 paratas
752 1237 891 1268 Tubero
921 1236 1101 1268 nuntiarat.
1146 1238 1264 1280 Itaque
1293 1237 1334 1269 ad
1358 1239 1543 1270 sententiae
1573 1239 1801 1281 integritatem
1831 1253 1970 1284 prorsus

91 1289 316 1320 necessarium
340 1289 486 1320 uerbum
509 1297 754 1333 comparantem
775 1296 842 1328 est,
864 1289 911 1320 ita
933 1294 970 1319 ut
992 1289 1078 1320 dicat
1102 1290 1236 1330 Cicero,
1260 1291 1434 1322 Plancium
1458 1303 1493 1323 se
1515 1292 1551 1322 in
1574 1292 1692 1324 Asiam
1714 1300 1853 1336 propter
1876 1294 1969 1325 illam

90 1341 373 1373 necessitudinem
400 1341 452 1372 ire
478 1349 736 1385 conparantem,
772 1354 842 1374 non
875 1353 945 1373 esse
976 1353 1112 1384 passum
1133 1343 1196 1375 ire.
1242 1344 1476 1387 Supplendum
1500 1346 1734 1377 tautummodo
1765 1346 1804 1377 ad
1826 1347 1971 1378 uerbum

91 1408 158 1428 non
181 1401 231 1427 est
245 1406 375 1438 passus
397 1394 540 1426 uerbum
562 1396 623 1428 ire.

185 1448 231 1480 Ui
254 1461 324 1486 me,
355 1447 393 1478 ui
414 1459 486 1486 me,
518 1448 678 1492 inquam,
707 1449 877 1482 Plancius
901 1453 934 1479 et
957 1448 1123 1491 conplexu,
1146 1462 1208 1481 sno
1230 1449 1390 1492 retinuit)
1437 1451 1588 1493 Optume
1609 1450 1740 1494 primus
1764 1452 1905 1491 Franci,
1934 1458 1972 1484 ut

91 1511 234 1543 sequens
261 1501 405 1543 inquam
428 1500 583 1540 declarat,
608 1501 667 1533 has
690 1514 789 1533 uoces
812 1500 957 1543 repetiit,
981 1502 1020 1532 ui
1041 1514 1111 1541 me,
1138 1502 1177 1534 ui
1199 1514 1271 1541 me,
1293 1503 1446 1546 inquam.
1470 1499 1677 1535 GRAEt'iUS.
1724 1504 1826 1545 Quod
1849 1504 1971 1547 probat

91 1566 159 1585 uno
189 1564 233 1584 ex
256 1553 333 1584 Mso
358 1553 545 1593 Graeuius,
578 1554 618 1585 ab
651 1554 884 1591 emendatore,
914 1553 1008 1584 cuius
1038 1554 1155 1586 eadem
1177 1554 1341 1586 sententia
1367 1563 1465 1595 esset,
1496 1556 1689 1598 profectum
1712 1558 1866 1588 arbitror.
1910 1558 1973 1589 Est

91 1607 183 1638 enim
207 1606 246 1638 ια’
268 1617 342 1644 me,
381 1605 524 1648 inquam
545 1607 731 1649 superioris
754 1607 833 1638 dicti
855 1619 922 1638 non
946 1612 996 1638 est
1012 1619 1142 1650 passus
1171 1607 1370 1638 enucleatio.
1416 1608 1548 1640 Similia
1571 1621 1633 1641 nos
1655 1610 1788 1641 abunde
1810 1609 1890 1641 alibi
1913 1610 1972 1640 de-

90 1658 365 1691 monstrauimus.
399 1659 661 1691 GARATONIUS.
707 1661 795 1692 Cum
817 1671 886 1690 non
911 1670 996 1690 uuus
1021 1660 1143 1691 Franci
1167 1661 1269 1699 liber,
1303 1672 1424 1692 uerum
1444 1662 1502 1692 alii
1525 1662 1627 1693 etiam
1650 1674 1719 1694 non
1742 1664 1822 1694 mali
1847 1664 1885 1695 ui
1907 1676 1971 1701 me,

91 1713 129 1745 ιιί
151 1724 204 1744 me
226 1710 392 1751 scribant,
433 1723 471 1743 ac
493 1713 627 1755 uolgata
649 1713 816 1755 scriptura
843 1711 1015 1742 sacillumo
1047 1712 1266 1743 librariorum
1292 1724 1406 1744 errore
1437 1714 1519 1745 oriri
1543 1716 1708 1757 potuerit,
1747 1728 1970 1759 magnamque

89 1764 246 1809 repetitio
270 1764 329 1795 illa
351 1765 494 1796 orationi
518 1766 588 1797 uim
612 1766 729 1805 addat,
766 1765 924 1807 equidem
948 1765 1076 1795 Graeui
1106 1765 1230 1796 iudicio
1253 1766 1441 1798 necessario
1463 1768 1686 1801 accedendum
1709 1769 1839 1813 putaui.
1884 1768 1970 1802 Uide

86 1819 189 1851 etiam
212 1828 297 1861 quae
319 1817 452 1861 Proleg.
475 1820 517 1850 L.
541 1819 584 1850 II.
611 1819 650 1850 C.
673 1819 700 1850 Ι.
724 1820 754 1860 §.
779 1819 810 1851 5.
832 1829 866 1861 p.
889 1817 1028 1851 XXXI.
1060 1818 1145 1850 dixi.

857 1890 886 1923 C
913 1888 946 1923 A
970 1890 1018 1924 P.
1082 1890 1202 1924 XLII.

175 1953 206 1995 §.
235 1963 309 1984 101.
355 1952 395 1983 Si
422 1952 562 1996 quidem
589 1965 652 1997 ego
685 1954 750 1986 tibi
772 1953 878 1985 uiuus
900 1964 967 1984 non
988 1965 1150 1996 prosum,
1185 1953 1246 1997 qui
1258 1952 1418 1996 fortasse
1439 1962 1596 1987 mortuns
1617 1955 1843 2000 profuissem)
1887 1958 1968 1989 La-

91 2004 291 2037 crimosis
316 2004 592 2039 lemmatibus
626 2007 706 2038 iam
729 2010 921 2050 perorat,
960 2005 1154 2037 adfectus
1177 2006 1309 2037 animi
1339 2007 1404 2038 sui
1426 2019 1517 2039 cum
1541 2010 1661 2040 uaria
1689 2009 1967 2042 miseratione

88 2069 292 2102 promens
311 2059 353 2098 ¹),
387 2065 431 2090 ut
454 2065 618 2091 tautum
643 2059 804 2091 auxilii
833 2069 930 2090 reus
953 2057 1129 2098 habeat,
1164 2065 1369 2100 quantum
1392 2072 1464 2091 suo
1489 2060 1633 2093 dolori
1661 2069 1873 2106 patronus
1895 2064 1967 2095 ad-

90 2109 262 2143 iecerit.
305 2110 467 2143 ScuomA
490 2113 752 2145 Ammosmm.

170 2163 231 2196 Me
251 2178 293 2185 —
314 2171 533 2207 praesentem
556 2166 620 2198 tibi
639 2167 779 2210 gratias
804 2163 1011 2205 relaturam)
1055 2163 1110 2194 Sic
1132 2169 1223 2195 recte
1246 2163 1412 2195 Graeuius
1435 2165 1601 2207 probante
1625 2168 1774 2200 Grutero
1799 2169 1966 2201 tollendae

88 2214 315 2258 ambiguitatis
338 2227 454 2248 caussa
476 2229 519 2249 ex
543 2219 738 2250 auctoritate
761 2217 831 2249 cod.
856 2217 946 2256 ΕΓΒ,
972 2228 1119 2258 quocum
1141 2215 1219 2247 facit
1241 2217 1339 2251 Bau.,
1364 2217 1516 2259 scripsit,
1551 2220 1669 2252 ceteris
1693 2221 1787 2252 libris
1808 2223 1964 2265 gratiam

90 2267 345 2307 exhibentibus,
375 2281 459 2311 quae
481 2271 649 2314 scriptura
673 2271 853 2304 manifesto
876 2270 916 2301 ab
939 2269 980 2301 iis
1003 2275 1127 2308 ortast,
1158 2268 1278 2311 quibus
1301 2269 1429 2311 pariter
1451 2276 1552 2314 atque
1575 2273 1776 2315 Gan-atomo,
1806 2275 1864 2317 qui
1888 2276 1965 2306 uol-

168 2359 198 2395 ι)
220 2358 271 2386 Sic
292 2369 359 2386 cum
380 2360 537 2398 Maduigio
558 2361 671 2401 scripsi
690 2372 748 2401 pro
765 2365 921 2403 proluenS,
942 2361 1023 2401 quod
1044 2362 1075 2390 in
1097 2366 1163 2390 cod.
1185 2367 1247 2399 est;
1268 2361 1306 2390 de
1326 2362 1484 2400 prioribus
1504 2364 1576 2393 uide
1597 2365 1635 2393 A.
1655 2366 1833 2404 Peyronum
1853 2365 1884 2394 in
1907 2366 1960 2395 Ci-

89 2406 211 2435 ceronis
233 2405 305 2434 Orr.
325 2407 463 2445 sragmm.
484 2418 514 2446 p.
534 2409 614 2438 236..

1483 2456 1519 2481 43
1532 2452 1545 2465 *
