2264 2746
238 80 293 108 104
864 69 1441 100 COMMENTARIUS.

238 149 397 188 consilio,
419 155 583 193 tantaque
600 147 709 180 animi
731 146 974 189 magnitudine
995 159 1016 178 a
1035 157 1087 178 me
1106 151 1209 189 gesta
1234 157 1304 177 esse
1327 157 1523 189 cognosces,
1548 150 1588 176 ut
1614 143 1677 175 tibi
1698 144 1806 176 multo
1829 145 1974 184 maiori,
2003 158 2106 190 quam

237 201 544 247 Africanztsfiiz't,
581 212 632 232 me
654 211 720 230 non
743 199 851 230 multo
874 200 1096 238 minorem,
1131 211 1253 242 quam.
1281 199 1505 237 Laelium,
1537 197 1652 241 facile
1683 202 1716 229 et
1739 197 1775 228 in
1799 208 1835 228 re
1855 197 1994 240 publica
2016 205 2049 231 et
2072 201 2108 231 in

237 256 394 288 amicitia
415 256 616 286 adiunctum
637 263 708 282 esse
727 253 891 294 patiaris.

324 307 468 340 Generis
491 307 565 337 dico
588 310 620 336 et
649 304 812 347 nominis)
855 306 957 337 Hunc
980 304 1165 335 uerborum
1189 303 1345 335 ordinem
1369 303 1500 346 primus
1525 302 1675 336 Orellius
1699 313 1742 334 ex
1766 303 1792 334 B
1817 302 1939 333 codicis
1962 302 2110 333 auctori-

236 367 320 400 tate,
345 371 443 402 quam
466 358 493 388 E
518 356 712 394 confirmat,
738 362 828 387 recte
850 356 1015 397 restituit,
1040 368 1117 388 cum
1140 363 1237 389 antea
1259 357 1444 398 legeretur,
1472 357 1611 400 generis
1635 362 1667 388 et
1689 357 1838 388 nominis
1861 356 1947 387 dico-
1992 354 2031 384 In
2053 364 2111 395 ge-

235 414 352 446 nitinis
375 418 502 449 autem,
532 408 590 451 qui
612 408 652 439 ab
675 408 770 440 nullo
793 410 864 452 regi
887 409 1098 441 substantiuo
1121 410 1300 448 uidentur,
1336 408 1466 451 primus
1490 409 1636 440 offensus
1660 414 1710 440 est
1731 408 1926 446 Ernestius,
1955 416 2111 437 monens:

237 468 306 507 „lu
336 455 472 508 generis
502 467 535 493 et
564 461 712 493 nominis
742 462 816 493 dico
846 463 1017 493 ultumum
1047 463 1191 494 uerbum
1213 473 1334 494 uerum
1360 473 1430 493 esse
1451 473 1520 493 11011
1541 467 1671 504 potest:
1711 461 1898 503 requiritur
1921 458 2010 490 enim
2034 457 2115 489 sub-

236 518 435 555 stantiuom,
469 521 506 545 ut
528 515 563 545 in
586 513 802 555 sequentibus
825 517 959 554 studim
992 515 1167 547 memoria.
1209 514 1268 547 An
1291 515 1496 558 splendore?
1539 515 1629 546 Dico
1652 520 1685 545 et
1709 513 1821 557 ipsum
1846 518 1896 544 est
1917 512 1958 543 ab
1987 511 2116 554 glossa-

236 577 326 607 tore,
352 580 429 599 nam
454 573 501 598 est
525 567 699 598 scilieet.“
742 567 822 598 Post
844 568 1041 599 Ernestium
1066 567 1271 599 Garatonius
1294 567 1328 597 in
1353 566 1404 597 ed.
1429 567 1537 609 Neap.
1561 566 1642 597 haec
1664 566 1855 598 adnotauit:
1880 564 2014 605 „Probe
2035 575 2114 595 seu-

235 622 279 653 sit
298 622 479 659 Ernestus,
503 620 583 651 haec
606 625 694 650 stare
716 631 783 650 non
809 632 925 662 posse,
952 626 1003 651 set
1025 619 1112 651 nihil
1135 619 1208 662 opis
1231 619 1364 650 adtulit.
1409 619 1519 661 Atqui
1540 618 1647 650 facilis
1671 625 1720 650 est
1742 618 1951 656 emendatio,
1974 617 2114 661 generis

236 682 268 707 et
290 675 437 706 nominis
460 673 673 715 dignitate.“
696 678 729 703 et
751 673 786 703 in
811 672 909 705 Curis
933 672 1095 704 Secundis
1118 672 1217 704 haec:
1243 697 1262 712 „
1276 673 1363 704 Cum
1387 672 1468 703 olim
1493 682 1536 702 ex
1558 673 1633 703 dico
1656 670 1795 702 fecerim
1819 672 2003 714 dignitate,
2025 680 2116 701 nunc

236 733 395 770 optumus
418 725 504 758 liber
525 725 704 756 submonet
726 725 811 756 mihi
833 725 993 767 gradum,
1027 737 1092 767 quo
1115 726 1316 757 institeram.
1362 725 1493 756 Tamen
1515 725 1617 755 aliam
1639 723 1909 755 emendationem
1932 722 2011 754 inde
2033 734 2115 765 pos-

236 781 300 811 sim
323 780 460 818 elicere,
481 789 607 821 genere
629 777 704 808 dico
728 783 760 808 et
782 780 927 811 nomine.
972 780 1029 810 Set
1052 790 1184 813 uereor,
1208 790 1252 809 ne
1274 778 1338 809 hoc
1359 777 1403 808 sit
1426 777 1526 809 etiam
1549 778 1717 817 audacius,
1743 788 1821 808 cum
1843 777 1915 819 ipse
1937 776 2015 807 Bau.
2038 787 2114 807 cum

236 833 309 864 aliis
333 831 489 863 omnibus
514 830 549 861 in
572 829 720 872 genitiuo
745 831 946 871 consentiat,
974 832 1084 873 sitque
1107 831 1285 862 omittendi
1308 831 1519 872 neglegentia
1539 830 1681 869 facilior,
1707 841 1807 872 quam
1829 829 1920 860 iltius
1942 834 2012 860 tam
2033 839 2115 871 per-

235 885 343 929 spicui
376 883 514 916 ablatiui
543 882 686 914 tollendi
713 885 894 915 temeritas.
939 884 1012 926 Ego
1043 890 1132 915 certe
1163 883 1334 926 quomodo
1364 883 1400 913 id
1424 882 1497 913 fieri
1519 884 1688 926 potuerit,
1729 882 1883 913 diuinare
1912 894 1983 913 11011
2008 891 2116 924 que03

234 939 378 969 uerbum
404 937 503 968 etiam
530 937 622 976 dico,
656 947 721 977 quo
751 936 837 967 nihil
861 949 944 979 opus
968 943 1033 976 est,
1077 937 1173 967 citius
1197 936 1368 974 retinebo,
1411 947 1511 978 quam
1540 937 1715 979 dignitate
1743 947 1812 966 11011
1842 933 1974 966 addam.
2017 934 2117 977 Aput

234 991 445 1024 Arusianum
468 990 504 1020 111
525 989 719 1031 apographo
743 1000 818 1019 meo
842 989 923 1020 haec
947 995 1080 1021 extant:
1105 989 1221 1021 Cicero
1241 1001 1305 1032 pro
1328 989 1479 1020 Scauro.-
1509 989 1692 1026 retineret,
1715 989 1754 1020 id
1776 988 1867 1032 qnod
1887 998 2018 1031 semper
2039 992 2117 1018 stu-

236 1045 331 1082 duit,
353 1044 503 1086 generis,
517 1042 696 1086 scintiliae,
719 1043 867 1074 nominis
890 1044 1110 1085 dignitatem.
1156 1041 1331 1073 Nimirum
1355 1041 1482 1072 auctius
1507 1047 1556 1072 est
1578 1040 1806 1083 fragmentum
1827 1041 1861 1071 in
1886 1039 2000 1070 codice
2023 1040 2116 1071 Nea-

234 1096 405 1139 politano,
444 1108 543 1138 quam
575 1101 656 1137 aput
679 1095 862 1126 Patricium
890 1095 932 1125 T.
956 1096 982 1125 I.
1006 1106 1039 1136 p.
1068 1096 1116 1126 15.
1141 1095 1191 1133 6.‚
1226 1094 1284 1136 qui
1307 1093 1489 1125 Frontonis
1519 1094 1657 1124 nomine
1685 1094 1720 1125 111
1743 1105 1776 1124 11.
1800 1093 1937 1125 studuit
1959 1091 2113 1123 desinens

234 1149 378 1181 rettulit.
423 1148 602 1180 Suetonius
631 1147 666 1178 in
690 1148 792 1189 Uesp.
818 1148 855 1178 C.
879 1147 942 1178 IV.
974 1159 1034 1178 nec
1062 1147 1263 1179 metuendas
1287 1147 1358 1178 ullo
1381 1148 1480 1178 modo
1509 1147 1547 1178 ob
1570 1148 1803 1179 humilitatem
1827 1147 1967 1189 generis
1988 1158 2029 1177 ac
2051 1157 2114 1177 no-

234 1203 349 1234 minis.
393 1202 448 1233 Ex
471 1199 638 1231 contrario
661 1199 774 1241 potuit
797 1199 897 1229 etiam
918 1199 974 1230 hic
997 1211 1086 1239 esse,
1118 1200 1290 1231 claritate.
1334 1197 1431 1229 Nihil
1461 1210 1521 1241 ego
1544 1200 1629 1230 mihi
1652 1200 1798 1242 adrogo3
1832 1205 1882 1231 set
1904 1199 2035 1237 locum,
2063 1197 2116 1228 uti

234 1255 319 1286 mihi
336 1253 557 1297 probabiliter
581 1251 737 1282 constitui
760 1263 858 1294 posse
881 1251 1034 1290 uidetur,
1059 1258 1169 1283 totum
1192 1261 1366 1293 propono:
1400 1250 1567 1283 Omnibus
1590 1254 1703 1295 igitur
1726 1253 1824 1284 rebus
1845 1270 1888 1276 —
1907 1251 2113 1288 domesticis,

234 1308 410 1340 nonnullis
434 1305 653 1349 inferiorem,
681 1317 784 1348 qnam
808 1311 855 1344 te,
876 1306 1016 1347 generis
1040 1305 1115 1336 dico
1139 1310 1171 1336 et
1191 1303 1340 1335 nominis
1363 1303 1554 1345 dignitate,
1574 1305 1786 1347 superiorem
1808 1311 1869 1335 etc.
1879 1308 1912 1335 .“
1946 1302 2113 1336 wfolffius

235 1360 353 1393 coiecit
375 1360 513 1402 generis
544 1363 576 1389 et
606 1358 754 1388 nominis
782 1358 918 1397 decore,
964 1357 1115 1389 Orellius
1155 1356 1294 1399 generis
1320 1355 1395 1386 dico
1422 1361 1455 1386 et
1477 1357 1625 1388 nominis
1656 1358 1791 1396 decore,
1831 1357 1954 1388 Bakius
1975 1356 2114 1399 generis

234 1416 310 1447 dico
338 1420 371 1445 et
401 1411 548 1444 nominis
582 1410 871 1442 conmendatione.
914 1410 1076 1442 Inutilem
1106 1410 1191 1440 hanc
1217 1407 1387 1439 editorum
1412 1419 1549 1450 operam
1572 1409 1696 1440 iudico.
1740 1411 1830 1441 Nam
1857 1410 1885 1441 si
1907 1421 2027 1441 reuera
2051 1409 2116 1441 ali-

234 1467 317 1510 quid
339 1465 483 1504 excidit,
508 1463 585 1495 satis
611 1469 659 1494 est
681 1463 866 1499 monuisse,
891 1475 992 1506 quam
1014 1463 1086 1494 fere
1108 1461 1387 1504 significationem
1408 1461 1532 1492 habere
1556 1461 1711 1494 debuerit
1729 1464 1873 1495 uerbum
1896 1463 1992 1502 illut,
2023 1462 2114 1505 quod

234 1519 418 1559 exciderit,
457 1529 534 1548 011111
558 1522 649 1547 certo
673 1515 846 1547 adfirmari
869 1517 964 1548 nullo
988 1522 1085 1559 pacto
1114 1515 1238 1558 possit,
1273 1513 1354 1556 quid
1376 1513 1454 1545 addi
1479 1514 1643 1546 debuerit.
1688 1516 1770 1547 Illut
1792 1523 1905 1548 autem
1927 1527 2114 1559 numquam

234 1572 432 1610 concedam,
471 1571 616 1601 uerbum
640 1570 714 1600 dico
740 1575 797 1599 aut
822 1581 841 1599 a
863 1569 1010 1600 librariis
1033 1568 1187 1599 additum
1210 1573 1267 1598 aut
1288 1579 1352 1609 pro
1375 1567 1441 1598 alio
1468 1567 1572 1599 uerbo
1601 1568 1751 1610 positum
1775 1581 1855 1601 esse.
1900 1570 1998 1602 Talia
2023 1569 2114 1601 enim

234 1638 304 1657 non
327 1625 437 1657 solent
458 1622 661 1664 interpretes
684 1621 819 1653 addere.
864 1622 971 1653 Porro
994 1622 1094 1664 plane
1117 1621 1245 1651 alienae
1265 1620 1390 1652 wfolffi
1414 1627 1446 1651 et
1467 1621 1578 1652 Orelli
1601 1622 1813 1653 coniecturae
1835 1629 1922 1663 sunt,
1946 1623 2115 1665 siquidem

235 1690 296 1709 1100
324 1678 452 1709 dictum
476 1687 638 1717 umquam
663 1675 764 1706 decus
791 1677 931 1718 generis
954 1682 1012 1706 aut
1034 1674 1183 1706 nominis
1210 1678 1272 1712 est,
1308 1683 1370 1703 nec
1392 1679 1469 1715 apte
1493 1673 1558 1704 dici
1581 1675 1694 1716 potuit
1717 1686 1755 1706 eo
1779 1687 1896 1715 sensu,
1936 1688 2034 1719 quem
2057 1675 2113 1707 hic

235 1730 434 1773 flagitamus.
478 1727 647 1770 Equidem
671 1727 757 1758 nihil
779 1728 835 1758 1110
857 1740 876 1758 a
898 1728 1045 1759 librariis
1069 1727 1247 1764 omissum,
1284 1731 1334 1756 set
1355 1726 1520 1768 integram
1550 1738 1620 1758 esse
1643 1739 1743 1769 quam
1773 1730 1885 1772 recepi
1912 1729 2113 1770 scripturam

237 1782 353 1822 credo,
387 1782 490 1824 idque
513 1781 625 1823 ipsum
648 1779 810 1821 loquendi
833 1792 954 1822 genus,
992 1780 1082 1823 quod
1108 1779 1173 1810 alio
1197 1779 1232 1810 in
1255 1779 1329 1810 loco
1353 1791 1421 1811 non
1444 1779 1622 1811 ferendum
1647 1787 1819 1823 putarem,
1853 1782 1908 1812 hic
1929 1782 2112 1824 aptissume

236 1847 255 1867 a
284 1836 446 1867 Cicerone
476 1840 677 1876 usurpatum
706 1833 884 1864 contendo.
932 1833 1180 1875 Quodcumque
1213 1831 1304 1862 enim
1332 1833 1477 1863 uerbum
1499 1833 1772 1876 adposuerimus,
1810 1834 1882 1865 siue
1911 1835 2110 1877 dignitatis,

237 1889 308 1920 siue
331 1888 539 1932 splendoris,
563 1887 634 1917 siue
657 1887 968 1925 commendationis,
993 1886 1067 1917 fieri
1090 1897 1159 1916 11011
1180 1890 1308 1927 potest,
1334 1886 1415 1927 quin
1440 1898 1494 1925 ea,
1525 1887 1645 1928 quibus
1669 1886 1749 1917 dicit
1773 1886 1890 1918 Cicero
1913 1886 2110 1918 inferiorem

236 1941 410 1973 Plancium
433 1941 616 1972 Laterense
646 1950 733 1977 esse,
768 1939 883 1971 addito
906 1938 1098 1971 istiusmodi
1127 1938 1233 1969 uerbo
1258 1938 1429 1969 ornatiora
1451 1945 1551 1981 atque
1573 1939 1804 1982 splendidiora
1826 1950 1925 1981 quam
1946 1946 2111 1972 necessest

235 1994 431 2026 reddantur.
477 1993 547 2023 Iam
570 2003 652 2023 uero
677 1992 977 2035 quotienscumque
1001 1991 1042 2022 de
1065 2003 1186 2034 genere
1208 1991 1400 2023 Laterensis
1423 1991 1591 2033 loquitur,
1615 1998 1757 2035 propter
1780 1991 1870 2033 quod
1892 1992 1950 2022 ille
1972 1992 2110 2025 Plancio

237 2059 272 2080 se
301 2046 561 2089 praeferendum
590 2044 693 2076 fuisse
722 2046 878 2088 putabat,
919 2044 1012 2077 omni
1039 2045 1141 2076 modo
1173 2044 1364 2087 deprimere
1396 2043 1459 2075 ista
1486 2050 1683 2075 ornamenta
1714 2044 1836 2075 studet.
1885 2044 1977 2086 Quid
2006 2045 2110 2087 igitur

237 2099 347 2142 aptius
370 2099 424 2129 1110
445 2099 556 2140 potuit
580 2110 665 2135 esse,
701 2109 801 2139 quam
824 2098 851 2129 si
874 2097 1073 2141 simpliciter
1094 2097 1198 2129 uerba
1221 2098 1360 2141 generis
1382 2103 1415 2128 et
1437 2098 1584 2129 nominis
1606 2097 1733 2139 posuit,
1770 2097 1917 2135 nullum,
1955 2109 2021 2139 quo
2045 2098 2110 2130 ali-

239 2151 320 2195 quid
352 2150 459 2181 laudis
486 2150 522 2181 111
550 2152 768 2182 Laterensem
803 2151 1026 2190 redundaret,
1060 2150 1306 2182 substantiuom
1341 2150 1483 2191 addens,
1516 2161 1636 2181 uerum
1665 2149 1805 2191 iungens
1834 2149 2001 2191 genitiuos
2031 2162 2109 2182 cum

237 2204 361 2243 uerbo,
389 2203 478 2244 quod
501 2203 694 2246 praecessit,
721 2204 845 2236 rebus?
888 2204 928 2235 In
950 2204 1024 2247 ipso
1049 2209 1161 2234 autem
1184 2203 1346 2245 loquendi
1367 2214 1498 2245 genere,
1527 2202 1616 2244 quod
1638 2201 1768 2232 nomini
1792 2214 1907 2233 rerum
1929 2202 2106 2244 genitiuos,

240 2268 341 2299 quem
373 2255 554 2298 aptissume
582 2258 825 2299 explz'(·atinom
852 2257 1048 2300 appellaris,
1083 2262 1214 2299 aptatus
1245 2262 1311 2295 est,
1344 2256 1438 2286 nulla
1466 2255 1565 2298 plane
1595 2254 1776 2286 offensiost.
1822 2255 1876 2286 Sic
1907 2255 1975 2286 Cic.
1998 2256 2040 2287 II.
2071 2256 2109 2288 in

241 2311 313 2341 Cat.
337 2309 400 2347 XI,
424 2307 474 2339 24.
498 2309 574 2339 Iam
598 2321 678 2341 uero
702 2310 800 2342 urbes
823 2312 1036 2343 coloniarum
1058 2323 1098 2342 ac
1123 2310 1389 2353 municipiorum
1413 2306 1661 2352 respondebunt
1684 2306 1855 2339 Catilinae
1878 2308 2021 2340 tumulis
2044 2309 2107 2340 sil-

239 2361 422 2394 uestribus.
464 2361 522 2394 Ad
553 2373 652 2403 quem
682 2363 795 2394 locum
818 2364 950 2406 egregie
971 2363 1175 2396 Matthiaeus
1207 2362 1248 2394 de
1269 2363 1331 2395 hac
1354 2361 1486 2393 dicendi
1507 2360 1638 2392 ratione
1660 2360 1776 2391 multis
1799 2359 1918 2392 adlatis
1940 2361 2104 2404 exemplis
