2264 2746
288 89 390 118 LXX
960 87 1492 118 PROLEGOMENA.

291 164 414 201 habita,
442 169 473 193 et
499 163 663 203 Pompeius
691 163 877 200 Crassusque
905 171 944 190 ex
972 162 1150 201 interregno
1179 163 1371 193 consulatum
1397 164 1571 193 iuiuissent.
1610 163 1677 192 Illis
1706 163 1787 192 enim
1808 161 1941 192 comitiis
1961 161 2049 191 nullo
2069 161 2160 190 modo

292 213 435 242 Plancius
463 213 567 252 potuit
596 211 711 246 creari,
738 210 791 248 qui
816 209 989 246 debuisset,
1014 210 1040 238 si
1061 216 1142 239 essct
1160 215 1226 239 tum
1246 216 1382 247 creatus,
1408 212 1468 240 iam
1494 222 1573 240 anno
1594 212 1658 251 698.
1685 211 1863 240 candidatus
1890 221 1956 239 esse
1984 209 2161 245 aedilitatis,

293 262 375 300 quod
395 261 462 290 fieri
482 266 647 299 propterea
666 268 728 286 non
749 257 868 296 potuit,
904 259 986 297 quod
1014 258 1070 287 illo
1097 269 1176 287 anno
1196 259 1388 288 tribunatum
1408 260 1451 298 pl.
1472 261 1604 298 gerebat.
1643 260 1791 295 Accedit,
1824 259 1907 298 quod
1925 259 1981 287 illa
2000 257 2125 286 comitia
2144 267 2162 285 a

292 310 459 349 Pompeio,
480 308 531 346 qui
553 318 620 335 eum
640 306 768 334 haberet
787 305 861 334 adeo
881 307 1028 344 sanguine
1046 317 1206 346 respersus
1226 307 1377 343 traditur,
1396 307 1472 336 11300
1492 313 1603 344 31110111,
1624 308 1735 347 quibus
1756 308 1889 347 primum
1909 306 2054 336 Plancius
2075 304 2162 334 aedi-

292 358 332 387 115
355 364 400 387 est
421 357 610 393 designatus,
629 365 647 382 a
666 355 709 382 M.
730 353 856 383 Licinio
878 355 986 384 Crasso
1009 354 1114 383 habita
1134 360 1262 384 constat.

368 421 530 457 Dircmpta
555 418 650 455 igitur
677 422 749 446 sunt
776 417 901 446 comitia
927 418 994 454 illa,
1023 429 1098 457 quae
1118 420 1161 448 M.
1182 419 1325 448 Licinius
1347 419 1472 448 Crassus
1500 430 1546 447 an.
1567 419 1629 458 (399.
1649 420 1774 457 habuit,
1801 425 1837 449 111
1862 419 1970 448 aedilis
1996 419 2031 448 in
2051 427 2164 446 annum

294 474 470 507 sequentem
490 470 617 494 crearet.
656 465 767 504 Neque
786 476 861 495 uero
883 467 1002 504 quando
1024 472 1055 495 ct
1079 478 1095 495 a
1121 478 1181 506 quo
1202 466 1308 496 habita
1328 467 1391 495 sint
1411 477 1460 503 ea,
1488 467 1598 505 quibus
1619 468 1692 497 facti
1713 474 1799 505 sunt,
1827 468 1879 507 qui
1901 479 1948 497 an.
1969 476 2032 505 700.
2052 464 2164 495 aedili—

293 523 385 546 tatem
406 519 565 552 gererent,
591 514 647 543 Cn.
668 514 811 542 Plancius
833 520 863 542 et
882 515 920 543 A.
942 515 1077 552 Plotius,
1098 516 1258 554 quisquam
1278 520 1418 544 ueterum
1439 516 1624 554 scriptorum
1646 516 1760 545 diserte
1779 516 1916 545 tradidit.
1955 515 2074 544 Uerum
2094 523 2165 543 cum

295 564 464 592 orationem
484 562 679 590 Plancianam
698 562 791 601 paulo
812 567 882 590 ante
903 563 1091 591 certissumis
1112 565 1299 602 argumentis
1325 563 1518 602 probarimus
1539 564 1577 591 L.
1598 564 1738 593 Domitio
1760 570 1790 593 et
1810 564 1914 604 Appio
1936 563 2065 592 Claudio
2086 572 2164 590 coss.

293 624 340 641 an.
362 621 423 647 700.
445 615 497 638 aut
523 616 656 639 exeunte
680 620 784 639 mense
805 610 918 638 Sextili
946 616 998 639 aut
1030 611 1157 640 ineunte
1183 622 1286 641 mense
1308 612 1484 652 Septembri
1513 611 1646 640 habitam
1674 623 1757 641 esse:
1792 612 1963 641 necessario
1991 610 2165 646 conficitur,

293 661 405 689 debere
426 659 551 688 comitia
570 659 625 686 illa
644 658 802 693 aedilicia,
830 658 940 696 quibus
962 660 1086 687 creandi
1108 665 1211 695 erant,
1238 660 1290 698 qui
1311 671 1359 688 an.
1380 669 1441 696 700.
1462 659 1649 688 aedilitatem
1670 665 1827 697 gererent,
1853 671 1915 689 11011
1939 660 2038 689 50111111
2058 669 2075 687 a
2093 658 2165 686 Do-

292 708 381 736 mitio
402 708 454 736 uel
473 707 578 746 Appio
598 706 722 742 habita,
742 717 850 734 uerum
871 707 962 735 etiam
982 718 1079 746 usque
1100 708 1132 736 in
1153 719 1286 737 mensem
1307 708 1456 736 Sextilem
1477 718 1523 736 311.
1546 717 1608 743 700.
1629 708 1745 736 reiecta
1765 719 1838 737 esse.
1878 708 2002 737 Etenim
2021 712 2087 735 tum
2107 715 2165 745 per

293 766 324 784 50
344 756 583 790 manisestumst,
616 759 681 783 tum
702 764 742 782 ex
763 754 914 793 plurumis
942 754 1033 783 huius
1055 757 1204 784 orationis
1233 757 1311 785 locis
1338 755 1547 793 intellegitur,
1582 756 1638 784 Cn.
1659 756 1818 784 Plancium
1844 766 1906 785 non
1935 766 2002 785 cum
2023 754 2165 793 gessisset

292 804 497 839 aedilitatem,
533 808 578 831 set
606 808 767 841 antequam
794 803 906 838 iniret,
932 803 1061 832 aedilem
1089 804 1278 842 designatum
1305 804 1342 832 de
1369 803 1526 831 sodaliciis
1548 814 1682 832 caussam
1704 804 1827 833 dixisse.
1866 804 1929 833 Iam
1950 809 1985 833 ut
2003 812 2164 838 sumamus,

293 850 376 890 quod
395 856 589 884 summumst,
609 851 673 879 LX
694 850 759 878 dies
780 860 847 878 011111
868 850 1024 888 priuatum
1045 852 1139 880 fuisse
1160 851 1228 891 (cfr.
1251 852 1314 880 Cic.
1335 850 1373 879 ad
1393 851 1429 887 Q.
1451 851 1576 880 fratrem
1597 852 1637 887 Il,
1658 851 1714 890 9.),
1735 862 1799 881 non
1818 858 1949 892 possunt
1968 851 2092 880 comitia
2110 850 2165 878 illa

292 905 363 928 ante
383 909 519 927 mensem
540 898 689 926 Sextilem
710 897 814 926 habita
834 908 909 933 esse,
929 898 1080 937 siquidem
1102 900 1303 928 Laterensem
1321 899 1531 928 uerosimilest
1550 900 1661 935 statim,
1679 905 1840 938 postquam
1859 901 1955 930 sactus
1976 904 2056 929 esset
2070 899 2165 928 Plan-

293 948 374 983 cius,
404 947 441 974 (10
468 946 624 974 sodaliciis
653 956 723 973 011111
747 946 928 983 postulasse.
967 947 1074 986 Itaque
1094 948 1238 977 Plancius
1267 948 1471 986 omninoque,
1499 947 1551 986 qui
1578 948 1663 976 illius
1691 948 1762 976 anni
1791 948 1904 977 aediles
1925 948 2048 977 curules
2068 953 2164 984 erant,

293 1006 350 1033 1101·
375 994 432 1022 tris
458 999 576 1022 tantum
604 993 734 1029 mensis,
762 993 947 1031 Octobrem,
975 995 1202 1032 Nouembrem,
1233 1001 1264 1024 et
1289 996 1511 1030 Decembrem,
1539 995 1725 1023 aedilitatem
1755 996 1881 1033 gessisse
1908 996 2055 1024 censendi
2082 1001 2164 1024 sunt.

294 1043 404 1080 Neque
431 1042 545 1070 factum
571 1042 604 1069 id
631 1051 696 1069 esse
722 1042 903 1079 mirabitur,
937 1043 989 1081 qui
1016 1044 1292 1072 turbulentissuma
1318 1049 1457 1082 tempora
1491 1043 1546 1071 illa
1572 1044 1666 1072 fuisse
1695 1043 1880 1072 meminerit.
1919 1044 1967 1073 Ita
1993 1055 2073 1073 anno
2100 1055 2164 1083 70¹·

294 1092 325 1118 P.
348 1089 492 1118 Clodium
512 1089 696 1128 petitionem
716 1095 878 1128 praeturae
897 1091 1060 1130 reliquisse
1080 1092 1210 1127 scimus,
1229 1102 1297 1120 cum
1317 1091 1359 1120 ita
1379 1096 1476 1120 tracta
1496 1091 1621 1120 comitia
1642 1091 1779 1128 uideret,
1805 1097 1840 1121 ut
1860 1103 1922 1121 11011
1942 1093 2056 1122 multos
2076 1103 2165 1122 men—

293 1139 333 1166 sis
354 1144 526 1176 praeturam
547 1147 653 1175 gerere
673 1143 784 1175 posset.
824 1139 888 1167 Cfr.
910 1140 974 1168 Cic.
994 1151 1052 1179 pro
1073 1140 1141 1169 Mil.
1163 1140 1197 1169 C.
1218 1139 1276 1168 IX.
1297 1137 1324 1179 ᾗ.
1345 1139 1400 1168 24..

368 1203 575 1231 Conssrnmtur
604 1201 735 1239 denique
763 1203 916 1231 sententia
943 1208 1048 1231 nostra
1076 1213 1129 1239 eo,
1158 1203 1238 1242 quod
1266 1203 1300 1232 C.
1320 1202 1437 1240 Alfius,
1464 1203 1516 1242 qui
1542 1202 1692 1232 iudicium
1713 1204 1819 1232 Planci
1847 1205 2003 1241 exercuit,
2034 1215 2080 1234 an.
2101 1214 2164 1240 700-

296 1256 417 1289 praetor
436 1251 506 1279 suit.
544 1251 592 1278 De
614 1261 649 1278 00
670 1250 759 1286 uide,
787 1260 862 1289 quae
884 1250 917 1278 C.
938 1250 978 1278 II.
999 1250 1058 1278 iam
1079 1256 1283 1289 exponentur.

1122 1481 1149 1513 C
1169 1480 1199 1514 A
1215 1481 1254 1514 P.
1296 1481 1341 1514 ΙΙ.

462 1579 528 1607 DE
571 1578 934 1616 QUAESITORE,
975 1579 1066 1618 QUI
1101 1579 1362 1609 IUDICIUM
1401 1579 1599 1609 PLANCI
1637 1579 2002 1610 EXERCUERIT.

370 1705 442 1733 Non
463 1705 612 1741 mirumst,
633 1706 718 1734 uiros
740 1706 846 1735 doctos
872 1706 955 1734 inter
975 1715 1006 1733 se
1027 1705 1221 1741 dissensisse,
1243 1705 1295 1744 qui
1321 1704 1419 1734 iudici
1438 1705 1598 1734 Planciani
1620 1705 1775 1745 quaesitor
1794 1706 1912 1736 suisset.
1952 1707 2061 1736 Cicero
2082 1707 2164 1736 enim

299 1754 363 1790 ipse
391 1753 435 1781 bis
463 1753 496 1781 in
524 1753 665 1782 oratione
685 1753 849 1782 Planciana
877 1754 1060 1792 quaesitoris
1079 1754 1270 1782 mentionem
1296 1753 1427 1789 faciens,
1456 1754 1489 1782 C.
1510 1753 1619 1782 XVII.
1640 1753 1667 1793 ᾗ.
1687 1754 1732 1782 43.
1762 1755 1791 1783 C'.
1811 1756 1933 1792 ΛζῘίιινη
1952 1761 1983 1784 01
2003 1756 2037 1784 C.
2057 1755 2163 1784 XLII.

296 1799 323 1839 §.
347 1802 407 1829 1031.
436 1802 465 1829 C.
484 1802 650 1834 Flauium,
675 1801 930 1839 quemadmodum
960 1801 1083 1839 quidem
1110 1802 1231 1830 codices
1258 1802 1415 1837 scribunt,
1448 1812 1517 1830 011111
1537 1802 1681 1841 appellat.
1719 1802 1766 1831 Ea
1784 1812 1832 1831 res
1853 1803 2053 1832 uehementer
2073 1813 2165 1831 exer-

299 1849 363 1877 cuit
382 1849 584 1887 interpretes,
616 1859 748 1887 qnorum
775 1848 829 1877 alii
855 1849 945 1877 aliter
973 1849 1182 1878 difficultatem
1203 1851 1351 1889 expedire
1377 1855 1448 1878 sunt
1469 1851 1580 1879 conati.
1620 1850 1710 1879 Solus
1736 1856 1835 1879 autem
1857 1851 2060 1888 Garatonius,
2087 1861 2164 1891 quae

298 1896 358 1925 suit
386 1897 448 1924 uiri
474 1897 558 1924 illius
586 1897 747 1935 sagacitas,
775 1897 984 1926 difficultatem
1010 1897 1095 1926 illam
1122 1898 1265 1934 sustulit,
1292 1898 1319 1938 §.
1343 1899 1403 1928 104.
1432 1909 1489 1937 pro
1522 1899 1638 1937 Teque,
1666 1899 1696 1927 C.
1715 1898 1813 1927 Flaui
1837 1899 2031 1928 scribendum
2055 1900 2164 1938 Teque,

299 1946 328 1972 C.
348 1945 447 1972 Flauo
477 1944 656 1980 ostendens,
683 1944 926 1983 quaesitorisque
952 1956 1065 1974 nomen
1097 1947 1124 1975 C'.
1149 1948 1286 1975 Flauum,
1310 1948 1428 1983 Alfium
1457 1947 1552 1975 fuisse
1581 1947 1703 1975 doeens.
1742 1946 1848 1985 Itaque
1874 1946 1933 1975 1100
1962 1958 2055 1977 unum
2086 1949 2165 1977 mihi

298 1991 484 2025 faciundum,
506 1997 539 2019 ut
556 1992 705 2020 Garatoni
719 1993 814 2021 uerba
831 1993 890 2021 huc
906 1992 1064 2031 adponam,
1086 1994 1197 2031 quibus
1213 1994 1419 2032 intellegatur,
1436 2005 1510 2023 uere
1529 1995 1565 2022 ab
1587 2005 1623 2022 eo
1639 1996 1670 2024 C.
1683 1994 1819 2023 Flauum
1827 1995 1947 2031 Alfium
1963 1996 2060 2024 iudici
2077 1996 2163 2025 illius

300 2039 504 2078 quaesitorem
521 2050 585 2067 esse
605 2039 753 2069 habitum.
793 2041 947 2079 Quoniam
967 2046 1067 2069 autem
1089 2042 1276 2070 Garatonius
1298 2043 1330 2070 in
1350 2048 1433 2079 nota,
1455 2054 1542 2082 quam
1563 2042 1600 2070 ad
1620 2051 1644 2070 c.
1662 2046 1709 2078 ⁸17.
1729 2042 1860 2080 scripsit,
1880 2043 1917 2071 ad
1936 2044 2074 2081 priorum
2096 2045 2164 2072 edi-

300 2093 402 2115 torum
423 2087 636 2115 adnotationes
659 2089 814 2126 respexit,
841 2099 890 2118 eas
911 2099 1033 2128 quoque
1057 2090 1239 2128 repetendas
1259 2090 1443 2129 putauimus.
1482 2090 1636 2118 Adnotatu
1663 2089 1758 2127 igitur
1776 2089 1814 2118 ad
1842 2100 1867 2119 c.
1891 2100 1947 2125 172:
1968 2102 2061 2130 quam
2080 2092 2164 2120 hanc

299 2136 330 2164 C.
349 2135 471 2171 Alfium
492 2140 549 2162 etc.
571 2145 587 2162 a
606 2135 763 2173 prioribus
785 2136 957 2166 editoribus
976 2137 1052 2166 haec
1073 2143 1158 2166 sunt:

373 2199 403 2226 C.
425 2197 558 2236 Alfium]
589 2198 750 2226 Uictorius
777 2199 808 2228 C.
834 2201 1007 2238 Alphizcm;
1040 2200 1113 2229 Ant.
1141 2201 1332 2239 Augustinus
1361 2212 1399 2231 ex
1419 2202 1489 2230 Ioco
1514 2200 1663 2230 inferiore
1683 2210 1708 2229 c.
1728 2201 1773 2229 42.
1794 2201 1825 2230 C.
1846 2201 2017 2231 Flauium:
2042 2210 2087 2231 se†
2109 2214 2163 2232 cur

297 2246 385 2275 illum
405 2246 508 2274 locum
528 2256 591 2274 non
613 2246 742 2284 corrigit
763 2257 801 2275 ex
822 2247 898 2283 boc,
925 2249 951 2276 si
978 2248 1071 2278 habet
1099 2251 1330 2287 auctoritatem,
1359 2261 1433 2289 quae
1461 2249 1645 2278 confirmet?
1674 2251 1709 2278 F.
1734 2248 1926 2277 URSJXCS.
1948 2249 1978 2278 C.
1998 2250 2162 2289 Flauiam]

298 2295 344 2322 Ita
363 2294 518 2332 quaesitor
537 2293 588 2322 hic
610 2305 626 2322 a
646 2295 816 2322 Laterense
837 2295 936 2324 editus
957 2303 1087 2326 uocatur
1107 2297 1187 2326 infra
1209 2308 1232 2326 0.
1253 2299 1314 2334 42.,
1340 2308 1396 2326 1100
1417 2297 1632 2332 uerisimilest,
1661 2298 1690 2325 C.
1710 2296 1877 2334 Alplzizcm,
1904 2302 1938 2325 ut
1960 2297 2072 2326 habent
2092 2299 2163 2327 uol—

297 2341 374 2379 gati,
395 2341 447 2380 qui
468 2341 527 2369 hoc
547 2352 626 2370 auno
647 2347 772 2381 praetor
792 2342 867 2378 fuit,
888 2344 1005 2373 editum
1027 2346 1231 2384 quaesitorem
1251 2345 1356 2374 fuisse.
1382 2345 1737 2373 LALLEJJANDLS.

371 2404 420 2431 Ad
441 2414 473 2432 ea
496 2405 682 2434 Caratouius
704 2416 731 2443 p.
758 2407 806 2434 [101
839 2417 881 2445 5(1.
903 2408 948 2436 ed.
970 2409 1067 2448 Neap‚
1088 2409 1161 2438 11300
1183 2409 1309 2438 adiecit:
