2264 2746
715 110 739 140 C
759 110 788 139 A
808 111 851 140 P.
889 110 950 139 XI.
969 107 996 150 ς.
1016 113 1060 142 28.
1078 126 1116 133 —
1135 110 1210 140 XII.
1230 110 1258 152 §.
1279 117 1324 146 29.
1901 121 1954 148 101

77 187 184 217 Serm.
207 185 242 225 Ι,
274 196 324 227 71.
354 185 449 226 Quin
482 185 540 218 abi
563 198 598 219 se
620 198 642 218 a
665 186 768 230 uolgo
798 193 831 219 et
863 198 986 219 scaena
1014 187 1051 218 in
1077 193 1207 220 secreta
1237 194 1411 222 remorant
1440 189 1562 222 Uirtus
1593 189 1777 233 Scipiadae
1805 196 1838 222 et
1859 192 1954 223 mitis

73 238 247 282 sapientia
271 239 386 270 Laeli.

159 291 274 322 Multo
298 304 393 323 ses-us
416 296 466 323 est
486 290 629 334 parens)
674 290 744 322 Cur
766 297 816 322 est
838 291 1058 332 retinuerim,
1081 293 1214 335 Proleg.
1238 294 1280 325 L.
1304 293 1347 324 ΙΙ.
1373 294 1410 325 C.
1434 294 1461 325 Ι.
1486 295 1515 336 ἓ.
1539 293 1569 326 8.
1592 306 1625 337 p.
1647 295 1760 326 XLII.
1785 295 1869 327 dixi.

157 342 242 375 Cum
265 345 392 375 uidetis
416 345 529 376 luctas
552 343 761 386 societatem)
806 344 1031 376 Indicatiuom
1061 346 1188 378 uidetis
1218 358 1287 378 11011
1309 346 1419 377 solum
1445 346 1535 388 quod
1559 347 1691 388 optumi
1712 348 1791 380 libri
1816 355 1954 380 tuentur

71 396 252 438 praeposui
279 396 512 437 coniunctiuo,
535 409 656 429 uerum
680 396 780 427 etiam
805 397 894 439 quod
918 397 1031 429 sensui
1053 398 1151 429 unice
1176 398 1446 430 accommodatus
1474 405 1533 430 est.
1577 400 1654 431 Hoc
1677 401 1767 432 enim
1791 401 1872 433 dicit
1895 402 1954 433 Ci-

73 459 167 480 cero:
195 448 368 479 Saturnini
392 455 515 490 quanta
538 449 676 481 honoris
700 449 799 480 huius
823 450 988 492 cupiditas
1011 449 1132 490 suerit,
1160 462 1203 482 ex
1227 462 1265 481 eo
1290 451 1428 492 potestis
1453 452 1595 491 coicere,
1623 453 1729 494 quod,
1758 460 1796 485 ut
1818 454 1952 494 uidetis,

70 500 180 532 luctus
209 501 317 532 socius
349 507 408 532 est.
454 502 508 533 Ob
533 502 673 533 eandem
699 513 847 533 caussam
869 503 981 534 statim
1003 509 1079 545 post
1110 503 1218 535 dixit:
1255 504 1340 546 quid
1361 504 1402 534 cle
1424 504 1477 534 liis
1501 511 1550 536 tot
1580 507 1668 537 uiris
1693 507 1836 546 talibus,
1870 520 1953 551 quos

72 553 242 585 uidetis
265 559 358 585 ueste
379 560 526 587 mutata.
573 555 807 587 Tenendumst
832 562 962 595 autem,
991 568 1067 587 cum
1090 555 1306 597 particulam,
1332 555 1486 596 quotiens
1510 570 1562 596 eo,
1595 560 1686 601 quod
1706 559 1887 601 significet,
1918 561 1951 591 id

71 606 163 647 quod
182 617 280 649 saepe
302 605 482 647 significat,
506 608 692 639 necessario
717 608 936 639 indicatiuom
960 608 1152 639 adsciscere.
1201 607 1271 639 Cfr.
1296 608 1339 638 II.
1363 608 1398 638 in
1422 609 1521 640 Uerr.
1547 610 1587 647 II,
1613 611 1663 649 64,
1692 613 1778 644 155„
1801 614 1855 645 Hi
1877 626 1953 645 cum

71 659 113 690 (le
142 660 212 690 tuis
234 658 349 701 factis
376 660 515 702 publice
544 667 817 704 conqueruntur,
857 673 967 692 nonne
989 662 1050 693 lzoc
1074 661 1249 698 imlicant,
1293 665 1409 692 tantas
1438 673 1508 692 esse
1531 661 1680 695 iniurias
1704 670 1784 703 ete-3
1823 677 1886 707 pro
1914 667 1951 698 C.

68 710 187 741 Rabir.
213 711 282 749 VI,
311 711 358 743 13.
383 713 490 744 Nihil
511 726 563 745 me
586 714 714 745 clamor
740 715 805 745 iste
827 719 1021 753 commouet,
1049 719 1099 744 set
1122 713 1337 751 consolatur,
1361 725 1451 743 cum
1474 714 1666 751 indicat,
1696 730 1765 748 esse
1789 719 1953 761 quosdam

69 763 158 795 ciuis
183 764 361 807 inperitos,
384 771 435 796 set
459 778 525 796 non
549 766 685 798 multos.
710 765 809 797 huius
836 766 941 808 ipsius
965 778 1014 797 or.
1037 765 1191 803 XXXII,
1218 764 1268 805 73·
1292 765 1405 808 Atqui
1427 767 1509 797 liaeo
1533 780 1622 798 cum
1645 781 1667 799 u
1677 770 1787 808 icles,
1814 784 1879 814 quo
1902 782 1954 804 me

69 817 208 849 tcmclem
231 818 266 848 in
289 824 320 850 te
342 819 457 850 animo
475 824 584 861 putas
608 830 694 856 esse,
721 819 951 850 Laterensis?
976 818 1017 849 de
1041 819 1103 850 Or.
1130 818 1180 857 II,
1207 818 1256 859 57,
1286 818 1355 849 151.
1380 831 1445 861 (suo
1467 820 1572 851 etiam
1594 822 1705 852 maior
1729 823 1785 852 uir
1809 824 1951 867 (Numa)

69 870 245 902 habendus
269 876 328 911 est,
352 884 426 902 cum
452 871 550 902 illam
573 872 781 913 sapientiam
801 890 844 895 —
867 872 1042 914 cognouit.
1086 871 1136 902 Id.
1161 871 1200 901 ad
1225 871 1307 902 Diu.
1331 871 1394 910 IX,
1422 871 1469 902 14.
1492 874 1657 915 gratulor·
1678 874 1752 911 tibi,
1777 887 1853 906 cum
1875 883 1954 908 tan·—

70 928 146 954 tum
168 924 264 955 uales
287 929 373 966 aput
395 923 625 956 Dolabellam.
670 923 756 954 Ibitl.
782 924 885 963 XIII,
918 924 968 955 24.
994 924 1058 955 tibi
1072 924 1219 967 ,gratias
1244 935 1332 966 age,
1358 936 1435 955 cum
1457 929 1593 956 tcmtum
1616 926 1753 957 litteraev
1778 939 1871 959 meae
1888 941 1954 971 po-

71 981 232 1014 tuerunt,
265 981 304 1006 ut
329 976 373 1006 iis
396 976 493 1007 lectis
519 988 650 1007 omnem
673 977 894 1020 offensionem
922 977 1116 1020 deponeres.
1161 975 1247 1006 Ibid.
1271 976 1376 1014 XVI,
1416 977 1462 1008 16.
1487 978 1574 1008 milli
1593 979 1847 1020 gratissumum
1859 980 1954 1022 feci-

68 1029 134 1066 sti,
158 1040 236 1060 cum
258 1039 334 1059 enm
355 1044 398 1049 —
419 1029 569 1059 (culicum
593 1041 696 1071 [licam
719 1042 853 1061 seruom
872 1041 942 1061 esse
965 1029 1135 1061 maluisti.
1181 1028 1321 1058 Terent.
1345 1028 1457 1060 Andr.
1478 1030 1540 1069 IV,
1566 1031 1594 1067 5,
1619 1031 1670 1061 52.
1695 1032 1748 1063 (lis
1770 1032 1829 1074 pol
1851 1032 1954 1064 liabeo

67 1082 228 1124 gratiaS,
260 1092 337 1111 cum
359 1080 395 1111 in
413 1081 593 1123 pariundo
615 1082 750 1125 aliquot
772 1081 965 1125 adsuerunt
989 1082 1126 1113 liberae.
1169 1079 1321 1122 Adelph.
1346 1082 1378 1119 I,
1410 1092 1447 1120 2,
1483 1081 1534 1113 45.
1558 1089 1608 1114 est
1630 1085 1684 1115 (lis
1705 1085 1845 1126 gratia,
1878 1098 1955 1117 cum

69 1139 120 1165 est
143 1133 232 1165 unde
254 1133 337 1165 liaeo
349 1131 459 1175 fiant.
502 1133 688 1165 Heautont.
712 1134 763 1173 ΙΙ,
796 1145 830 1173 2,
864 1134 915 1165 58.
948 1135 1122 1177 Illagnum
1144 1135 1206 1166 boo
1230 1146 1362 1176 quoque
1384 1134 1575 1177 signumst,
1607 1137 1782 1169 dominam
1803 1150 1872 1169 esse
1896 1152 1954 1170 ex-

69 1191 126 1218 tra
148 1186 305 1224 noxiam,
331 1198 409 1217 cum
430 1186 503 1217 eius
527 1191 599 1217 tam
620 1186 857 1230 negleguntur
881 1187 1100 1219 internuntii.
1124 1186 1205 1217 ibid.
1228 1187 1275 1225 lt,
1300 1187 1330 1225 5,
1356 1197 1384 1217 2.
1408 1187 1564 1230 Aeclepol
1586 1193 1635 1226 te,
1657 1201 1733 1221 mea
1755 1191 1954 1234 Antiphila,

69 1239 176 1270 Zauclo
198 1244 231 1271 et
243 1237 471 1282 fortunatam
490 1239 624 1277 ῐιιιῖἰσο,
648 1240 686 1270 ι’(ἰ
708 1252 785 1271 cum
806 1239 986 1278 stuc'luisti,
1011 1240 1072 1270 isti
1084 1238 1227 1282 formae
1250 1245 1289 1270 ut
1312 1251 1421 1270 mores
1445 1240 1637 1272 consimiles
1647 1241 1781 1284 forent.
1824 1243 1952 1286 Hecyr.

67 1291 138 1331 ΙΙΙ,
172 1291 209 1332 8,
238 1291 289 1323 55.
324 1290 422 1323 Nam
451 1297 491 1323 ut
513 1292 568 1323 liic
592 1292 729 1323 laturus
759 1293 821 1323 lzoc
844 1292 909 1330 sit,
945 1292 976 1322 si
999 1292 1112 1334 ipsam
1135 1305 1206 1324 rem
1230 1298 1269 1323 ut
1291 1293 1357 1324 siet
1379 1292 1578 1330 resi-luerit,
1611 1306 1678 1325 non
1701 1295 1844 1338 aedepol
1865 1297 1954 1328 clam

68 1350 172 1383 mest,
195 1357 272 1376 cum
294 1345 373 1381 hoc,
398 1344 490 1387 quod
511 1345 624 1376 leuius
648 1350 715 1383 est,
739 1350 810 1376 tam
832 1344 947 1376 animo
971 1344 1139 1376 iracundo
1166 1345 1259 1377 tulit.

158 1397 272 1441 Atqui
294 1398 377 1429 baec
398 1403 479 1428 sunt
503 1398 654 1437 indicia,
692 1398 842 1435 iudices,
874 1397 986 1428 solida
1008 1403 1041 1428 et
1063 1410 1243 1441 expressa,-
1278 1398 1361 1429 llaec
1382 1398 1487 1440 signa
1502 1397 1709 1441 probitatis,
1741 1413 1807 1432 non
1823 1401 1953 1444 fucata

61 1451 204 1501 forensi
229 1451 356 1493 specie,
381 1456 431 1481 set
453 1451 647 1483 domesticis
670 1452 788 1483 inusta
810 1450 901 1480 notis
925 1450 1099 1491 ueritatis)
1143 1451 1237 1482 Haec
1260 1457 1310 1482 est
1333 1450 1466 1491 uolgata
1490 1451 1588 1482 huius
1612 1451 1677 1483 loci
1700 1454 1883 1496 scriptura,
1916 1455 1953 1487 in

71 1514 138 1546 qua
159 1503 395 1546 permirumst,
432 1503 603 1534 neminem
634 1514 741 1546 paene
770 1501 940 1533 editorum
968 1502 1136 1534 offensum
1159 1515 1247 1542 esse,
1286 1503 1352 1534 nisi
1375 1503 1466 1545 quod
1491 1504 1694 1537 Garatonius
1719 1513 1751 1537 et
1774 1508 1951 1540 Schutzius

72 1567 147 1587 eam
168 1554 378 1598 probandam
401 1555 604 1597 scripturam
626 1561 806 1599 putarunt,
847 1566 947 1596 quam
971 1556 1115 1588 Ursinus
1139 1555 1175 1586 in
1196 1555 1426 1597 manuscripto
1447 1568 1507 1586 suo
1532 1562 1648 1588 extare
1671 1557 1759 1590 dixit
1781 1561 1952 1603 uolgatae-

73 1620 138 1651 que
160 1608 340 1651 praetulit:
377 1609 489 1652 Atqui
511 1610 594 1641 llaec
616 1615 697 1641 sunt
720 1609 852 1640 indicia
875 1609 1006 1647 solida,
1038 1609 1188 1648 iudices,
1216 1610 1299 1641 liaeo
1322 1620 1483 1651 expressa
1505 1610 1608 1652 signa
1632 1616 1710 1651 etc„
1741 1613 1827 1644 nihil
1851 1626 1951 1657 prae·-

70 1667 163 1692 terea
191 1667 384 1700 monentes,
423 1673 482 1692 cur
504 1662 639 1704 uolgata
669 1661 872 1704 displiceret.
920 1660 1074 1692 Offendit
1105 1663 1205 1693 etiam
1233 1662 1345 1703 aliqua
1370 1660 1502 1691 ratione
1523 1662 1725 1703 Lambinus,
1762 1667 1950 1709 corrigens:

72 1715 185 1758 Atqui
215 1715 298 1747 liaeo
325 1720 406 1746 sunt
439 1715 571 1747 indicia
599 1715 730 1754 solida,
765 1714 919 1752 iudices,
952 1720 986 1746 et
1008 1727 1168 1758 expressa
1192 1714 1407 1752 uirtutis3
1441 1714 1523 1745 llaec
1552 1716 1655 1758 signa
1678 1723 1739 1748 ete.
1784 1725 1834 1750 set
1863 1720 1951 1752 nihil

70 1766 232 1806 mutauit,
270 1767 336 1798 nisi
368 1767 459 1808 quod
488 1768 633 1799 uirtutis
664 1779 706 1797 ex
731 1766 923 1798 coniectura
948 1767 1089 1798 addidit.
1134 1767 1189 1798 Ex
1213 1766 1382 1798 codicibus
1411 1778 1480 1798 non
1508 1773 1619 1809 potest
1642 1769 1820 1811 quicquam
1842 1774 1951 1805 auxili

71 1819 159 1863 peti,
199 1819 257 1861 qui
287 1831 402 1851 omnes
431 1819 467 1850 111
498 1821 667 1862 uolgatam
697 1820 900 1862 scripturam
931 1820 1152 1851 consentiant.
1197 1819 1253 1851 Ab
1286 1820 1412 1852 Ursino
1444 1827 1555 1851 autem
1589 1833 1672 1863 quae
1700 1833 1950 1858 comnemorata

71 1873 285 1916 scriptumst,
310 1885 419 1914 neque
441 1879 532 1904 certo
555 1872 694 1911 scimus,
717 1884 800 1903 num
824 1883 866 1902 ex
890 1871 1003 1903 codice
1024 1872 1129 1914 petita
1151 1872 1204 1911 sit,
1228 1883 1347 1914 neque,
1371 1874 1399 1904 si
1422 1873 1593 1913 sciremus,
1618 1874 1717 1917 digna
1740 1884 1839 1917 esset,
1865 1891 1949 1920 quae

70 1926 307 1969 respiceretur,
332 1938 408 1957 cum
430 1932 603 1968 praeterea
625 1925 712 1956 nihil
734 1936 895 1966 umquam
920 1924 1000 1955 110111
1027 1936 1069 1955 ex
1093 1925 1207 1956 codice
1229 1925 1289 1956 illo
1315 1926 1487 1969 prolatum
1509 1926 1562 1965 sit,
1586 1926 1729 1969 ideoque
1751 1931 1854 1963 solius
1877 1933 1948 1966 eius

72 1979 240 2012 dissensus
262 1978 350 2010 nihil
372 1984 454 2021 aput
473 1990 533 2010 nos
557 1977 717 2021 ponderis
739 1977 863 2009 habere
887 1976 1015 2008 debeat.
1061 1978 1150 2010 Uide
1173 1978 1305 2020 Proleg.
1328 1990 1362 2022 p.
1386 1980 1483 2011 VII..
1528 1978 1681 2020 Accedit,
1709 1982 1799 2023 quod
1823 1995 1860 2015 ea
1881 1985 1949 2017 mi-

72 2043 175 2063 nume
200 2030 340 2063 offensio
364 2031 430 2062 loci
454 2031 602 2071 tollitur,
642 2042 726 2072 quae
756 2030 791 2061 111
816 2041 854 2061 60
886 2029 1112 2072 potissumum
1134 2031 1289 2074 positast,
1331 2031 1421 2073 quod
1444 2032 1575 2064 indicia
1599 2032 1757 2066 dicuntur
1781 2038 1892 2070 solida
1915 2045 1949 2071 et

72 2095 242 2127 expressa.
284 2084 471 2126 Utriusque
495 2084 586 2115 enim
607 2083 766 2114 adiectiui
789 2094 862 2114 eam
884 2083 974 2114 inter
997 2083 1106 2115 omnis
1143 2091 1272 2115 constat
1294 2084 1571 2126 significationem
1595 2097 1681 2127 esse,
1713 2095 1751 2120 ut
1773 2089 1814 2120 de
1836 2091 1946 2132 rebus,

76 2148 160 2179 quae
184 2136 358 2177 dicuntur,
383 2137 546 2168 concretis
570 2143 788 2180 usurpentur.
833 2137 923 2168 Nam
946 2137 1096 2168 solidum
1116 2136 1149 2167 id
1176 2136 1241 2167 dici
1265 2143 1433 2176 notumst,
1459 2137 1549 2179 quod
1571 2137 1696 2181 frangi,
1721 2141 1845 2183 deleri,
1868 2145 1947 2175 uiu-

75 2190 149 2220 ciue
174 2201 243 2220 non
264 2196 384 2232 potest,
408 2190 552 2232 ideoque
571 2190 670 2221 rebus
686 2189 885 2233 fragilibus
909 2190 1104 2232 opponitur.
1129 2190 1261 2220 Pariter
1284 2202 1481 2233 expressum
1503 2191 1538 2221 id
1557 2193 1698 2235 proprie
1719 2205 1756 2225 ac
1770 2196 1947 2228 sollemni-

76 2248 129 2274 ter
152 2240 218 2272 dici
243 2243 431 2283 consueuit,
470 2243 561 2285 quod
584 2244 624 2274 ad
647 2242 907 2274 similitudinem
932 2242 1080 2274 alicuius*
1095 2243 1145 2273 rei
1167 2254 1377 2285 quacumque
1399 2243 1529 2274 ratione
1554 2243 1727 2286 factumst,
1766 2259 1946 2280 maxume-

77 2306 142 2337 que
164 2307 342 2338 expressae
363 2296 520 2327 dicuntur
542 2295 679 2338 figurae,
705 2307 788 2337 quae
804 2306 889 2334 cera,
912 2295 1039 2337 argilla,
1066 2307 1172 2338 gypso
1195 2295 1237 2326 ad
1259 2296 1519 2328 similitudinem
1540 2298 1683 2330 aliarum
1707 2299 1833 2331 effictae
1855 2307 1944 2332 sunt.

76 2350 147 2379 Iam
181 2348 243 2380 etsi
270 2349 420 2380 minume
447 2360 503 2380 me
532 2348 637 2391 fugit,
675 2355 859 2390 utrumque
889 2347 1092 2379 adieetiuom
1119 2349 1350 2391 metaphorice
1375 2349 1477 2380 etiam
1506 2349 1547 2380 de
1568 2351 1668 2383 rebus
1691 2363 1760 2383 nou
1783 2353 1944 2385 concretis

77 2401 251 2444 usurpari,
280 2408 393 2433 tamen
415 2413 490 2433 cum
513 2413 574 2434 nec
596 2413 658 2444 per
681 2414 715 2434 se
736 2402 913 2445 probabile
934 2401 978 2432 sit
1000 2412 1061 2432 nec
1083 2401 1154 2432 ullo
1177 2401 1370 2433 confirmari
1399 2404 1556 2446 exemplo
1578 2405 1701 2447 possit,
1729 2405 1826 2436 ambo
1850 2405 1945 2437 adie-
