2264 2746
228 78 282 106 248

229 148 275 176 At
298 146 446 186 singulari
465 145 690 185 significatione
708 145 773 172 218.
792 143 837 170 At
854 147 885 170 et
899 142 951 172 Ad
955 142 1128 181 particulae

305 195 466 224 Ciceronis
486 199 584 223 aetate
614 202 676 220 non
699 189 952 219 discernebantur
974 190 1128 230 scriptura

305 246 369 273 218.
390 244 432 274 At
456 249 486 272 et
499 243 540 270 Et
558 243 731 279 permutata
745 247 791 276 91.

231 291 348 320 Atilius
370 291 525 320 Calatinus
555 288 614 316 161.

232 339 343 375 Atina,
362 339 434 366 urbs
453 336 638 364 Uolscorum
656 335 701 365 84.
721 334 754 362 111
769 333 854 362 tribu
869 331 1039 361 Terentina
1060 332 1126 361 suf-

306 385 401 422 fragia
419 383 538 412 ferebat
557 385 602 421 89.
620 392 681 411 122.
702 382 876 412 Atinatium
897 381 1042 409 iuuentus
1065 381 1127 410 105.

233 433 336 460 Attius
356 436 447 470 poeta
470 432 531 469 159.
566 431 743 459 emendatus
762 429 881 460 XXVII
901 438 945 467 sq.
969 430 1021 458 158
1043 438 1088 467 sq.

233 480 402 507 Aue-tiones
421 480 534 508 reicere
556 488 616 507 112.

233 527 350 555 Aac-lor
372 527 434 555 155.

234 574 374 601 Aufidius
397 574 541 610 Orestes,
563 574 637 611 Cn.,
661 573 768 602 consul
785 572 846 602 145.

233 620 295 650 Aut
315 621 468 659 particula
488 622 641 651 interdum
663 622 801 661 ponitur,
822 620 876 649 ubi
891 617 1014 648 notioni
1034 617 1127 646 alicui

305 669 365 696 alia
398 670 486 698 notio
523 670 700 699 distinctior
735 668 934 698 substituitur
971 676 1032 704 197.
1071 671 1128 694 aut

307 717 415 754 glossis
436 718 472 745 ab
493 717 718 757 interpretibus
740 717 944 758 praeponitur
964 714 1038 743 ibid.

232 765 366 793 Auxilia
382 767 575 802 posteritatis
594 768 659 795 228.

653 841 688 869 B.

232 895 375 934 Benigne
385 897 499 935 faeere
518 899 616 927 alicui
637 900 698 929 138.

232 945 410 973 Bimaritus
432 946 494 974 105.

232 992 349 1021 Biuira
372 994 433 1022 105.

234 1040 336 1068 Breui
368 1046 398 1068 et
431 1041 567 1071 breuiter
600 1043 666 1072 235.
705 1041 793 1070 breui
824 1041 981 1078 explicare
1008 1039 1131 1068 Tullia-

308 1097 382 1117 nmu
409 1090 474 1118 235.

644 1141 678 1169 C.

237 1189 358 1217 Caclius
372 1190 482 1218 Caldus
504 1189 535 1216 in
557 1193 719 1226 quaestura
738 1187 892 1226 repulsam
906 1187 980 1215 tulit
995 1193 1041 1216 set
1055 1197 1132 1215 0011-

309 1237 356 1264 5111
376 1237 473 1265 factus
494 1242 539 1264 est
562 1237 621 1265 145.
643 1236 680 1264 de
701 1235 767 1263 eius
788 1235 988 1273 praenomine
1008 1235 1082 1263 ibid.

237 1283 393 1317 Calidius,
415 1284 453 1320 Q
477 1286 538 1313 181.

236 1331 399 1359 Candidati
418 1337 519 1370 togam
542 1337 688 1360 cretatam
709 1330 868 1369 gestabant
888 1339 951 1358 211.

237 1380 350 1416 Capere
371 1384 401 1407 ct
421 1390 538 1408 sumere
559 1391 648 1408 arma
670 1379 822 1418 quomodo
845 1378 986 1406 differant
999 1378 1053 1406 223
1068 1387 1132 1416 sqq.

237 1428 368 1456 Carnem
384 1432 488 1463 petere
508 1427 607 1464 (feriis
627 1426 744 1465 latinis)
765 1435 800 1464 92
821 1435 865 1463 sq.

238 1473 387 1510 Carnifex
407 1473 443 1501 de
463 1473 589 1501 homine
610 1474 777 1501 inhumano
801 1472 862 1502 126.

238 1522 382 1550 Cassinas
403 1525 432 1548 et
451 1521 581 1550 Casinas
601 1530 645 1559 90.

237 1569 358 1597 Cassius
378 1568 540 1605 Longinus
563 1570 624 1606 157.

237 1616 313 1645 Cato
335 1615 509 1651 censorius,
534 1627 591 1654 pro
611 1616 744 1654 maligno
766 1621 796 1645 et
816 1616 923 1646 inuido
944 1616 1067 1646 habitus
1088 1617 1133 1646 85.

309 1663 483 1702 publicanis
504 1663 724 1702 iniquissumus
747 1664 808 1692 116.
830 1665 978 1693 orationis
998 1663 1134 1703 prolixi—

311 1715 374 1739 tate
395 1710 529 1748 inpediit
549 1711 711 1749 quominus
731 1717 853 1740 senatus
875 1713 911 1740 de
926 1712 964 1740 iis
986 1712 1134 1739 decerne-

310 1763 360 1786 ret
382 1759 442 1787 108.
466 1757 527 1785 116.
561 1758 712 1788 iudicium
732 1760 896 1789 Ciceronis
918 1761 955 1789 de
976 1760 1042 1788 eius
1063 1769 1133 1787 ora—

312 1806 406 1834 tionis
428 1815 540 1843 genere
563 1807 624 1834 114.

240 1855 356 1884 Caussa
362 1854 477 1891 facilis
492 1859 520 1881 et
536 1855 693 1891 explic-ata
710 1865 786 1893 quae
809 1855 850 1883 sit
866 1854 911 1883 63.
932 1865 1043 1882 caussa
1056 1864 1133 1892 per-

312 1907 407 1929 acuta
430 1901 490 1929 185.
518 1911 661 1930 caussam
680 1904 714 1930 in
733 1903 822 1931 ludos
841 1904 955 1931 coicere
974 1901 1039 1930 203.

242 1950 385 1977 Censoria
405 1949 454 1977 lex
476 1958 537 1985 117.

243 1995 353 2023 Census
373 2002 509 2034 equester
529 2005 572 2030 71.

243 2041 389 2069 Centurio
404 2046 631 2082 praerogatiua
652 2044 713 2073 142.

244 2088 329 2116 Certe
348 2091 550 2126 praecedente
570 2091 722 2129 particula
734 2091 876 2129 sortasse
895 2092 962 2120 sine
981 2091 1134 2131 particula

317 2136 505 2166 aduersatiua
524 2138 653 2176 ponitur
673 2139 868 2167 XXXVIII.

245 2183 367 2211 Ceteras
386 2189 416 2211 et
435 2186 547 2212 relicus
573 2185 617 2214 62.

245 2229 364 2258 Cicero.
405 2230 508 2258 Rhodi
535 2232 655 2261 audiuit
684 2233 877 2262 clarissumos
906 2233 1048 2263 rhetores
1068 2244 1133 2272 207.

319 2282 461 2316 quaestor
487 2279 547 2308 suit
572 2280 717 2319 Lilybaei
748 2283 806 2318 173.
834 2282 871 2310 de
893 2287 1054 2320 quaestura
1080 2292 1135 2311 sua

319 2324 438 2363 saepius
458 2325 606 2362 gloriatur
628 2337 688 2363 ¹71·
722 2329 884 2358 Uatinium
911 2330 1050 2359 defendit
1071 2331 1133 2360 135.

320 2372 357 2400 de
383 2372 448 2400 cius
475 2372 694 2403 coniunctione
720 2386 789 2404 cum
814 2377 963 2416 Pompeio
988 2387 1041 2407 211
1067 2387 1132 2416 sqq.

1006 68 1300 98 INDEX

1259 140 1466 181 reprehensus
1487 145 1534 169 est
1553 140 1635 179 quod
1654 150 1723 170 cum
1743 141 1873 171 Caesare
1899 142 1934 171 in
1953 144 2081 181 gratiam

1259 188 1392 218 redisset
1410 189 1474 218 232.
1495 188 1561 216 eius
1582 188 1733 217 discessus
1753 200 1769 217 a
1785 188 1892 218 multis
1910 190 2082 228 reprehen-

1260 247 1311 265 sus
1332 239 1395 265 214.
1423 236 1488 264 01115
1509 235 1583 264 libri
1611 237 1648 265 de
1669 237 1829 265 consulatu
1849 246 1905 265 suo
1927 239 1989 276 189.
2016 238 2082 268 eius

1259 284 1385 312 libellus
1407 283 1601 322 deperditus,
1630 294 1648 312 a
1666 283 1831 313 scholiasta
1850 283 1997 312 Ambros.
2016 284 2085 314 lau-

1259 331 1347 359 datus
1366 332 1419 368 195
1433 341 1476 369 sq.
1497 331 1635 359 studiose
1655 337 1790 361 sectatur
1804 331 2013 361 membrorum
2031 342 2084 360 ae—

1259 379 1438 417 qualitatem
1465 379 1498 406 in
1519 383 1608 407 oratt.
1639 379 1699 408 136.
1724 379 1785 408 165.
1808 381 1868 409 182.
1896 379 2007 407 callide
2033 390 2085 409 ar-

1255 431 1400 464 gumenta
1414 425 1662 454 aduersariorum
1679 437 1742 455 non
1757 427 1882 464 refutat,
1898 437 1974 465 quae
1985 428 2087 457 ualida

1265 484 1330 502 esse
1351 473 1454 509 sentit,
1485 478 1531 501 set
1551 472 1640 502 breui
1660 473 1751 501 reicit
1776 474 1836 512 149.
1861 484 1951 513 saepe
1971 475 2016 504 ita
2034 475 2084 504 lo-

1259 521 1366 559 quitur
1393 520 1427 547 in
1454 520 1569 548 caussis
1596 521 1719 558 agendis
1747 531 1780 549 ac
1810 521 1836 549 si
1863 522 1931 560 ipse
1957 527 1989 551 et
2014 533 2087 552 reus

1262 578 1323 596 una
1350 568 1515 606 eademque
1540 578 1674 606 persona
1699 569 1763 597 sint
1789 569 1833 598 64.
1862 569 1922 598 duo
1950 570 2088 600 membra

1262 615 1433 652 coniungit,
1455 626 1586 654 quorum
1606 615 1692 654 prius
1713 616 1896 645 sententiam
1915 617 2090 655 generalem

1261 663 1417 702 posterius
1444 663 1608 701 specialem
1636 663 1776 692 continet
1803 666 1848 693 82.
1873 675 1931 703 qua
1952 671 2018 695 arte
2037 665 2090 694 iu-

1262 711 1364 739 dicum
1384 710 1634 739 beneuolentiam
1663 716 1765 749 captet
1792 711 1837 739 60.
1865 716 1896 739 et
1923 717 2028 742 caueat
2048 710 2104 741 ne*

1261 768 1314 787 eos
1342 758 1474 786 offendat
1504 758 1564 786 126.
1592 759 1743 796 testium,
1771 769 1847 797 quos
1875 759 2088 798 reprehendit,

1260 805 1510 834 beneuolentiam
1532 811 1634 845 captat
1656 807 1717 835 154.
1751 806 1861 834 callide
1887 807 2007 835 senatui
2027 808 2087 837 tri-

1260 853 1345 888 buit,
1380 852 1463 891 quod
1490 857 1612 880 senatus
1641 853 1708 892 ipso
1731 859 1856 882 auctore
1884 853 2000 883 fecerat
2019 855 2087 883 233.

1262 911 1351 939 quain
1379 900 1489 928 callide
1523 900 1630 928 Planci
1662 901 1854 929 tribunatum
1889 901 1994 930 laudet
2025 911 2087 930 loo.

1264 949 1328 977 Cur
1348 948 1382 975 111
1402 953 1491 976 oratt.
1514 948 1617 976 Catill.
1638 948 1743 976 Pison.
1764 953 1795 977 et
1816 948 1942 977 Uerrin.
1969 949 2006 977 de
2027 949 2089 978 Ca-

1263 995 1310 1023 til.
1330 995 1390 1023 Pis.
1412 1000 1442 1023 ct
1462 994 1563 1023 Uerre
1589 996 1683 1024 tertia
1707 1006 1840 1035 persona
1858 1002 1921 1026 tam
1940 997 2088 1036 frequen-

1265 1047 1313 1071 ter
1333 1048 1438 1072 utatur
1461 1044 1520 1071 124.

1192 1091 1334 1129 Cispius,
1353 1092 1413 1126 M,
1433 1091 1577 1119 tribunus
1597 1091 1639 1130 pl.
1664 1101 1725 1130 190.

1192 1139 1279 1167 Ceire
1300 1138 1373 1176 quid
1394 1138 1545 1175 significet
1565 1138 1722 1167 LXXVI.

1189 1186 1289 1213 Coitio
1299 1187 1334 1213 de
1345 1186 1476 1214 ambitus
1485 1185 1546 1213 reis
1557 1186 2089 1226 quidsignificetLXXVsqq.147sq.

1191 1231 1343 1260 Columna
1362 1232 1510 1260 Duiliana
1533 1233 1593 1260 160.

1191 1280 1322 1307 Comitia
1354 1280 1406 1318 qni
1439 1280 1631 1317 magistratus
1665 1279 1832 1309 habuerint
1863 1281 2089 1309 LXXXVIII.

1264 1327 1325 1355 alio
1346 1337 1436 1355 sensu
1458 1327 1603 1355 dicuntur
1623 1327 1763 1365 chffirri,
1790 1328 1850 1356 alio
1866 1327 2008 1366 proferri
2029 1328 2090 1356 140.

1190 1375 1323 1404 Comitia
1363 1377 1513 1404 aedilium
1556 1376 1712 1403 curulium
1753 1379 1893 1413 tempore
1931 1375 2092 1404 Ciceronis

1266 1422 1401 1450 LXXX
1422 1433 1485 1460 sqq.
1508 1427 1597 1450 crant
1617 1422 1737 1451 tributa
1756 1423 1892 1451 LXXX
1911 1433 1974 1461 sqq.
1995 1422 2091 1451 habe—-

1266 1470 1379 1498 bantur
1399 1481 1414 1498 a
1430 1471 1556 1498 consule
1571 1470 1757 1499 LXXXVI
1776 1482 1839 1509 sqq.
1862 1480 1922 1508 quo
1942 1471 2013 1498 loco
2033 1470 2090 1499 ha-

1265 1518 1330 1546 bita
1349 1519 1411 1546 sint
1431 1518 1625 1546 LXXXIX.
1656 1529 1716 1557 quo
1745 1523 1884 1557 tempore
1903 1519 2090 1547 LXXXIX

1267 1577 1310 1605 sq.
1331 1567 1363 1595 in
1384 1566 1422 1594 iis
1443 1566 1556 1594 aediles
1577 1566 1699 1594 curules
1720 1570 1751 1594 et
1769 1566 1887 1604 plebeii
1909 1567 2016 1595 eodem
2037 1567 2087 1596 die

1266 1614 1451 1643 LXXXIII
1471 1624 1534 1652 sqq.
1564 1624 1671 1642 uerum
1699 1623 1763 1641 non
1790 1615 1886 1642 simul
1911 1614 2091 1643 creabantur

1267 1663 1452 1694 LXXXIV
1473 1673 1516 1701 sq.
1546 1672 1606 1700 quo
1628 1671 1720 1690 sensu
1739 1672 1756 1689 a
1776 1661 1927 1690 Cicerone
1947 1662 2089 1691 dicantur

1268 1714 1389 1742 leuiora
1409 1713 1536 1738 comitia
1557 1711 1601 1739 65.

1193 1761 1361 1789 Coneedere
1380 1758 1498 1787 tribum
1519 1769 1541 1786 s.
1562 1757 1734 1787 centuriam
1756 1758 1817 1786 150.

1193 1809 1381 1837 Concurrere
1404 1808 1454 1844 198
1475 1817 1518 1844 sq.

1192 1855 1325 1890 coneus,
1353 1864 1466 1882 nomen
1497 1853 1632 1882 hominis
1662 1863 1679 1881 a
1701 1853 1789 1881 nullo
1811 1851 1962 1892 scriptore
1974 1851 2088 1881 Latino

1263 1907 1443 1940 usurpatum
1463 1901 1515 1930 156
1531 1912 1574 1940 sq.

1191 1950 1337 1987 Conferre
1360 1950 1472 1987 pedem
1492 1950 1560 1988 quis
1581 1949 1701 1978 dicatur
1723 1950 1784 1988 139.

1192 1998 1347 2034 Confi'eere
1367 1997 1570 2034 (conciliare)
1591 1999 1689 2025 alicui
1708 1996 1833 2035 aliquid
1851 1995 1911 2024 136.

1191 2046 1418 2084 congratulari
1437 2046 1558 2084 saepius
1585 2056 1602 2073 a
1621 2044 1757 2072 librariis
1775 2042 1912 2081 positum
1931 2052 1988 2082 pro
2007 2053 2087 2082 gra·

1265 2094 1365 2121 talari
1383 2093 1460 2121 XX.
1484 2094 1545 2129 173.

1192 2141 1353 2169 coniectas
1373 2142 1531 2169 oculorum
1555 2141 1600 2177 89.

1193 2188 1396 2217 Coniunctiui
1415 2188 1594 2227 potentialis
1614 2185 1777 2223 singularis
1798 2195 1868 2214 usus
1891 2187 1952 2215 124.

1192 2236 1337 2273 Conlegia
1356 2237 1529 2264 iuuentutis
1541 2245 1602 2272 per
1620 2234 1793 2270 municipia
1816 2233 1878 2261 105.

1194 2282 1361 2311 Conmunis
1379 2293 1485 2311 sensus
1507 2291 1567 2318 109.

1190 2330 1377 2367 Conparare,
1398 2338 1474 2368 qnae
1492 2327 1663 2356 necessaria
1673 2331 1744 2355 sunt
1758 2337 1866 2365 parare
1880 2327 1940 2356 141.
1960 2327 2084 2366 Conpu-

1263 2387 1334 2406 rare
1349 2376 1546 2405 coniunctum
1567 2385 1636 2404 cum
1651 2375 1808 2404 infinitiuo
1824 2373 1871 2413 (ut
1874 2374 2004 2415 parare)
2017 2376 2086 2413 245.-
