2264 2746
859 114 896 142 L.
918 114 958 142 11.
998 115 1031 144 e.
1058 114 1081 142 1.
1122 114 1149 155 35.
1182 123 1223 143 12.
1856 114 1968 141 xmx

102 190 187 218 Nam
207 191 289 228 quod
307 196 335 219 tv
361 192 395 218 iu
420 201 452 218 re
476 189 603 227 publiea
630 188 759 217 liberum
789 199 819 217 es
843 189 1012 226 gloriatus.
1050 189 1190 218 Minnnie
1210 194 1310 217 antem
1331 189 1460 218 uerbum
1482 199 1542 218 esse
1563 188 1598 216 ad
1619 188 1785 216 locutionis
1808 188 1966 224 intigrita-

102 243 162 266 teni
189 238 323 276 requiri,
351 248 390 266 ex
418 237 567 265 eiusmodi
595 236 672 264 locis
698 240 800 274 patet,
828 237 926 273 qualis
948 237 1039 265 Xlss.
1060 237 1198 275 Philipp.
1219 237 1321 272 XIX,
1348 238 1393 265 40.
1414 242 1477 266 est:
1504 239 1558 276 qui
1585 247 1680 274 usque
1701 248 1732 264 eo
1744 236 1830 272 felix
1851 243 1910 271 est,
1932 243 1965 264 nl

100 285 195 313 isdem
215 287 403 314 ornamentis
423 286 574 322 deceperit
594 294 664 317 uos,
684 284 795 321 quibus
817 285 974 322 (temptum
995 287 1156 314 Caesarem
1173 285 1330 322 gloriatus
1352 292 1403 314 est.

174 333 264 361 Alter
291 334 393 369 locus,
420 333 452 361 in
480 343 539 371 quo
566 342 629 359 non
655 331 755 359 minus
783 341 857 369 uaga
885 332 1052 361 uerborum
1078 332 1165 361 sedes
1195 332 1446 371 interpolationis
1473 332 1679 372 suspicionem
1707 335 1825 365 mouet,
1852 329 1964 366 legitur

100 380 134 408 C.
155 380 267 409 XXV.
286 379 313 420 §.
335 381 378 409 62.
400 386 430 408 et
449 380 482 408 in
502 380 527 408 Β
548 384 579 407 et
597 379 625 406 E
645 378 689 407 sic
709 379 844 417 scriptus
865 384 965 408 extat:

175 438 290 473 Quodsi
315 444 480 476 praeterea
512 447 599 466 nemo
632 443 692 466 est
725 437 867 466 honore
902 439 1033 475 (lignus,
1061 437 1213 475 quidnam
1246 443 1289 465 tot
1317 438 1450 474 optumis
1478 444 1506 465 et
1526 438 1747 467 'ornatis-sumis
1774 436 1893 465 ciuibus
1921 442 1963 463 est

89 486 268 523 futurum?

172 545 222 572 Sic
244 545 338 581 igitur
358 545 382 572 B
403 549 434 573 et
454 544 497 581 E,
525 544 659 573 familiae
686 543 798 572 tertiae
824 543 944 572 codices
972 544 1013 571 ita
1033 542 1115 570 inter
1135 552 1166 569 se
1188 540 1392 576 dissentiunt,
1429 546 1462 570 ut
1481 551 1537 579 pro
1560 543 1662 571 uerbis
1683 554 1768 572 nemo
1790 548 1832 570 est
1852 542 1963 569 honore

97 593 212 631 dignus
230 594 298 628 Mc,
318 593 379 629 La,
399 598 429 620 et
450 597 476 629 ψ
496 592 609 620 honore
629 593 742 629 (lignus
762 603 847 620 nenio
868 598 927 624 est,
948 592 997 619 Lb
1018 590 1131 618 honore
1151 599 1237 617 nemo
1257 590 1373 625 (lignus
1393 595 1454 620 est,
1475 588 1536 623 Pb,
1557 590 1616 624 Pc,
1635 591 1682 626 D,
1704 590 1744 626 C,
1765 599 1799 625 ς,
1819 599 1838 627 χ
1854 600 1875 623 1,
1896 594 1926 617 ct
1946 590 1963 617 3

95 641 208 669 honore
234 641 362 678 dignus,
391 640 505 678 reliqui
525 641 638 669 lzonore
658 640 772 677 <lignus
793 650 878 667 nemo
899 639 1043 667 scribant.
1085 637 1147 664 Iam
1169 637 1236 674 quis
1257 636 1316 663 sibi
1337 635 1533 674 persuadeat,
1562 636 1668 665 miram
1690 638 1765 665 hanc
1794 637 1963 665 lectionum

96 688 316 724 diuersitatem,
338 688 362 716 si
383 688 446 716 ulla
466 687 584 723 liarnm,
605 699 678 726 quas
694 687 930 722 conmemorani,
951 686 983 714 in
1004 684 1110 713 codice
1133 684 1276 723 principe
1298 683 1462 718 extitisset,
1483 682 1559 711 oriri
1580 685 1736 721 potuisse?
1758 685 1866 723 Neque
1886 694 1962 712 uero

94 737 194 765 solum
214 737 343 766 uerbum
365 743 408 765 esc
429 737 464 764 ab
486 737 657 775 interprete
677 735 828 763 adiectum
855 739 948 772 puto,
982 743 1042 770 quo
1063 742 1124 759 uno
1145 731 1355 770 superscripto
1376 741 1438 759 non
1459 736 1602 770 poterant
1622 737 1723 760 tantae
1743 733 1872 761 excitari
1895 738 1963 760 tur-

94 789 167 822 bae,
195 791 256 821 set,
284 790 317 813 nt
337 784 438 812 statim
460 784 556 812 dicam
577 783 657 822 qnod
677 782 793 817 sentio,
828 791 940 809 nomen
967 780 1059 808 etiam
1087 779 1200 807 honore
1221 779 1401 817 interpretis
1421 779 1660 808 additamentum
1683 781 1784 808 eredo.
1823 780 1915 816 Quod
1935 779 1962 807 si

93 834 271 869 statuimus,
290 832 322 860 id
343 832 423 870 quod
444 842 498 868 ego
519 841 627 859 reuera
647 831 759 858 sactum
778 834 856 868 puto
877 838 957 864 esse,
985 838 1078 866 super
1098 838 1184 856 nemo
1205 828 1241 855 ab
1263 827 1451 866 interprete,
1477 828 1607 856 uerbum
1627 828 1739 865 dignus
1760 828 1961 866 explicatur-o,

93 884 229 923 positum
249 881 344 910 fuisse
363 880 396 907 in
417 879 522 907 codice
541 877 700 916 principe,
728 877 827 905 omnis
857 877 1028 905 lectionum
1049 875 1211 904 diuersitas
1232 875 1314 903 unde
1344 880 1412 904 orta
1437 875 1492 911 sit,
1526 880 1620 914 patet.
1661 875 1739 903 Nam
1761 875 1786 903 is
1807 875 1960 909 librarius,

93 932 147 970 qui
167 929 304 959 codicem
323 926 462 965 scripsit,
489 936 527 953 ex
548 935 607 963 quo
628 925 653 952 B
674 928 706 952 et
724 924 750 952 E
772 929 843 952 sunt
870 925 947 960 orti,
974 924 1007 952 id
1027 923 1110 962 quod
1136 923 1251 961 ubique
1272 923 1363 959 fecit,
1391 922 1443 952 hic
1471 933 1593 962 quoque
1620 927 1650 951 et
1673 923 1833 960 genuinam
1854 932 1961 950 uocem

93 985 125 1007 et
144 979 271 1016 glossam
290 974 424 1013 recepit,
459 977 566 1001 contra
596 972 666 1008 ille,
699 982 716 1000 a
736 982 795 1010 quo
816 972 950 1011 scriptus
971 972 1070 1000 codex
1090 976 1152 1006 est,
1187 971 1240 1009 qui
1260 971 1329 999 sam.
1349 971 1460 1000 tertiae
1480 971 1632 1000 librorum
1652 971 1721 999 fons
1742 970 1858 1005 extitit,
1879 970 1961 1008 glos-

92 1037 154 1056 sam
174 1029 290 1054 tantum
309 1022 423 1050 honore
443 1020 530 1049 Tulli
551 1019 653 1048 uerbis
674 1019 798 1055 intulit,
836 1020 999 1058 genuinam
1019 1029 1127 1048 uocem
1148 1029 1234 1047 nemo
1254 1018 1408 1047 omittens.
1447 1019 1533 1048 Hinc
1554 1024 1621 1048 orta
1644 1019 1844 1057 seripturast,
1873 1027 1961 1055 quani

91 1075 125 1103 in
145 1073 261 1110 aliquot
280 1070 349 1099 fam.
369 1068 479 1097 tertiae
499 1067 657 1096 codicibus
677 1067 818 1096 uidemus
839 1078 905 1096 esse
925 1068 1037 1097 lzonore
1059 1068 1194 1105 dignus,
1220 1065 1293 1094 hinc
1314 1071 1416 1105 patet,
1443 1067 1497 1105 qui
1515 1068 1630 1096 factum
1649 1067 1705 1102 sit,
1726 1072 1760 1095 ut
1780 1066 1812 1094 in
1832 1066 1960 1104 reliquis

91 1121 182 1150 etiam
202 1117 360 1147 codicibus
380 1115 465 1145 uocis
486 1126 572 1144 nemo
591 1115 678 1144 sedes
698 1126 771 1154 uaga
791 1117 846 1153 sit3
867 1116 941 1145 hinc
961 1115 1095 1154 denique
1116 1113 1318 1152 intellegitur,
1339 1124 1394 1142 cur
1413 1124 1476 1143 uno
1497 1115 1666 1153 eodemque
1682 1115 1790 1143 ordine
1806 1114 1839 1142 in
1859 1114 1959 1142 omni-

88 1169 146 1197 bus
167 1165 324 1195 codicibus
344 1164 439 1193 uerba
458 1163 572 1192 honore
592 1164 705 1202 (lignus
725 1175 756 1192 se
777 1165 951 1203 excipiant,
977 1164 1051 1192 licet
1072 1163 1104 1191 in
1126 1162 1306 1201 quibusdam
1326 1162 1512 1201 interposito
1533 1163 1595 1191 alio
1617 1163 1712 1191 uerbo
1733 1173 1750 1191 a
1770 1173 1802 1190 se
1822 1162 1960 1191 seiuncta

88 1216 159 1245 siut.
198 1214 309 1251 Neque
329 1212 411 1240 enim
431 1211 603 1247 dubiumst,
623 1212 696 1249 quin
717 1223 781 1241 uox
801 1214 933 1250 genuina
953 1224 1039 1241 nemo
1059 1212 1091 1240 in
1111 1222 1163 1239 eos
1184 1212 1253 1240 fam.
1275 1210 1386 1239 tertiae
1405 1210 1537 1246 codices,
1558 1211 1610 1249 qui
1631 1211 1755 1247 habent,
1776 1221 1838 1238 non
1859 1215 1959 1239 trans-

87 1263 148 1292 lata
167 1271 205 1290 ex
226 1260 331 1289 codiee
351 1259 511 1298 principe,
537 1264 582 1287 set
609 1259 712 1288 addita
737 1260 773 1288 ab
800 1260 972 1299 interprete
992 1260 1048 1295 sit,
1076 1259 1148 1297 qui,
1179 1258 1261 1297 quod
1288 1268 1378 1286 nemo
1398 1268 1462 1287 non
1483 1258 1615 1287 debebat
1634 1259 1895 1293 animaduertere,
1921 1257 1959 1285 ad

86 1320 209 1340 sensum
236 1319 301 1337 eam
320 1307 521 1336 neeessariam
551 1317 616 1335 esse
643 1307 733 1336 uidit.
771 1308 851 1336 Nam
878 1309 904 1336 si
934 1309 970 1336 ab
992 1318 1028 1335 eo
1058 1306 1203 1342 librario,
1232 1306 1284 1344 qui
1313 1306 1428 1335 librum
1448 1306 1590 1345 scripsit,
1619 1316 1658 1335 ex
1679 1318 1738 1345 quo
1759 1307 1828 1334 fam.
1850 1305 1958 1334 tertiae

86 1358 207 1387 codices
229 1356 378 1393 originem
399 1355 572 1390 duxerunt,
592 1355 749 1394 adsumpta
769 1366 808 1385 ex
829 1356 935 1385 codice
955 1355 1099 1395 principe
1120 1360 1210 1390 esset,
1230 1364 1357 1393 prorsus
1377 1354 1541 1383 obscurum
1562 1359 1650 1391 esset,
1671 1355 1723 1393 qui
1744 1355 1776 1383 in
1797 1365 1860 1382 non
1879 1364 1956 1392 pau-

87 1407 130 1435 cis
150 1407 220 1435 fam.
239 1404 349 1433 tertiae
370 1402 527 1431 codicibus
547 1402 648 1430 omitti
669 1403 831 1441 potuisset.
871 1404 942 1432 Pari
962 1404 1053 1432 inodo
1075 1409 1119 1431 est
1140 1403 1252 1442 copula
1270 1402 1407 1431 minume
1426 1413 1483 1441 per
1503 1403 1593 1431 illum
1609 1403 1770 1431 librarium
1791 1413 1830 1430 cx
1851 1401 1956 1430 codice

86 1454 229 1494 principe
246 1453 278 1480 in
299 1451 443 1490 quosdam
464 1451 533 1478 fain.
553 1450 664 1478 tertiae
685 1452 807 1480 codices
823 1452 967 1480 transisse
988 1452 1161 1491 putandast.
1192 1450 1285 1486 Quod
1308 1451 1471 1488 quominus
1491 1456 1674 1486 statuamus,
1695 1461 1757 1479 non
1777 1450 1875 1478 solum
1896 1449 1954 1477 hoe

85 1502 336 1541 inpedimentost,
358 1499 440 1538 quod
454 1497 638 1537 paucissumi
654 1498 790 1527 familiae
804 1500 889 1528 illius
906 1501 1027 1529 codices
1043 1499 1184 1539 copulam
1200 1499 1398 1537 adgnoscunt,
1419 1509 1527 1528 uerum
1548 1500 1620 1527 illut
1635 1499 1735 1533 etiam,
1757 1497 1837 1536 quod
1853 1497 1876 1524 ii
1894 1496 1955 1534 ipsi

85 1550 172 1580 uarie
191 1549 362 1578 conlocant.
401 1547 503 1584 Quid,
523 1545 605 1584 quod
624 1546 693 1581 Mc,
720 1547 772 1584 qui
794 1557 863 1576 cum
883 1548 929 1576 La
949 1553 980 1576 et
999 1552 1026 1583 ψ
1049 1548 1161 1576 honore
1182 1548 1298 1585 (lignus
1322 1557 1409 1575 nemo
1429 1553 1472 1575 ast
1491 1547 1616 1584 scribit,
1638 1556 1821 1586 proxununn
1842 1553 1954 1572 nomen

85 1597 236 1636 quidnam
256 1595 393 1623 omittit?
413 1594 504 1622 Unde
525 1593 599 1631 quid
619 1593 733 1622 certius
755 1595 1006 1634 conligispotcst,
1037 1606 1126 1634 quam
1147 1605 1241 1633 super
1261 1595 1412 1633 quidnam
1433 1605 1501 1623 cum
1522 1600 1603 1624 esset
1622 1595 1654 1623 in
1675 1595 1778 1632 aliquo
1799 1594 1867 1621 fain.
1888 1597 1953 1619 ter-

84 1645 145 1674 tiae
166 1643 272 1672 codice
291 1643 405 1681 posita,
426 1652 515 1680 quem
535 1643 587 1670 Mc
608 1641 790 1681 descripsit,
820 1643 935 1671 factum
956 1653 1039 1679 esse,
1060 1649 1110 1679 ut,
1139 1643 1171 1671 id
1191 1643 1273 1681 quod
1293 1643 1468 1671 sexcenties
1488 1643 1619 1679 sactum,
1647 1653 1704 1681 pro
1725 1641 1855 1680 genuina
1875 1649 1952 1668 uoce

84 1693 183 1731 glossa
202 1690 417 1728 reciperetur?
437 1690 543 1728 Itaque
563 1700 617 1727 ego
638 1700 700 1718 non
722 1690 877 1726 dubitaui,
898 1692 992 1719 uerba
1013 1697 1057 1720 est
1077 1692 1191 1720 honore
1212 1691 1323 1719 eicere.
1362 1691 1473 1729 Neque
1493 1702 1568 1720 uero
1589 1690 1801 1723 uerendumst,
1829 1694 1863 1716 ut
1884 1687 1952 1716 cui-

83 1750 172 1779 quam
193 1739 308 1776 <lignus
327 1737 413 1765 nullo
433 1737 535 1765 addito
556 1737 691 1766 ablatiuo
711 1747 774 1766 non
800 1743 884 1766 reete
913 1739 1029 1768 dictum
1056 1740 1206 1768 uideatur.
1245 1739 1438 1768 Praecedunt
1464 1739 1547 1768 enim
1568 1747 1719 1778 proxume
1739 1736 1812 1764 hace
1840 1736 1951 1764 uerba:

82 1790 128 1816 sie
143 1787 278 1825 populus
297 1786 455 1813 Romanus
475 1785 585 1823 deligit
605 1787 826 1823 magistratus,
860 1789 951 1825 quasi
970 1789 1016 1815 rei
1031 1787 1178 1825 publicae
1198 1789 1324 1822 uilicus,
1354 1789 1387 1815 in
1407 1787 1519 1825 quibus
1537 1789 1565 1815 si
1584 1796 1661 1825 (luae
1676 1788 1870 1822 praetereast
1889 1792 1951 1816 ars,

74 1836 177 1875 facile
195 1835 331 1871 patitur,
350 1835 401 1861 sin
420 1835 536 1869 minus,
558 1835 674 1861 uirtute
693 1843 796 1861 eorum
816 1839 846 1861 et
865 1835 1043 1863 innocentia
1063 1841 1224 1863 contentus
1244 1841 1307 1863 est:
1327 1841 1436 1873 quotus
1456 1838 1538 1864 enim
1558 1837 1684 1872 quisque
1704 1833 1853 1867 disertus,
1874 1839 1950 1867 quo—

82 1890 133 1912 tus
152 1885 280 1921 quisque
299 1882 378 1908 iuris
393 1883 516 1917 peritus
536 1886 597 1916 est,
628 1887 662 1908 ut
682 1891 730 1909 eos
750 1892 905 1915 numeres,
925 1884 980 1920 qui
999 1883 1107 1910 uolunt
1128 1883 1214 1911 esse?
1242 1883 1329 1920 Quae
1351 1893 1419 1910 cum
1439 1882 1639 1921 praecedant,
1659 1883 1844 1918 apel-tumst,
1863 1882 1949 1905 rccte

81 1931 180 1959 solum
200 1938 312 1958 nomen
334 1928 449 1966 (lignus
468 1938 533 1956 esse
553 1928 704 1966 positum,
726 1929 767 1957 ita
787 1934 822 1957 ut
842 1929 1047 1967 supplendum
1068 1931 1125 1966 sit,
1153 1933 1208 1969 qui
1227 1942 1247 1959 a
1261 1932 1376 1969 populo
1396 1932 1435 1958 R.
1456 1932 1658 1967 magistratus
1678 1927 1843 1964 deligatur.
1883 1924 1946 1952 Csr.

82 1979 173 2007 etiam
194 1977 317 2005 Sallust.
337 1976 372 2004 B.
394 1976 459 2004 Cat.
481 1976 514 2004 C.
532 1975 586 2003 LI.
624 1976 677 2004 Set
696 1975 750 2004 ubi
768 1978 923 2013 inperium
942 1978 985 2006 ad
1003 1981 1132 2016 ignaros
1152 1981 1240 2016 ciuis,
1261 1986 1318 2007 aut
1338 1980 1439 2006 minus
1459 1977 1550 2006 bonos
1565 1977 1725 2015 peruenit,
1745 1983 1855 2001 nouom
1875 1973 1948 2000 illut

81 2025 251 2063 exemplum
271 2023 310 2052 ab
330 2024 436 2061 (lignis
462 2029 490 2052 et
510 2024 626 2052 idoneis
646 2023 690 2050 acl
707 2023 852 2060 indignos
871 2030 900 2052 et
919 2027 1022 2053 minus
1042 2026 1166 2054 idoneos
1186 2026 1387 2063 transfertur.

155 2073 341 2110 Ambiguum
361 2076 472 2108 autem,
493 2081 568 2110 quae
590 2071 677 2099 Tulli
697 2080 803 2098 manus
822 2071 927 2107 fuerit,
946 2081 1013 2100 mea
1032 2073 1186 2102 sententia
1205 2079 1236 2102 et
1256 2078 1301 2101 cst
1322 2077 1352 2101 et
1371 2072 1432 2101 crit
1452 2072 1486 2101 C.
1507 2071 1633 2101 XXIII.
1655 2070 1682 2111 §
1704 2070 1758 2106 56„
1780 2069 1832 2097 ubi
1853 2068 1943 2106 uolgo

80 2121 125 2150 sic
144 2120 305 2149 scribitur:

155 2177 342 2216 Quibuscum
362 2188 425 2214 me,
445 2178 579 2213 iudices,
596 2182 790 2216 pugnantem
809 2187 888 2205 meo
907 2188 1009 2208 more
1022 2180 1210 2216 pristino
1233 2188 1293 2206 non
1314 2178 1466 2207 uidebitis.

153 2236 275 2265 Nititur
300 2235 376 2265 haec
402 2237 555 2275 scriptura
581 2236 796 2274 plui-umorum
821 2236 891 2264 sam.
926 2237 1038 2265 tertiae
1065 2238 1205 2266 codicum
1241 2237 1440 2273 auctoritate;
1473 2246 1541 2266 nam
1569 2236 1629 2265 duo
1658 2241 1777 2265 tantum
1805 2233 1941 2262 ciusdem

80 2284 222 2320 familiae,
240 2285 293 2312 Ma
313 2289 343 2312 et
362 2284 418 2320 Le,
438 2294 495 2323 pro
517 2294 579 2312 meo
599 2294 681 2312 more
696 2286 833 2321 pristino
854 2284 994 2313 scribunt
1014 2295 1077 2314 meo
1091 2287 1230 2323 pristino
1254 2294 1353 2319 more;
1373 2289 1477 2313 contra
1498 2285 1523 2313 Β
1544 2290 1575 2314 et
1594 2286 1620 2313 E
1642 2284 1757 2313 habent
1776 2294 1857 2311 more
1877 2292 1940 2309 meo

75 2333 229 2370 pristino,
256 2341 344 2369 quem
366 2331 504 2360 ordinem
525 2342 580 2370 ego
601 2331 726 2367 admisi,
755 2337 951 2370 optumoruin
978 2333 1129 2362 librorum
1156 2332 1369 2361 auctoritatem
1395 2333 1580 2371 sequendam
1607 2332 1781 2361 arbitratus.
1822 2329 1940 2357 serum

80 2378 186 2418 quaeri
213 2383 328 2416 potest,
354 2389 427 2408 num
453 2391 517 2408 meo
543 2390 714 2418 pronomen
741 2390 756 2408 a
779 2380 886 2409 Tullio
913 2381 953 2410 sit
979 2382 1171 2420 profectum,
1202 2380 1285 2419 quod
1311 2385 1342 2409 et
1369 2381 1472 2410 abesse
1498 2381 1581 2410 salua
1607 2379 1759 2409 sententia
1784 2378 1882 2417 possit
1909 2381 1941 2404 et

77 2437 181 2466 uagam
201 2426 235 2454 iu
255 2426 409 2456 codicibus
428 2427 530 2456 sedem
550 2426 668 2456 habeat.
