2264 2746
246 93 300 121 220
894 79 1460 110 COMMENTARIUS.

243 164 318 206 ipso
342 160 505 194 Cicerone
526 156 642 189 adtulit
664 154 847 187 Manutius.
871 154 1132 185 GARATONIUS.
1177 153 1275 186 Nihil
1298 153 1491 197 peruersius
1514 160 1578 194 est,
1614 165 1715 196 quam
1743 165 1782 185 ea
1803 155 1844 186 ab
1869 155 2111 201 interpretibus

245 214 359 247 addita
381 218 518 256 putare,
543 220 626 251 quae
649 219 714 248 quo
739 218 837 238 sensu
858 206 926 238 sint
948 205 1035 237 dicta
1056 218 1124 237 non
1148 206 1351 248 adsequaris.
1395 206 1570 238 Eiusmodi
1592 213 1642 238 est
1663 217 1790 238 nomen
1812 206 2000 248 Catilinae,
2024 210 2112 253 quod

246 266 374 300 nemini
398 260 572 305 interpreti
594 258 715 290 addere
737 258 773 289 in
796 265 945 290 mentem
966 265 1100 301 poterat
1126 259 1256 290 uenire.
1301 258 1492 301 Speciosior
1514 258 1586 290 eius
1608 259 1798 290 coniectura
1821 266 1922 299 esset,
1956 261 2014 302 qui
2038 274 2117 294 con-

249 321 306 353 sul
328 317 503 350 delendum
526 318 668 355 putaret.
713 312 769 343 Set
797 322 860 342 nec
885 311 949 343 hoc
972 311 1076 342 uerbo
1099 311 1209 343 ullum
1230 311 1336 354 magis
1359 311 1586 353 genuinumst.
1630 312 1774 355 Egregia
1803 312 1894 343 enim
1917 312 2025 344 tribus
2049 313 2117 346 illis

248 372 358 405 uerbis
382 369 527 402 saltator
549 366 721 398 Catilinae
744 365 864 397 consul
888 364 1079 395 continetur
1103 363 1281 404 acerbitas,
1315 375 1401 406 quae
1422 376 1491 395 uno
1512 371 1641 396 remoto
1664 366 1886 397 uehementer
1910 365 2117 397 debilitatur.

247 425 361 456 Primo
392 419 495 451 uerbo
532 418 711 450 saltatoris
747 417 876 449 insania
912 417 1057 448 obicitur
1088 417 1254 456 Gabini03
1299 416 1358 448 cfr.
1396 428 1458 459 pro
1486 417 1578 448 Mur.
1609 417 1647 448 C.
1678 418 1741 450 VI.
1772 419 1802 460 §.
1835 419 1884 451 15.
1914 429 1981 449 non
2009 416 2120 457 debes,

250 478 300 510 M.
322 476 422 511 Cato,
443 488 488 495 --
518 477 642 503 temere
669 471 840 502 consulem
857 471 983 514 populi
1004 471 1157 503 Romani
1185 471 1387 503 saltatorem
1409 481 1544 502 uocare.
1618 470 1704 502 ‘emo
1727 472 1819 504 enim
1832 471 1915 515 fere
1936 470 2044 502 saltat
2066 482 2122 501 so—

247 530 359 565 brius,
383 525 453 557 nisi
467 523 567 567 forte
590 524 732 555 insanit.
777 523 930 554 Secundo
954 524 1060 554 uerbo
1083 523 1257 557 Catilinae
1278 521 1407 554 famosa
1428 521 1627 564 inpudicitia
1650 523 1681 554 ei
1704 524 1866 562 obicitur,
1899 521 2122 565 quemadmo-

249 581 327 612 dum
357 577 438 609 alibi
461 577 518 608 uir
546 575 664 607 (licitur
687 576 859 608 Catilinae
886 575 1000 607 fuisse.
1045 576 1150 618 quue
1173 576 1260 608 uidit
1290 576 1357 608 iam
1379 575 1546 618 interpres
1569 575 1831 616 Ambrosianus,
1867 588 1911 608 ex
1932 586 1998 617 quo
2022 575 2122 606 illum

249 633 346 664 etiam
369 630 404 662 in
427 641 486 661 suo
513 628 757 670 antiquissumo
791 629 901 660 codice
924 628 1096 661 Catilinae
1125 640 1249 660 nomen
1273 628 1435 671 scriptum
1458 627 1648 670 repperisse
1670 628 1889 671 intellegitur.
1934 628 2028 659 Haec
2053 626 2120 659 duo

246 683 372 726 flagitia
401 682 461 714 etsi
488 681 524 712 in
547 681 702 714 omnibus
734 683 871 714 omnino
895 681 1025 712 ciuibus
1049 681 1212 712 Romanis
1235 682 1509 725 reprehendenda
1531 687 1643 718 erant,
1680 687 1795 712 tamen
1822 681 2063 723 iudignissume
2084 680 2122 712 in

248 736 385 768 consule
408 740 503 766 erant
523 733 676 774 ferenda,
699 735 842 776 ideoque
865 733 972 765 addito
996 734 1146 766 consulis
1170 734 1309 766 nomine
1332 735 1473 767 crimina
1495 733 1547 764 illi
1571 733 1697 765 obiecta
1720 734 1825 776 magis
1849 735 1948 766 etiam
1973 733 2120 765 detesta-

247 789 328 821 bilia
353 793 526 831 apparent.
571 788 675 819 Plane
705 788 824 819 similis
852 792 902 818 est
929 786 1022 817 locus
1044 785 1080 816 in
1104 798 1154 817 or.
1178 787 1245 819 Pis.
1272 788 1311 823 C.
1333 787 1397 820 [X.
1427 787 1456 829 ἕ.
1483 798 1533 820 20.
1562 799 1608 820 an
1631 800 1707 821 cum
1729 788 1840 820 altero
1862 786 2008 820 barbaro
2029 787 2120 830 Epi-

249 855 353 881 curo,
379 854 456 874 cum
479 841 589 874 altero
612 841 783 876 Catilinae
805 839 1020 873 lanternario
1043 839 1205 872 consule?

989 928 1017 961 C
1044 926 1076 961 A
1102 928 1150 961 P.
1200 927 1378 963 XXXVI.

336 1001 557 1045 Numquam,
598 1014 662 1046 quo
695 1001 799 1033 ceteri
828 1012 929 1044 saepe
956 998 1200 1038 abundarunt,
1242 1001 1282 1032 id
1302 1002 1390 1033 mihi
1417 1002 1486 1045 ipsi
1508 1002 1682 1034 auxilium
1708 1014 1820 1034 meam
1842 1000 2023 1045 defuisset)
2066 1000 2123 1032 Ex

248 1054 322 1087 Erf.
344 1054 498 1085 additum
524 1067 623 1098 saepe
652 1061 763 1085 tuetur
786 1053 887 1084 Bau..
933 1052 986 1083 Sic
1009 1052 1045 1082 in
1068 1052 1133 1083 Pis.
1167 1053 1204 1084 C.
1228 1053 1291 1084 IX.
1324 1054 1436 1093 Quasi
1465 1067 1547 1087 uero
1577 1067 1644 1086 non
1672 1056 1771 1086 modo
1801 1066 1883 1097 ego,
1915 1055 1975 1098 qui
2003 1054 2124 1086 multis

250 1120 350 1151 saepe
373 1108 507 1139 anxilio
520 1106 694 1150 fuissem,
724 1113 802 1138 etc..
845 1105 977 1137 Deinde
999 1105 1089 1136 idem
1112 1116 1187 1136 cum
1210 1105 1284 1136 aliis
1307 1107 1424 1138 multis
1450 1108 1582 1151 ipsum.-
1614 1107 1648 1138 h.
1673 1118 1701 1138 e.
1724 1119 1913 1151 numquam
1935 1107 1974 1139 id
1995 1107 2122 1150 ipsum,

251 1173 316 1204 quo
340 1161 444 1191 ceteri
464 1172 564 1202 saepe
586 1159 825 1197 abundarunt,
857 1159 944 1190 mila·
961 1158 1134 1189 auxilium
1159 1170 1270 1189 meum
1292 1158 1471 1202 defuisset.
1516 1160 1566 1191 Ita
1587 1170 1689 1201 supra
1715 1160 1753 1190 C.
1776 1160 1969 1191 XXXIII-2
2004 1171 2123 1203 meque

249 1214 285 1245 in
304 1225 340 1244 eo
355 1213 440 1255 ipsa,
464 1213 500 1243 in
524 1224 589 1255 quo
612 1211 702 1243 nihil
718 1216 833 1254 potest
856 1222 926 1242 esse
948 1211 1095 1242 nimium
1114 1226 1156 1234 -
1178 1211 1325 1242 nimium
1344 1218 1489 1253 gratum
1512 1224 1582 1244 esse
1605 1212 1795 1245 concedam.
1840 1213 1898 1243 Set
1913 1212 2001 1244 nihil
2014 1218 2122 1244 muto.

250 1266 357 1296 Porro
382 1263 442 1294 ΙΙΙ.
467 1263 509 1294 ad
531 1264 605 1295 Att.
633 1264 680 1294 15.
704 1264 760 1295 hic
781 1264 869 1295 mibi
890 1264 1073 1295 consilium
1097 1275 1207 1294 meum
1232 1262 1365 1305 deficit,
1394 1270 1444 1295 set
1466 1265 1571 1296 etiam
1593 1263 1727 1306 obfuit3
1764 1272 1794 1296 et
1818 1266 1920 1308 paulo
1946 1271 2040 1305 ante,
2071 1277 2124 1297 me

249 1329 436 1361 numquam
465 1328 551 1348 esses
573 1328 717 1359 passus,
748 1328 813 1359 qno
833 1322 871 1348 tu
894 1316 1111 1353 abundabas,
1142 1327 1241 1358 egere
1264 1316 1424 1354 consilio,
1459 1315 1594 1353 deinde,
1629 1316 1752 1358 quodsi
1771 1329 1837 1349 non
1861 1319 1958 1350 modo
1982 1324 2039 1356 tu,
2071 1325 2122 1351 set

249 1371 431 1413 quisquam
444 1368 594 1412 ficisset,
634 1369 693 1411 qui
716 1381 768 1400 me
791 1370 938 1413 Pompei
960 1371 1075 1401 minus
1104 1368 1243 1400 liberali
1266 1380 1425 1412 responso
1443 1369 1673 1412 perterritum
1700 1381 1722 1400 a
1745 1371 1956 1413 turpissumo
1980 1371 2122 1403 consilio

251 1428 447 1460 reuocaret,
471 1422 562 1465 quod
584 1434 673 1453 unus
698 1427 735 1452 ta
749 1420 873 1464 facere
896 1434 1055 1454 maxume
1072 1422 1236 1465 potuisti,
1257 1427 1320 1454 aut
1343 1421 1573 1454 occubuissem
1595 1422 1744 1460 honeste,
1767 1427 1830 1453 aut
1853 1423 2000 1456 uictores
2023 1425 2124 1456 hodie

251 1477 458 1508 uiueremas.
502 1474 596 1505 Haec
622 1474 657 1504 iu
681 1473 784 1505 exilio
810 1475 992 1513 scribebat3
1032 1475 1205 1506 restitutus
1235 1474 1388 1506 meliora.
1434 1474 1627 1505 Laterensis
1651 1475 1741 1505 enim
1765 1485 1842 1506 cum
1870 1476 2019 1518 aliquam
2042 1477 2125 1508 exili

251 1528 384 1569 culpam
408 1527 443 1557 in
466 1527 538 1569 ipso
567 1525 683 1557 Tullio
709 1527 903 1568 quaerebat,
928 1527 1042 1558 Planci
1064 1527 1225 1558 meritum
1250 1527 1471 1565 extenuabat,
1503 1527 1715 1558 timiditatem
1742 1527 1777 1557 in
1800 1529 1934 1570 patroni
1956 1529 2126 1571 magnilo-

251 1580 388 1622 quentia
410 1579 687 1622 reprehendebat.
734 1579 859 1612 Confer
881 1592 944 1624 pro
973 1581 1073 1611 domo
1096 1581 1133 1611 C.
1151 1581 1301 1618 XXIV„
1326 1581 1350 1611 I.
1374 1580 1483 1622 Epist.
1505 1590 1545 1621 9.,
1569 1591 1633 1622 pro
1649 1580 1765 1611 Sextio
1790 1581 1827 1612 C.
1845 1582 2123 1614 §LK—XXII..

252 1632 511 1664 Ginnonrs.
559 1631 712 1664 Uerbum
736 1633 932 1675 oppositum
957 1635 1062 1666 ceteri
1084 1634 1264 1665 manifesto
1288 1633 1428 1672 indicat,
1463 1631 1661 1664 Ciceronem
1684 1633 1723 1666 id
1743 1635 1830 1666 mihi
1852 1635 1921 1679 ipsi
1942 1635 2124 1678 scripsisse.

250 1684 396 1716 Auxilio
420 1684 647 1726 eloquentiam
671 1685 843 1727 significat.

341 1737 370 1778 ς.
395 1736 445 1768 83.
499 1737 602 1769 Uinci
632 1743 748 1769 autem
771 1739 929 1782 inprobos
953 1753 973 1771 a
997 1739 1109 1778 bonis,
1137 1737 1260 1783 fateor
1275 1737 1394 1782 fuisse
1414 1738 1652 1782 praeclarum,
1683 1739 1714 1770 si
1727 1737 1842 1783 finem
1863 1752 1940 1772 eum
1962 1741 2123 1773 uincendi

252 1790 422 1827 uiderem,
454 1802 552 1833 quem
568 1789 727 1833 profecto
750 1804 816 1824 non
842 1792 1014 1832 uidebant)
1059 1792 1175 1823 Fuisse
1198 1791 1359 1833 suspicor,
1388 1791 1444 1832 qui
1462 1790 1576 1834 finem
1598 1804 1675 1824 eam
1696 1792 1842 1834 legentes
1864 1794 2024 1837 suspendi
2046 1805 2122 1825 ora-

254 1842 378 1872 tionem
400 1842 568 1884 putarint,
607 1843 745 1885 eiusque
769 1845 976 1887 complendae
1009 1856 1137 1883 caussa,
1181 1856 1279 1888 quem
1298 1842 1456 1886 profecto
1480 1856 1545 1876 non
1569 1845 1747 1884 uidebant,
1789 1845 1997 1886 addiderint3
2035 1858 2120 1888 quae

255 1895 407 1935 quamuis
440 1895 475 1925 in
497 1893 570 1925 Erf.
593 1895 705 1927 deesse
733 1909 801 1928 non
833 1898 1012 1929 uideantur
1039 1897 1192 1938 [omnino
1225 1896 1345 1927 desunt
1370 1896 1405 1926 in
1426 1896 1500 1927 Erf.
1531 1897 1705 1939 aliisque]‚
1742 1898 1778 1929 in
1808 1898 1937 1930 duobus
1961 1899 2121 1941 optumis,

255 1946 339 1978 Pith.
365 1954 394 1978 et
419 1948 512 1986 Bau„
537 1954 622 1979 certe
646 1948 774 1988 desunt,
799 1949 834 1980 in
856 1951 924 1981 mei
947 1957 1058 1982 autem
1084 1949 1206 1981 codicis
1228 1942 1380 1991 margine
1401 1949 1645 1981 adscribuntur.
1690 1952 1810 1993 Neque
1833 1952 1868 1983 in
1890 1957 1940 1982 tot
1961 1952 2034 1983 aliis
2059 1964 2122 1984 ex—

260 2005 329 2030 tare
351 2000 540 2031 mirandum
565 2007 630 2040 est,
668 2013 744 2032 cum
768 2003 954 2034 orationem
987 2003 1148 2034 creditum
1177 2002 1220 2032 sit
1245 2001 1286 2032 iis
1311 2013 1424 2033 carere
1447 2014 1515 2034 non
1537 2015 1645 2046 posse.
1692 2004 1792 2045 Quod
1814 2010 1925 2034 tamen
1948 2010 1997 2035 est
2022 2004 2122 2047 longe

257 2062 358 2082 secus.
403 2053 484 2085 Uolt
510 2054 600 2084 enim
623 2054 687 2085 hbe
709 2053 833 2093 dicere,
858 2056 1068 2098 praeclarum
1090 2055 1192 2086 fuisse
1214 2066 1308 2086 arma
1331 2055 1490 2087 Clodiana
1514 2056 1661 2096 uincere,
1684 2063 1732 2088 set
1754 2063 1837 2095 tum,
1859 2056 1887 2087 si
1907 2056 1933 2088 is
1949 2057 2121 2100 pugnandi

259 2101 333 2133 finis
366 2112 446 2136 esset
478 2106 621 2139 futurus.
665 2107 770 2139 Paulo
802 2114 879 2150 post
911 2120 986 2139 cum
1016 2109 1116 2140 etiam
1144 2107 1366 2150 pugnandum
1397 2108 1501 2141 fuisse
1530 2120 1606 2141 cum
1636 2108 1825 2141 consulibus
1856 2108 1996 2149 dixerit,
2035 2122 2119 2153 quos

261 2155 431 2187 'triumuiri
453 2159 678 2203 principatum
701 2160 736 2191 in
758 2172 794 2192 re
816 2172 850 2204 p.
875 2161 1063 2194 obtinentes
1089 2161 1299 2192 adiuuassent
1322 2161 1425 2203 (quod
1447 2173 1546 2205 saepe
1568 2161 1771 2201 subindicat),
1795 2162 1975 2201 uictoriae,
1997 2163 2120 2206 inquit,

259 2213 395 2238 nostrae
415 2212 537 2250 grauis
559 2213 780 2245 aduersarios
807 2220 949 2258 paratos
980 2215 1149 2247 uidebant.
1193 2214 1273 2246 Post
1300 2214 1368 2245 red.
1393 2215 1428 2246 iu
1450 2227 1520 2246 sen.
1552 2216 1589 2247 C.
1612 2215 1727 2246 XIIL:
1757 2214 1932 2253 uidebam,
1961 2216 1993 2247 si
2014 2216 2122 2248 uicis-

259 2271 328 2292 sem
342 2268 552 2302 praesentem
565 2265 817 2305 aduersarium,
841 2268 987 2298 nimium
1003 2268 1128 2299 multos
1141 2268 1228 2299 milti
1243 2268 1330 2299 alios
1349 2280 1418 2301 esse
1435 2268 1630 2300 uincendos.
1661 2267 1747 2298 Item
1760 2278 1821 2309 pro
1838 2267 1930 2298 Sext.
1955 2268 1992 2299 C.
2015 2268 2117 2300 XIX.

265 2312 298 2343 l‘.
326 2311 481 2343 Clodium
504 2322 615 2346 narrat
638 2319 673 2348 in
697 2321 850 2351 contione
872 2320 1017 2359 dixisse,
1055 2326 1117 2352 aut
1139 2321 1225 2352 mila·
1247 2321 1352 2353 semel
1372 2333 1442 2353 esse
1460 2319 1693 2364 pereundum,
1730 2326 1792 2351 aut
1815 2319 1866 2351 bis
1889 2332 1959 2353 esse
1978 2321 2120 2354 uincen-

260 2365 351 2396 dum.
394 2364 489 2404 Quid
509 2374 582 2398 erat
605 2368 653 2399 bis
677 2373 837 2403 m'ncere?
874 2373 912 2403 id
929 2372 1102 2415 profecto,
1133 2380 1188 2411 ut,
1220 2386 1297 2405 cum
1326 2373 1566 2404 amentissumo
1594 2372 1730 2404 tribuno
1747 2373 1799 2416 pl.
1826 2385 1925 2417 quom
1948 2373 2119 2406 decertas-

2243 2632 2245 2634 ,
2209 2471 2240 2607 Ν·’”
2217 1789 2254 2447 “*‘'⁹*¹⁴mv·s=r·
2229 1414 2250 1769 s—-Q-nn—-21v-41-1.
