2264 2746
273 103 369 133 LXII
944 97 1472 128 PROLEGOMENA.

348 177 526 207 Uerissume
554 175 738 204 Garatonius
766 173 903 202 omnium
935 172 1077 201 codicum
1105 173 1216 202 menda
1246 183 1304 212 pro
1338 174 1454 208 inscio,
1494 175 1575 212 quod
1611 174 1642 203 111
1676 174 1804 214 optumo
1833 175 1980 204 Bauarico
2008 176 2138 216 aliisque

274 226 364 255 libris
386 230 446 261 est,
476 224 567 253 unice
587 225 687 253 facere
708 222 800 258 dicit3
827 214 902 250 uide¹
918 226 1095 260 apparatum
1115 221 1268 250 criticum.
1307 221 1417 260 Neque
1436 221 1501 250 ulla
1521 222 1785 259 coniecturarum,
1806 233 1882 261 quac
1902 223 2039 261 prolatae
2059 230 2140 260 sunt,

273 273 445 302 tolerabilis
466 278 525 308 cst,
545 272 577 300 id
597 271 678 309 quod
696 269 838 309 pluribus
859 269 968 298 docere
988 270 1138 298 inutilest.
1177 269 1297 297 Uerum
1316 269 1416 308 ipsum
1436 269 1508 298 illut
1527 271 1623 298 inscio
1643 270 1734 308 louge
1754 270 1998 309 incptissumum,
2019 277 2050 300 ct
2069 272 2140 310 qui-

275 322 343 350 dem
363 321 478 349 duabus
499 320 535 348 de
555 318 676 346 caussis.
714 318 852 347 Primum
872 318 931 346 etsi
950 318 1051 356 aliqua
1070 317 1192 346 ratione
1212 319 1345 355 ignarus
1367 322 1398 345 ct
1425 319 1540 345 inscius
1561 317 1723 354 differunt,
1753 319 2006 357 quemadmodum
2027 320 2141 348 uerbo-

274 380 343 398 rum
363 371 481 396 nouisse
501 366 551 395 uel
571 368 710 403 peritum
730 376 792 394 esse
811 370 842 393 et
867 367 945 394 scire
974 366 1118 404 quaedam
1139 365 1356 400 differentiast,
1392 369 1489 393 tamen
1511 370 1620 403 sponte
1640 372 1740 405 patet,
1768 366 1942 395 istiusmodi
1964 367 2140 395 discrimine

275 426 337 444 non
357 416 494 454 potuisse
513 413 572 441 hoc
591 413 661 441 loco
681 413 805 441 nomina
830 413 884 441 illa
903 413 1064 452 usurpari,
1098 414 1131 441 111
1151 424 1210 451 quo
1231 413 1264 441 id
1283 423 1378 441 unum
1397 413 1465 441 uolt
1487 413 1596 441 Cicero
1617 415 1854 442 acerbissumum
1875 424 1940 442 csse
1961 414 2087 450 docere,
2115 415 2141 443 si

276 465 430 501 repentini
449 462 564 490 iudices
584 461 668 500 iique
688 461 789 500 iniqui
808 471 862 490 reo
883 462 919 489 ab
939 467 1114 490 accusatore
1137 460 1373 489 constituantur.
1412 461 1536 489 Deinde
1558 471 1632 489 uero
1653 462 1771 489 etiamsi
1792 465 1903 500 ignaro
1923 468 1953 491 et
1973 465 2086 498 inscio,
2106 468 2141 491 ut

275 523 291 540 a
313 522 343 539 se
365 512 500 545 diuersa,
520 508 667 547 coniungi
687 508 738 537 1110
757 508 947 548 potuissent,
976 513 1077 536 tamen
1098 508 1157 537 hoc
1182 508 1249 537 fieri
1270 508 1356 536 nullo
1377 513 1468 546 pacto
1488 509 1608 546 potuit,
1634 514 1670 536 ut
1688 509 1874 548 interposito
1895 510 1991 538 uerbo
2019 513 2141 548 necopi—

276 565 369 587 nmzle
388 568 403 585 a
423 567 454 585 se
475 557 723 595 diiungerentur.
763 557 841 584 Nam
863 556 930 594 quis
950 555 1042 584 1101110
1064 557 1221 591 eruditus,
1254 555 1309 584 ubi
1336 555 1452 584 dixerit
1479 565 1510 583 se
1538 566 1600 583 11011
1629 556 1753 584 nouisse
1779 558 1914 595 aliquid,
1947 557 2082 596 adeoque
2103 567 2142 585 nc

275 605 422 644 suspicari
442 604 582 643 quidem,
612 604 808 643 postmodum
828 604 918 632 addet
937 614 970 631 se
989 613 1051 631 non
1079 604 1181 632 scire'?
1216 604 1323 642 Itaque
1349 602 1410 631 1100
1440 603 1680 639 manifestumst,
1712 615 1728 632 a
1749 604 1856 633 Tullio
1876 615 1939 633 non
1960 615 2025 633 esse
2045 607 2141 634 inscio

275 653 429 691 scriptum.
469 652 579 691 Neque
599 663 673 681 uero
695 653 821 690 glossam
840 652 915 680 licet
935 651 1135 688 existumare,
1156 662 1232 690 quae
1253 662 1345 690 super
1365 654 1477 689 ignaro
1497 651 1598 691 posita
1619 656 1649 679 et
1669 652 1770 680 alieno
1790 652 1860 680 loco
1880 653 1974 681 inlata
1994 653 2050 681 sit:
2071 663 2141 681 nam

275 711 341 728 cum
362 700 547 729 adiectiuom
567 702 699 739 ignarus
718 701 815 729 multo
836 699 1027 738 frequentius
1049 710 1138 738 quam
1166 701 1283 727 inscius
1302 704 1483 737 usurpatum
1504 699 1561 734 sit,
1588 709 1649 726 11011
1672 704 1773 737 potest
1791 700 1817 727 is
1837 700 1927 728 fidem
1947 705 2021 739 aput
2039 699 2142 729 homi-

274 758 325 776 1105
344 748 450 776 doctos
468 748 621 785 inuenire,
640 748 693 787 qui
713 749 896 777 uocabulum
916 748 1157 776 usitatissumum
1177 747 1328 774 uocabulo
1349 747 1509 782 eiusmodi,
1530 746 1611 784 quod
1631 746 1729 774 rarius
1749 752 1968 785 usurpatumst,
1987 749 2023 777 ab
2043 749 2143 778 inter-

272 801 360 834 prete
381 797 576 835 explanatum
598 797 679 825 dicat
699 806 772 824 esse.
811 797 971 824 Postremo
993 795 1136 823 mendum
1156 794 1355 822 librariorum
1376 804 1440 822 esse
1461 794 1691 827 incredibilest,
1712 804 1780 822 cum
1801 793 1900 830 nihil,
1920 795 2001 833 quod
2021 806 2142 825 accom-

272 844 428 872 modatum
453 844 527 873 huic
546 844 615 873 loco
636 845 692 880 sit,
722 844 793 872 elici
813 853 902 882 posse
922 843 1073 871 uideatur.
1114 842 1232 871 Contra
1257 842 1392 869 minume
1419 842 1552 869 alienum
1574 842 1609 869 ab
1631 841 1812 879 interpretis
1833 841 1914 877 eius,
1934 852 2023 881 quem
2043 849 2143 873 totum

272 891 332 920 1100
350 892 521 920 membrum
540 892 692 921 addidisse
708 891 857 930 suspicor,
876 890 1040 927 ingeniost,
1061 889 1175 928 quippe
1197 899 1285 928 quem
1306 890 1365 917 alia
1385 890 1476 918 etiam
1497 889 1655 927 scripsisse
1676 888 1860 924 uidebimus,
1880 891 2143 927 quaeaTth'ano

274 939 396 967 dicendi
418 950 529 978 genere
548 941 735 979 aliquantum
754 939 908 968 recedant.
935 939 964 966 Is
985 937 1078 974 enim,
1098 938 1151 976 qui
1171 943 1216 966 est
1235 948 1300 966 mos
1319 937 1543 975 magistrorum,
1562 937 1608 966 rei
1629 936 1828 975 explicandae
1849 947 1951 966 caussa
1969 938 2059 977 plura
2077 941 2144 969 sine

275 985 452 1015 discrimine
473 989 640 1017 cumulasse
667 987 761 1017 uerba
786 987 855 1015 iure
882 985 974 1014 statui
993 990 1106 1024 potest.
1144 986 1291 1021 Accedit,
1313 985 1411 1023 quod,
1430 985 1491 1013 nisi
1512 985 1631 1023 egregie
1651 985 1759 1019 fallor,
1778 984 1870 1013 huius
1890 985 1987 1023 ipsius
2006 987 2144 1026 potissu—

277 1045 369 1071 mum,
391 1046 466 1074 quae
486 1037 590 1065 uerbis
611 1048 657 1065 me
676 1038 787 1074 ignaro
807 1050 845 1056 -
867 1036 964 1062 inscio
984 1034 1099 1070 subest,
1118 1035 1272 1063 addendae
1292 1034 1462 1063 sententiae
1484 1044 1586 1061 caussa
1605 1038 1704 1061 totum
1725 1032 1799 1060 istut
1818 1033 1989 1063 membrum
2009 1045 2025 1063 a
2044 1045 2145 1074 gram..

274 1083 386 1112 matico
407 1085 598 1113 adiectumst.
637 1084 699 1120 Qui
720 1093 788 1111 cnm
808 1082 957 1121 scriptum
976 1082 1180 1120 repperisset:

352 1133 398 1160 Tu
418 1133 538 1171 deligas
557 1143 594 1160 ex
614 1134 698 1160 οηιηὶ
713 1131 827 1168 populo
847 1136 902 1158 ant
923 1132 1038 1158 amicos
1059 1136 1143 1163 tuos,
1169 1136 1225 1157 aut
1245 1131 1385 1158 inimicos
1405 1140 1500 1166 meos,
1521 1135 1579 1156 aut
1598 1128 1728 1166 (lenique
1748 1138 1813 1160 eOS,
1843 1138 1918 1166 quos
1936 1129 2144 1165 inexorabilis,

274 1189 348 1219 quos
367 1180 569 1216 inhumanos,
589 1191 662 1218 quos
681 1179 814 1208 crudelis
835 1179 1018 1212 existumem
1045 1178 1154 1206 deinde
1175 1177 1327 1215 &fundas
1347 1183 1487 1214 repente,
1515 1183 1550 1204 ut
1570 1182 1642 1204 anie
1661 1186 1831 1204 consessum
1852 1186 1988 1204 meorum
2005 1177 2145 1206 iudicum

275 1228 414 1260 uideam,
430 1239 528 1265 quam
543 1229 714 1265 potuerim,
735 1228 790 1265 qui
809 1231 906 1254 essent
918 1224 1048 1263 flaturi,
1068 1226 1242 1262 suspicari;
1261 1231 1339 1261 aput
1359 1230 1427 1253 etc..

274 1285 337 1302 non
356 1280 478 1313 poterat
496 1286 558 1304 11011
586 1275 785 1312 intellegere,
811 1283 880 1302 011111
907 1283 923 1300 a
945 1272 1052 1300 Tullio
1080 1271 1217 1300 iudicum
1245 1271 1398 1300 delectum
1426 1271 1609 1310 significari,
1637 1271 1690 1309 qui
1718 1272 1867 1300 insciente
1885 1283 1936 1300 reo
1954 1271 2016 1300 fiat.
2054 1272 2090 1302 Id
2109 1279 2144 1302 ut

274 1322 341 1360 ipse
362 1322 532 1361 explicaret
551 1323 710 1362 discipulis
730 1322 811 1357 suis,
831 1321 862 1349 in
884 1331 942 1359 qua
961 1330 995 1348 re
1014 1320 1108 1358 magis
1129 1319 1259 1347 debebat
1280 1319 1454 1354 elaborare,
1474 1329 1562 1357 quam
1583 1324 1617 1346 ut
1638 1318 1790 1346 delectum
1810 1319 1900 1347 illum
1919 1319 2010 1348 talem
2030 1319 2143 1350 debere

275 1371 430 1409 intellegi,
450 1371 503 1409 qui
523 1370 674 1399 insciente
693 1381 747 1400 reo
768 1370 873 1405 fieret,
901 1368 1083 1397 adnotaret?
1114 1367 1213 1395 Simul
1233 1366 1315 1405 quod
1337 1366 1461 1394 Tullius
1483 1366 1601 1395 duobus
1623 1366 1746 1394 dixerat
1763 1367 1926 1402 membris,
1956 1369 2003 1395 Tu
2023 1368 2144 1406 deligas

274 1433 313 1440 ——-
331 1420 492 1447 exi-§tumes
512 1424 543 1447 et
562 1419 672 1447 deinde
691 1418 842 1456 efficacias
860 1432 899 1438 —-·
917 1418 1072 1454 suspicari
1089 1426 1152 1444 uno
1172 1414 1400 1454 conprehendit
1419 1413 1488 1449 hoc,
1512 1415 1559 1442 Τιι
1579 1425 1624 1442 me
1644 1416 1754 1451 ignaro
1773 1429 1812 1434 —
1830 1417 1962 1452 iniquos.
1999 1416 2097 1455 Atqui
2117 1418 2142 1445 si

277 1465 386 1493 Cicero
407 1466 502 1494 uerba
521 1467 578 1495 ista
597 1478 644 1495 me
663 1468 775 1504 ignaro
795 1481 834 1486 —
853 1466 965 1499 inscio,
993 1463 1060 1492 siue
1085 1464 1190 1503 potius
1218 1464 1315 1492 uerba
1341 1462 1516 1491 istiusmodi
1543 1461 1714 1490 sententiae
1741 1466 1811 1489 ante
1839 1462 1958 1499 deligas
1982 1464 2145 1501 posuisset,

276 1513 344 1551 quis
371 1517 417 1541 est
444 1514 518 1552 quin
546 1515 667 1551 uideat,
707 1523 834 1552 prorsus
868 1512 1011 1540 inutilem
1053 1522 1093 1540 ne
1121 1511 1218 1540 dicam
1245 1511 1382 1549 ineptam
1410 1511 1613 1539 adiectionem
1641 1508 1824 1544 uerborum,
1859 1509 1969 1537 deinde
1995 1510 2148 1548 efflandae

276 1567 415 1599 repente,
440 1567 476 1589 ut
505 1569 578 1591 ante
604 1572 775 1590 consessum
802 1571 936 1588 meorum
964 1560 1103 1588 iudicum
1129 1559 1268 1594 uideam,
1302 1570 1396 1598 quam
1414 1560 1588 1596 potuerim,
1622 1558 1676 1595 qni
1701 1562 1799 1584 essent
1818 1556 1947 1594 futuri,
1980 1561 2146 1597 suspicari,

276 1610 410 1637 suturam
428 1609 546 1638 fuisse?
567 1610 637 1647 Quo
657 1609 751 1647 magis
770 1618 852 1636 1111110
873 1607 1000 1635 molesta
1019 1607 1113 1635 uerba
1137 1608 1183 1635 Τιι
1203 1618 1250 1635 me
1269 1609 1383 1645 ignaro
1398 1622 1436 1628 —
1452 1605 1593 1635 omnihus
1612 1606 1734 1642 iniquos
1752 1609 1841 1639 sunt,
1867 1614 1943 1642 quae
1963 1614 2026 1634 non
2045 1608 2144 1638 solum

276 1657 406 1693 saciant,
437 1662 472 1685 ut
492 1657 651 1695 sequentia
669 1656 795 1685 inutilia
815 1656 877 1684 sint
896 1655 1073 1693 nullamque
1094 1654 1227 1682 orationi
1254 1654 1318 1682 111111
1345 1654 1474 1689 addant,
1502 1662 1610 1683 uerum
1631 1651 1723 1680 etiam
1743 1651 1869 1679 eandem
1889 1655 1935 1679 set
1955 1661 2019 1682 eam
2038 1654 2144 1696 inepte

279 1705 466 1732 enuntiatam
485 1705 669 1733 sententiam
689 1704 881 1736 contineant,
902 1714 977 1742 quae
998 1708 1068 1741 apte
1088 1702 1339 1730 antecedentibus
1359 1701 1530 1729 indicatast.

352 1751 454 1780 Uenio
473 1762 555 1780 nunc
575 1753 613 1781 ad
632 1753 761 1781 uerbum
780 1758 882 1783 ποίεε,
911 1750 948 1778 de
969 1761 1028 1788 quo
1049 1750 1130 1778 solus
1150 1750 1309 1779 BIanutius
1330 1750 1465 1785 monuit,
1498 1749 1550 1788 qui
1571 1749 1690 1786 deligas
1710 1747 1861 1785 explicat,
1887 1751 2043 1784 praeterea
2063 1752 2142 1782 nihil

279 1799 315 1828 ad
334 1799 365 1827 h.
386 1800 486 1829 locum
506 1800 663 1829 adnotans.
701 1800 820 1828 Eodem
839 1800 905 1828 scre
925 1798 1015 1826 modo
1037 1799 1224 1826 notationem
1245 1798 1278 1825 111
1288 1797 1351 1826 Cic.
1370 1797 1506 1835 Philipp.
1528 1798 1570 1833 V,
1589 1798 1616 1832 5,
1640 1797 1681 1825 13.
1705 1793 1884 1834 explicauit.
1922 1793 2079 1833 Loquitur
2099 1800 2142 1829 ibi

283 1848 392 1877 Cicero
414 1848 450 1876 de
470 1849 536 1886 lege
556 1848 733 1884 iudiciaria,
754 1859 843 1887 quam
863 1846 972 1875 tulerit
991 1845 1164 1880 Antonius,
1183 1845 1352 1883 scribitque
1365 1856 1373 1872 t

353 1895 397 1922 At
417 1896 467 1923 ille
487 1896 561 1932 legit
580 1896 747 1932 aleatores,
774 1898 851 1934 legit
871 1895 990 1929 exules,
1025 1893 1099 1930 legit
1120 1893 1271 1921 Graecos.-
1306 1904 1322 1920 ο
1342 1902 1512 1921 consessum
1533 1892 1672 1920 indicum
1686 1892 1899 1929 praeclarum,
1925 1901 1941 1918 ο
1961 1890 2146 1929 (lignitatem

280 1943 389 1972 consili
408 1943 646 1972 admirandam!
677 1950 750 1972 anet
770 1945 894 1972 animus
913 1948 990 1979 aput
1011 1941 1175 1969 consilinm
1202 1942 1274 1969 illut
1297 1951 1356 1979 pro
1385 1951 1434 1969 reo
1462 1941 1579 1968 ‹lic-ere:
1615 1941 1730 1978 Cydam
1750 1938 1935 1972 Cretensem,
1965 1946 2146 1976 portentum

282 1991 420 2027 insulae,
440 1989 593 2017 hominem
611 1992 864 2020 azedaoissnmum
883 1996 911 2018 et
927 1989 1190 2026 perditis-sumant.
1229 1989 1281 2017 Set
1300 1989 1362 2027 fac
1381 1990 1428 2016 ita
1448 1998 1508 2015 non
1529 1999 1609 2021 esse,
1635 1997 1709 2015 num
1728 1987 1826 2014 latine
1845 1986 1928 2014 scit?
1955 1997 2028 2014 num
2049 1995 2092 2017 est
2112 2003 2148 2020 92-

281 2038 463 2067 iudicum.
487 2047 636 2074 genere
662 2045 697 2066 et
717 2038 882 2077 forma?
908 2048 983 2064 num
1002 2037 1082 2073 leges
1109 2042 1232 2064 noslras
1251 2047 1386 2064 morosae
1414 2035 1527 2063 nouit?
1552 2045 1627 2062 num
1653 2035 1781 2071 denique
1808 2032 1970 2062 homines?
1995 2042 2039 2064 est
2065 2041 2147 2067 enim

280 2088 373 2116 Creta
393 2085 478 2113 uobis
499 2086 617 2119 notior,
643 2096 736 2124 quam
754 2087 854 2114 Roma
875 2085 984 2124 Cydae.
1020 2084 1220 2112 Delu-tus
1246 2090 1380 2113 antem
1406 2090 1442 2112 et
1469 2085 1632 2112 notatio
1657 2083 1698 2109 ιἰι
1708 2081 1840 2109 (licum
1867 2082 1962 2109 ellam
1980 2084 2013 2110 in
2033 2090 2148 2114 nostris

283 2133 403 2163 ciuibus
422 2132 531 2160 haberi
549 2133 632 2160 solet.

358 2181 409 2209 Ad
428 2181 523 2209 uerba
543 2185 678 2209 extrema
697 2180 818 2209 monuit
836 2180 1012 2209 Manutius:
1038 2183 1176 2216 „tantum
1197 2179 1298 2215 abest,
1318 2185 1353 2208 ut
1374 2179 1487 2208 Graeci
1505 2178 1624 2207 iudices
1642 2177 1798 2215 legantur,
1819 2180 1854 2204 ut
1873 2186 1911 2204 ex
1931 2179 2044 2207 nostris
2065 2181 2147 2210 ciui—

283 2231 340 2259 bus
362 2229 497 2257 delectus
517 2228 680 2262 habeatur,
707 2232 738 2255 et
755 2233 920 2263 notentur,
947 2228 980 2256 id
998 2233 1043 2256 est
1061 2227 1244 2265 seligantur,
1272 2228 1325 2265 qui
1350 2227 1516 2266 praecipue
1538 2226 1575 2254 ad
1593 2224 1750 2253 iudicandi
1769 2234 1878 2252 munus
1899 2225 1962 2263 apti
1982 2226 2148 2259 uideantur

285 2278 380 2305 esse.“
417 2277 544 2305 Praeter
562 2275 737 2304 Manutium
765 2276 847 2303 solus
869 2275 1020 2304 Graeuius
1045 2275 1120 2304 haec
1146 2275 1320 2304 aduotauit:
1351 2275 1456 2312 „Quid
1475 2275 1516 2303 sit
1535 2276 1673 2308 notatio,
1703 2272 1793 2300 docet
1818 2277 1924 2300 auctor
1951 2273 1988 2301 ad
2008 2275 2147 2307 Hereum,

284 2325 347 2361 IV,
367 2325 420 2361 50,
439 2324 501 2353 63.:
527 2325 689 2352 notatio
715 2329 774 2356 est,
800 2334 868 2351 cum
894 2325 1029 2352 alicuius
1053 2330 1171 2352 natura
1197 2325 1287 2352 certis
1314 2322 1499 2351 describitur
1525 2323 1642 2360 signiS,
1667 2331 1745 2359 quae
1771 2322 1867 2349 sicuti
1885 2327 1975 2349 notae
1995 2324 2147 2360 quaedam

285 2379 419 2401 naturae
438 2378 511 2400 sunt
531 2371 716 2404 adtributa;
737 2376 771 2398 ut
790 2372 818 2399 si
838 2373 915 2399 uelis
935 2382 996 2400 non,
1016 2373 1161 2406 diuitem,
1182 2377 1226 2399 set
1247 2376 1462 2399 ostentator-em
1476 2371 1630 2406 pecuniae
1649 2367 1826 2396 describere.
1863 2368 1939 2395 Inde
1958 2369 2049 2398 facile
2069 2382 2147 2410 quo-

288 2430 346 2458 que
366 2420 480 2458 conligi
500 2423 611 2457 potest,
632 2418 706 2457 quid
725 2418 765 2446 sit
784 2418 817 2446 in
837 2419 1091 2457 praecedentibus
1111 2419 1250 2447 iudicum
1262 2418 1400 2457 sorma.“
1438 2417 1523 2454 Quid
1543 2417 1582 2445 sit
1601 2417 1739 2445 iudicum
1751 2416 1862 2454 forma
1881 2416 1953 2444 satis
1974 2427 2012 2446 ex
2032 2418 2146 2448 1115οὶ-
