2264 2746
231 104 284 132 156
881 81 1455 115 COMMENTARIUS.

997 161 1158 196 CAP.
1206 160 1347 195 XXIV.

321 249 350 290 ς.
375 245 426 278 58.
471 243 515 275 L.
538 235 707 278 Cassium)
754 234 823 277 Qui
849 240 917 266 erat
937 234 1140 276 subscriptor
1163 231 1364 265 Laterensis.

320 300 379 333 Ne
401 298 500 330 illum
523 293 659 337 quidem
682 289 886 321 quentium
909 293 1019 319 tecum
1042 284 1275 330 expostulaui)
1320 285 1386 315 Pro
1409 285 1629 328 expostulani
1650 283 1871 326 Pantagathus
1895 283 2113 327 expostulabo

236 353 411 397 legendum
435 345 579 391 putauit,
614 342 702 384 quod
734 340 888 384 probauit
914 339 1084 370 Ernestius
1115 338 1289 379 textuique
1312 337 1425 368 intulit
1448 337 1632 369 Schutzius.
1677 336 1805 368 Mirum
1830 342 1890 374 est,
1925 348 1993 367 non
2016 336 2117 367 intel—

238 407 359 439 lexisse
389 402 477 433 uiros
510 398 638 434 doctos,
678 395 829 426 futurum
862 391 1082 436 expostulabo
1104 391 1205 434 plane
1229 390 1377 421 alienum
1399 389 1440 420 ab
1463 390 1527 421 1100
1551 390 1624 420 1000
1648 400 1728 427 esse,
1752 389 1787 419 111
1812 400 1878 430 quo
1904 400 1980 419 cum
2005 388 2116 420 Cassio

241 461 306 491 iam
329 461 563 496 responsurum
589 460 622 479 se
646 460 715 478 esse
738 448 856 479 Cicero
880 445 979 483 dicat,
1021 443 1171 486 profecto
1196 454 1272 474 cum
1294 443 1475 473 Laterense
1504 453 1593 472 nunc
1615 442 1707 472 nolle
1729 453 1763 472 se
1785 441 1944 483 conloqui
1968 441 2119 473 ostendit.

240 509 345 551 Atqui
377 501 598 548 expostulabo
627 501 655 531 si
687 500 840 536 dixisset,
879 497 914 528 iu
938 496 1151 539 sequentibus
1184 496 1281 527 etiam
1305 506 1382 526 cum
1405 495 1584 526 Laterense
1607 494 1849 537 disputaturum
1872 506 1906 525 se
1928 494 2117 526 declararet.

243 562 349 597 Unice
372 568 490 589 uerum
515 554 617 597 igitur
640 552 860 597 expostulant*
883 556 946 587 est,
972 549 1058 591 quod
1083 548 1225 579 refertur
1247 547 1286 578 ad
1305 547 1491 579 orationem
1514 547 1738 589 superiorem,
1771 546 1806 576 in
1831 558 1895 588 qua
1918 554 2031 579 contra
2051 549 2121 579 La..

241 622 402 646 terensem
423 610 539 641 Cicero
564 606 754 650 disputauit.
802 602 970 635 Sententia
998 601 1099 633 totius
1123 601 1187 632 loci
1211 601 1291 632 haec
1306 607 1370 632 est:
1398 600 1507 632 Multa
1527 599 1566 630 de
1581 605 1623 636 te,
1648 599 1849 637 Laterensis,
1870 611 1888 629 a
1906 600 2019 631 Cassio
2035 600 2121 631 dicta

240 672 331 703 sunt,
363 675 447 705 quae
470 673 538 693 non
562 666 648 691 recte
673 669 741 689 esse
764 657 847 687 dicta
868 655 984 694 facile,
1021 654 1047 685 si
1070 653 1269 691 noluissem,
1303 653 1421 684 (locere
1444 651 1550 695 potui.
1594 652 1724 684 Uerum
1747 663 1789 682 ne
1812 652 1887 683 illut
1910 652 2045 694 quidem
2067 664 2123 684 re-

242 717 425 751 fellendum
453 713 587 757 putaui,
634 711 722 753 quod
753 709 809 752 qui
840 709 969 751 primus
998 708 1037 738 de
1061 706 1160 749 plebe
1190 706 1304 737 aedilis
1334 706 1459 737 curulis
1489 704 1529 735 sit
1560 704 1679 743 sactus,
1723 715 1740 734 e
1762 711 1858 746 gente
1887 712 1941 736 tua
1969 705 2123 737 quentia

241 770 418 803 oriundum
441 768 543 800 fuisse
566 765 666 805 dixit,
706 763 848 804 ideoque
872 760 1006 792 Plancio
1035 765 1066 790 te
1090 765 1227 802 propter
1254 759 1385 802 generis
1408 757 1616 789 nobilitatem
1647 756 1748 788 fuisse
1771 757 2041 800 anteponendum
2063 758 2123 789 do-

242 835 316 855 cere
335 820 468 853 studuit.

327 875 489 909 Primum
512 872 553 903 cle
574 869 670 914 plebe
691 869 838 901 aedilem
865 864 1031 906 curulem)
1075 864 1247 895 Ernestius
1277 863 1316 894 ad
1342 863 1375 894 h.
1398 863 1422 894 1.
1456 867 1553 903 negat
1575 861 1733 902 Pighium
1763 862 1854 893 hunc
1878 862 2048 894 Ciceronis
2071 862 2124 893 lo-

242 940 318 961 cum
347 928 386 958 de
416 923 570 957 quentio
602 922 712 964 primo
745 922 783 952 de
813 919 911 963 plebe
942 917 1039 948 aedili
1072 917 1180 947 curuli
1210 916 1364 958 tetigisse.
1408 915 1453 948 At
1481 926 1558 945 eum
1588 914 1704 956 utique
1726 915 1829 957 tetigit
1852 915 1891 945 ad
1915 915 1959 947 A.
1982 915 2026 947 U.
2051 914 2124 946 588.

241 983 284 1014 Τ.
308 982 334 1012 I.
358 992 392 1022 p.
418 989 488 1019 272.
514 982 544 1006 et
567 987 610 1005 ex
634 975 666 1005 h.
691 974 712 1005 l.
739 972 909 1005 Ciceronis
941 972 1083 1002 alterum
1112 969 1251 1000 aedilem
1285 980 1429 1010 eumque
1452 967 1603 1011 primum
1628 967 1667 998 de
1690 968 1789 1010 plebe
1818 967 1969 998 nominat
1998 968 2125 998 quen-

243 1035 328 1067 tium
358 1031 537 1063 Thalnam.
584 1028 701 1068 Quum
730 1033 841 1057 autem
871 1024 947 1055 dicit
979 1023 1175 1054 Ciceronem
1211 1023 1332 1054 testari
1361 1022 1450 1053 hunc
1478 1021 1627 1063 primum
1661 1020 1700 1050 de
1726 1020 1826 1062 plebe
1849 1019 1989 1051 aedilem
2012 1019 2125 1059 fuisse,

243 1098 313 1119 non
344 1081 573 1116 animaduertit
601 1080 798 1110 Ciceronem
828 1077 940 1120 ipsum
969 1075 1056 1106 nibil
1085 1074 1168 1105 aliut
1199 1074 1323 1112 dicere,
1364 1085 1520 1116 quam.se
1543 1073 1607 1104 1100
1637 1073 1789 1116 primum
1811 1085 1829 1104 a
1853 1073 1965 1105 Cassio
1987 1072 2125 1112 audisse,

244 1140 343 1181 idque
369 1138 478 1180 ipsum
504 1145 586 1164 num
611 1143 731 1163 uerum
757 1136 837 1160 esset
863 1128 1065 1160 addubitare.
1111 1127 1330 1158 Scin-szs.

328 1192 371 1223 In
396 1200 480 1233 que,
513 1186 625 1223 Cassi,
661 1185 692 1214 si
715 1182 778 1214 tibi
802 1183 852 1213 ita
876 1181 1116 1224 respondeam,
1149 1181 1295 1211 nescisse
1318 1179 1356 1210 id
1372 1179 1543 1222 populum
1564 1180 1626 1219 R„
1661 1190 1768 1221 neque
1786 1176 1899 1220 fuisse
1922 1178 2008 1222 quid
2030 1177 2126 1210 nobis

245 1248 423 1281 narraret,
442 1238 652 1283 praesertim
674 1242 808 1268 mortuo
833 1234 952 1276 Conco)
998 1233 1229 1264 quentiae
1254 1230 1461 1269 familiae,
1497 1243 1546 1263 ex
1571 1244 1649 1273 qua
1672 1231 1921 1263 Laterensis
1944 1235 2126 1261 contex-

249 1303 332 1328 tum
356 1291 525 1335 generis
549 1290 747 1327 habebat,
771 1287 1032 1330 probaturus
1054 1291 1247 1317 ueterem
1272 1283 1545 1315 nobilitatem
1571 1284 1740 1315 Cassius
1763 1283 2126 1325 praeiactauerat,

247 1349 357 1380 hunc
386 1344 566 1376 aedilem
597 1343 736 1386 primo
766 1346 859 1370 ante
891 1339 1002 1370 alios
1030 1339 1123 1369 loco
1156 1337 1264 1368 fieri
1293 1335 1497 1366 debuisse.
1521 1353 1563 1359 —
1583 1353 1625 1359 —
1646 1336 1673 1375 ¹)
1708 1335 1843 1377 igitur
1869 1335 1911 1366 in
1935 1336 2127 1367 Cassium

250 1400 402 1438 facta2)
428 1398 475 1429 M.
501 1396 679 1427 Tullius
703 1398 844 1434 negat,
870 1392 1094 1434 populum,
1133 1389 1172 1420 id
1195 1395 1256 1419 est
1277 1389 1433 1430 uulgus
1456 1387 1770 1430 inperitorum,
1806 1387 2002 1420 iudicare
2024 1400 2128 1432 pae-

249 1452 365 1484 nitus
388 1450 432 1480 de
457 1449 659 1480 familiae
683 1444 886 1476 clarioris
912 1443 1144 1475 nobilitate
1166 1441 1382 1484 potuisse,
1415 1447 1458 1472 ut
1485 1439 1660 1471 nonnisi
1683 1440 1916 1482 peritiores
1938 1446 2131 1472 uetusta-

250 1503 302 1534 tis
324 1509 361 1533 et
385 1502 455 1543 qui
478 1501 779 1543 antiquitatem
805 1508 880 1539 per
903 1495 1116 1528 historias
1143 1494 1323 1536 legerint
1346 1494 1445 1525 haec
1467 1492 1580 1523 scire
1603 1491 1816 1524 facillime
1839 1493 2014 1536 possint.
2048 1492 2130 1525 At-

252 1567 331 1599 que
379 1555 475 1586 ideo
521 1553 787 1584 mentionem
824 1549 957 1582 Conci
1001 1548 1175 1579 uidetur
1220 1546 1556 1589 interposuisse,
1602 1545 1672 1586 qui
1706 1557 1781 1587 per
1818 1545 1930 1577 illud
1969 1551 2131 1587 tempus

251 1610 509 1645 decesserat,
554 1605 678 1636 homo
716 1603 914 1634 curiosus
952 1608 989 1633 et
1027 1600 1212 1642 diligens
1250 1598 1461 1630 eruendae
1501 1596 1740 1628 uetustatis.
1802 1599 1905 1630 Nam
1943 1597 2131 1629 histori-

253 1673 320 1693 cus
343 1678 387 1684 —
408 1677 450 1683 —-
472 1676 514 1682 —
551 1659 712 1689 ScxloLlA
738 1658 949 1689 UATICANA.
992 1653 1103 1685 Habet
1135 1652 1315 1684 Uaticanus
1347 1652 1429 1682 haec
1461 1662 1545 1692 quae
1573 1650 1735 1692 proposui
1767 1651 1869 1682 uerba
1898 1651 1993 1683 Tulli
2020 1650 2066 1681 sic
2094 1656 2130 1682 ut

253 1714 325 1745 dedi
354 1713 491 1754 scripta3
527 1723 569 1742 ex
594 1722 659 1752 quo
686 1710 750 1740 1100
778 1710 927 1751 primum
959 1711 1114 1749 apparet,
1145 1710 1233 1736 recte
1255 1715 1310 1734 me
1336 1704 1507 1746 uolgarem
1537 1702 1733 1744 scripturam
1757 1703 1887 1745 Proleg.
1911 1705 1953 1735 L.
1978 1704 2020 1735 II.
2044 1704 2081 1736 C.
2103 1703 2129 1735 Ι.

255 1768 285 1808 ς.
311 1766 358 1797 14.
390 1772 503 1796 contra
532 1763 685 1795 Bauarici
716 1761 892 1792 lectionem
924 1758 1118 1790 defendisse.
1164 1758 1252 1788 Nam
1283 1757 1367 1788 leuis
1399 1767 1492 1787 error
1526 1761 1590 1792 est,
1630 1755 1716 1796 quod
1749 1756 1834 1799 quid
1863 1768 1924 1798 pro
1956 1756 2074 1799 quiid
2095 1755 2129 1786 in

255 1820 331 1852 Uat.
355 1818 515 1860 scriptum
539 1823 595 1847 est.
640 1818 720 1848 Non
750 1814 855 1857 probo
884 1819 1012 1850 autem,
1050 1809 1136 1852 quod
1161 1809 1224 1840 tibi
1249 1809 1301 1840 ita
1327 1821 1387 1852 pro
1420 1809 1471 1841 ita
1506 1808 1569 1840 tibi
1595 1808 1709 1846 habet,
1746 1819 1822 1839 cum
1845 1808 1908 1839 tibi
1930 1808 2129 1848 encliticum,

257 1873 305 1903 ita
329 1877 440 1901 autem
463 1881 538 1900 cum
563 1869 597 1899 ui
620 1869 742 1899 dictum
764 1867 815 1897 sit.
861 1866 913 1897 De
941 1865 1043 1896 Conci
1075 1861 1212 1893 nomine
1242 1861 1321 1903 quid
1350 1861 1456 1892 dicam
1484 1861 1605 1893 nescio.
1651 1862 1741 1892 Nam
1764 1867 1799 1892 ut
1820 1872 1861 1892 ex
1885 1862 2047 1904 Longino
2071 1872 2131 1891 ue-

258 1922 438 1954 tustissumi
468 1923 559 1953 illius
589 1921 704 1953 librari
735 1919 833 1962 culpa
866 1928 989 1949 nomen
1012 1915 1114 1947 Conci
1139 1920 1248 1946 ortum
1275 1926 1344 1944 esse
1366 1914 1530 1957 suspicer,
1573 1913 1633 1945 uix
1656 1925 1792 1956 possum
1815 1912 1939 1944 adduci.
1983 1911 2132 1951 Accedit,

261 1975 346 2016 quod
377 1975 448 2017 ipse
471 1974 677 2006 Erfurtensis
707 1984 776 2005 non
805 1970 917 2003 scribit
938 1969 1121 2010 Longino,
1159 1972 1207 1997 set
1238 1966 1359 2010 longe,
1396 1973 1427 1998 et
1450 1967 1555 2009 quod,
1593 1966 1772 1998 Bauaricus
1799 1965 1875 2008 quid
1897 1964 2029 2006 habeat,
2066 1977 2133 1997 non

338 2125 366 2162 1)
404 2126 518 2165 Supple
539 2128 598 2157 duo
619 2131 777 2160 uocabula.
815 2130 854 2158 A.
873 2129 993 2158 Mans

337 2185 368 2222 2)
407 2184 455 2211 Sic
476 2194 529 2221 ego
550 2197 588 2214 ex
609 2189 788 2217 coniectura
808 2186 928 2226 scripsi.
969 2183 1091 2220 Codex,
1129 2194 1219 2222 quem
1245 2188 1366 2212 secutus
1394 2188 1439 2212 est
1465 2184 1501 2212 A.
1521 2184 1638 2219 Maius,
1669 2182 1761 2210 habet
1779 2183 1907 2220 factam
1933 2183 2074 2215 Tullius,
2106 2181 2132 2210 si

264 2236 348 2260 recte
369 2231 443 2268 legit
464 2232 572 2260 Maius.
612 2234 683 2263 Non
705 2241 750 2264 est
773 2239 873 2262 autem
895 2233 1038 2267 dubium,
1074 2231 1148 2270 quin
1169 2236 1238 2259 ante
1258 2233 1358 2269 igitur
1378 2231 1529 2259 exciderit
1549 2230 1771 2258 substantiuoni
1792 2229 1930 2267 aliquod,
1961 2240 2030 2258 casu
2050 2229 2135 2257 abla-

266 2280 331 2308 tiUO
351 2278 495 2316 positum,
516 2279 550 2305 «ΉῙ
572 2281 652 2316 quod
664 2282 761 2319 faeta
781 2281 1015 2310 referendumst.
1055 2281 1186 2308 Factam
1206 2280 1231 2307 si
1253 2289 1326 2307 uera
1347 2283 1424 2306 esset
1444 2278 1604 2315 scriptura,
1625 2277 1717 2305 statui
1740 2278 1879 2311 deberet,
1902 2282 1971 2305 ante
1991 2277 2135 2305 substan-

266 2327 364 2356 tiuom
392 2325 479 2359 illut,
520 2326 600 2362 quod
627 2329 777 2357 excidisse
804 2328 890 2364 dico,
926 2333 999 2365 post
1025 2326 1288 2365 praepositionem
1307 2325 1408 2363 *fuisse
1433 2325 1574 2363 positam.
1614 2326 1656 2353 At
1682 2324 1739 2353 hoc
1765 2335 1827 2353 non
1855 2329 1959 2363 aptum
1986 2324 2068 2352 foret
2086 2323 2134 2352 lo-

269 2373 382 2413 quendi
402 2382 505 2410 genus.
