2264 2746
643 124 667 153 C
687 124 715 153 A
735 127 775 155 P.
814 125 907 154 XXI.
933 123 961 164 ᾗ.
987 131 1032 157 52.
1057 141 1095 147 —
1120 125 1231 155 XXII.
1267 124 1293 165 §.
1319 129 1363 156 53.
1887 129 1940 155 1⁴7

150 199 180 239 §.
204 199 255 230 55.
298 227 311 232 i
328 200 388 231 *oli
404 206 532 243 putare
554 200 666 232 nullos
682 199 818 242 fuisse,
841 212 987 243 quorum
1009 201 1141 233 animos
1164 207 1244 232 tuus
1268 201 1327 232 ille
1341 199 1454 243 fortis
1477 198 1612 230 (mimus
1636 197 1836 242 offenderet)
1881 199 1934 230 Ne

66 250 138 293 quis
167 263 230 294 pro
264 252 451 296 offenderet
480 252 693 284 scribendum
726 254 924 297 offenderit,
959 253 993 284 id
1024 254 1114 295 quod
1142 254 1253 295 primo
1283 258 1416 294 aspectu
1445 251 1565 282 melius
1596 250 1764 287 uideatur,
1799 250 1933 289 iudicet,

62 304 318 343 monendumst‚
349 305 383 335 in
407 306 496 336 hunc
518 318 651 338 sensum
675 307 777 338 uerba
800 319 869 338 esse
893 306 995 338 dicta:
1019 307 1191 350 suerunt,
1220 306 1280 349 qui
1300 305 1571 348 offenderentur,
1600 303 1744 346 ideoque
1767 309 1856 334 recte
1879 303 1933 334 in-

62 355 250 399 perfectum
274 369 343 388 esse
366 358 525 400 positum.

146 411 203 442 Aa
228 416 260 442 te
283 411 346 442 illa
368 418 574 454 argumenta
599 413 797 444 duxerunt?
837 411 1060 450 dubitabitis,
1096 411 1228 454 inquit,
1263 411 1345 453 quin
1377 410 1478 441 coitio
1498 408 1603 451 facta
1624 411 1687 448 sit,
1720 422 1796 442 cum
1821 408 1932 440 tribus

56 462 241 506 plerasque
272 476 345 495 cum
370 465 485 495 Plotio
514 466 633 497 tulerit
657 466 863 506 l’lam-ius.‘²)
906 465 969 495 Ex
1000 464 1227 506 parilitate
1255 462 1583 503 congruentium
1617 462 1930 505 suffragiorum

60 516 283 546 nitebatur
306 516 489 558 probare
514 518 767 549 Laterensis
792 516 1164 559 conspirationem
1191 514 1399 557 quandam
1423 514 1575 554 fuisse,
1601 517 1765 558 quando
1790 521 1828 546 et
1850 515 1928 554 1110,

60 568 133 609 qui
155 579 254 599 reus
278 575 357 608 est,
381 575 419 600 et
443 570 609 601 Plotius
632 582 705 613 per
728 570 893 601 easdem
918 569 1059 600 tribus
1083 567 1295 609 designati
1319 567 1415 598 sint.
1462 567 1764 610 Respondetur
1787 580 1805 599 a
1827 567 1929 599 Tul-

58 620 139 660 lio,
163 633 246 652 non
272 632 361 652 esse
382 622 639 661 mirandum,
677 623 834 665 quippe
864 633 955 653 cum
985 620 1227 663 designatio
1258 621 1299 652 in
1324 619 1487 650 duobus
1519 622 1694 653 eandem
1724 620 1928 654 habuerit

57 673 373 714 aequalitatem
395 674 744 717 suffragantium.
791 675 952 706 Puncta
976 674 1085 705 enim
1112 675 1180 705 hic
1206 685 1288 704 non
1311 673 1441 703 aliter
1465 684 1583 714 quam
1608 674 1648 704 in
1674 674 1928 706 defensione

56 725 257 757 qurenae
279 726 491 769 suffragia
514 727 784 770 significant.
830 728 883 758 Et
906 727 1090 769 magis—
1107 728 1129 767 ¹)
1153 726 1192 757 id
1218 725 1452 757 confirmat
1474 733 1673 768 paratum
1696 734 1739 759 ut
1760 726 1931 758 aediles.

55 778 342 818 sortirentur,
367 781 568 821 quoniam
593 780 781 812 discerni
805 780 1055 811 huiusmodi
1082 779 1361 821 magistratus
1385 779 1472 809 nisi
1495 786 1614 811 sorte
1638 792 1717 811 non
1741 784 1927 822 possent.

57 832 216 862 ScitoLlA
240 833 446 864 UATtt'ANA.
492 834 618 864 Eadem
646 845 729 875 quae
752 834 879 864 scholio
903 833 1082 876 praeposui
1109 832 1211 863 uerba
1226 831 1321 862 Tulli
1345 831 1378 861 in
1402 832 1619 874 palimpsesto
1637 835 1712 866 Uat.
1738 832 1928 875 praeposita

56 891 153 923 sunt,
188 884 245 926 qui
268 897 306 916 eo
331 891 460 917 tantum
483 898 502 917 a
525 887 657 927 uolgata
684 886 850 928 scriptura
875 886 1042 924 dissentit,
1078 884 1166 927 quod
1191 883 1312 914 uitiose
1339 885 1459 927 inquitz
1482 896 1544 926 pro
1568 886 1680 928 iuquit
1704 886 1785 929 ([ιιῐιι
1817 884 1925 915 habet.

55 938 232 968 Praeterea
272 944 385 969 tuetur
415 939 636 978 (lichitczbz'tis3
679 950 721 970 ex
751 951 816 980 quo
847 939 971 969 iniuria
997 950 1015 969 a
1043 950 1098 969 me
1126 937 1153 967 B
1188 942 1221 966 et
1242 936 1271 966 E
1301 937 1499 968 auctoritate
1531 938 1697 970 dubitatis
1727 937 1928 980 rescriptum

55 1002 124 1022 esse
147 997 297 1033 apparet.

139 1045 196 1077 Αη
223 1050 255 1075 te
278 1044 340 1075 illa
363 1050 570 1086 argumenta
597 1044 806 1085 duxerunt?)
851 1043 1042 1073 Pronomen
1074 1044 1137 1075 illa
1160 1041 1307 1073 refertur
1329 1042 1369 1073 ad
1393 1043 1582 1085 sequentia,
1623 1050 1655 1074 et
1682 1043 1724 1074 ad
1754 1044 1927 1075 (luxerunt

55 1096 299 1139 supplendum:
334 1103 369 1127 ’.11
391 1097 560 1135 crederes,
593 1109 653 1139 per
677 1097 855 1127 coitionem
881 1096 986 1126 tribus
1011 1103 1184 1138 corruptas
1208 1107 1289 1127 esse.
1333 1097 1469 1135 Nexus,
1500 1108 1599 1138 quem
1624 1097 1759 1139 quidam
1783 1096 1926 1126 editores

53 1162 121 1181 non
146 1155 408 1192 perspexerunt,
445 1149 499 1180 hic
522 1155 581 1180 est.
626 1149 739 1191 Pergit
763 1149 898 1185 Cicero,
928 1148 1017 1189 quod
1043 1149 1071 1189 ξ.
1096 1149 1147 1180 48.
1172 1149 1300 1190 coepit,
1335 1148 1582 1188 demonstrare,
1618 1162 1686 1181 11011
1710 1148 1926 1191 corruptione

52 1202 202 1234 tribuum
234 1207 284 1232 set
312 1202 472 1243 legitulna
501 1203 630 1234 ratione
653 1203 826 1233 Plancium
857 1201 1061 1232 aedilitatem
1093 1213 1162 1233 esse
1191 1203 1362 1244 adeptum.
1407 1201 1458 1233 Ac
1482 1202 1630 1244 primum
1660 1201 1796 1245 quidem
1822 1201 1850 1241 ξ.
1873 1199 1924 1240 49.

52 1255 159 1287 tribus
182 1266 200 1284 a
224 1254 357 1285 Plancio
382 1266 449 1285 11οη
473 1267 542 1288 esse
566 1262 756 1298 corruptas,
787 1267 829 1286 ex
853 1267 892 1285 00
915 1254 992 1285 satis
1020 1254 1151 1285 elucere
1175 1255 1271 1292 dicit,
1304 1253 1393 1295 quod
1416 1254 1586 1296 prioribus
1610 1256 1675 1286 iam
1699 1254 1860 1291 comitiis,
1891 1252 1925 1282 111

52 1307 171 1350 quibus
189 1307 281 1337 nulla
298 1314 353 1337 aut
368 1307 538 1340 sueritaut
559 1320 628 1340 esse
653 1308 801 1351 potuerit
824 1307 1010 1349 largitionis
1033 1308 1189 1349 suspicio,
1214 1307 1366 1338 Plancius
1389 1307 1505 1338 aedilis
1532 1315 1616 1340 esset
1632 1308 1831 1349 designatus.
1859 1304 1924 1336 Ni-

52 1360 236 1392 hilominus
265 1360 358 1390 addit
387 1360 459 1390 fieri
489 1361 655 1402 potuisse,
692 1367 727 1391 ut
758 1361 1001 1402 posterioribus
1025 1360 1167 1391 comitiis
1190 1359 1381 1391 Laterensis
1413 1367 1582 1392 crearetur
1605 1361 1736 1399 aedilis,
1770 1359 1798 1390 51
1820 1356 1922 1389 modo

52 1413 180 1457 populo
211 1412 338 1442 interea
369 1413 446 1443 satis
477 1413 619 1444 demisse
650 1414 884 1455 supplicasset,
918 1425 1027 1454 neque
1059 1425 1197 1455 magnae
1222 1412 1341 1455 populi
1372 1413 1460 1454 parti
1483 1413 1632 1444 infensus
1660 1412 1796 1450 fuisset,
1830 1410 1922 1441 cuius

50 1466 154 1497 animi
178 1464 293 1495 relicta
317 1465 504 1496 tribunatus
528 1466 691 1508 petitione
715 1466 933 1496 uehementer
956 1467 996 1496 ab
1020 1478 1058 1496 eo
1082 1466 1209 1496 fuerint
1235 1465 1422 1496 abalienati.
1470 1466 1565 1507 Quae
1588 1478 1663 1497 cum
1686 1467 1732 1497 ita
1753 1465 1837 1502 sint,
1880 1473 1923 1493 ex

51 1531 105 1558 eo,
145 1518 233 1560 quod
265 1518 417 1558 quamuis
450 1518 674 1560 dignissumus
703 1519 872 1549 aedilitate
896 1518 1030 1549 Plancio
1064 1524 1172 1548 tamen
1194 1518 1399 1560 postpositus
1425 1518 1483 1556 sit,
1525 1519 1662 1549 omnino
1686 1522 1923 1560 argumentum

50 1578 148 1614 negat
172 1570 247 1601 duci
271 1571 311 1601 ad
336 1571 549 1612 probandum
574 1582 687 1613 posse,
724 1571 896 1601 Plancium
922 1571 1089 1613 corruptis
1114 1571 1266 1601 tribubus
1295 1582 1364 1601 esse
1385 1570 1526 1602 aedilem
1551 1571 1686 1602 sactum.
1732 1572 1801 1602 lam
1831 1574 1924 1611 patet

49 1625 244 1657 rectissume
268 1635 407 1665 pergere
431 1630 599 1655 oratorem
623 1624 752 1655 uerbis:
776 1624 834 1656 Aa
859 1629 890 1655 te
913 1625 976 1655 illa
999 1629 1205 1666 argmnenta
1229 1624 1428 1655 duxeruut?
1451 1630 1530 1664 em,
1556 1636 1664 1666 neque
1686 1624 1863 1666 quicquam
1886 1622 1922 1652 in

49 1679 89 1710 iis
112 1677 310 1708 mutandum
336 1688 415 1707 esse.
1533 1672 1539 1674 -

135 1730 335 1768 Dubitatis,
359 1731 441 1773 quin
465 1730 566 1761 coitio
580 1729 683 1772 facta
708 1731 772 1767 sit,
794 1742 870 1761 cum
893 1729 1002 1761 tribus
1020 1729 1205 1772 plerasque
1229 1742 1304 1761 cum
1326 1730 1441 1760 Plotio
1467 1729 1586 1761 tulerit
1611 1727 1816 1771 Pluncl'us?)
1849 1727 1922 1758 Ne-

53 1796 116 1827 que
140 1784 221 1814 haec
246 1784 347 1813 uerba
371 1794 478 1823 neque
503 1794 586 1824 quae
612 1794 778 1824 proxume
808 1788 966 1813 secuntur
996 1782 1036 1811 ab
1061 1783 1246 1814 editoribus
1275 1783 1452 1824 explanata
1474 1788 1569 1819 sunt,
1608 1792 1810 1823 quamquam
1841 1789 1922 1821 prae

51 1836 169 1869 ceteris
194 1835 418 1876 explicatione
450 1835 600 1875 egebant.
645 1835 727 1866 Tria
756 1835 981 1877 potissumum
1006 1841 1101 1872 suut,
1141 1848 1224 1877 quae
1247 1836 1342 1866 nobis
1366 1836 1429 1866 hoc
1452 1835 1492 1866 de
1517 1837 1588 1866 loco
1612 1833 1780 1865 monenda
1802 1832 1922 1862 uiden-

52 1897 125 1922 tur:
150 1888 318 1931 primum,
343 1899 426 1928 quae
450 1887 553 1917 fuerit
576 1887 692 1926 coitio,
719 1899 816 1929 quam
840 1887 1031 1918 Laterensis
1056 1887 1228 1919 Plancium
1252 1889 1340 1919 inter
1363 1895 1396 1919 et
1415 1889 1560 1919 Plotium
1586 1887 1705 1918 factam
1729 1886 1828 1923 dicit3
1862 1884 1922 1914 de·-

50 1943 129 1976 inde
152 1953 252 1983 quam
276 1940 345 1971 uim
368 1946 564 1981 argumenta
587 1941 744 1978 habeant,
784 1940 903 1981 quibus
927 1939 1070 1981 probare
1094 1941 1222 1971 studuit
1244 1941 1454 1978 Laterensis,
1488 1942 1667 1972 coitionem
1689 1939 1810 1970 saetam
1832 1947 1919 1975 esse3

50 1995 193 2036 denique
218 1993 387 2035 quomodo
412 1994 529 2024 Cicero
553 2000 748 2035 argumenta
770 1993 826 2023 illa
850 1993 889 2023 ab
915 1994 1096 2024 Laterense
1122 1993 1231 2023 adlata
1254 1992 1409 2024 refellere
1432 2001 1567 2026 conatus
1593 1994 1646 2025 sit.

134 2048 186 2080 Ac
208 2046 357 2088 primum
383 2047 519 2088 quidem
548 2059 622 2077 cuni
647 2047 825 2077 coitionem
856 2057 874 2076 a
899 2046 1034 2076 Plancio
1060 2057 1135 2077 cum
1159 2046 1268 2076 Plotio
1302 2045 1419 2077 factam
1442 2047 1633 2078 Laterensis
1664 2045 1761 2084 dicit,
1795 2054 1919 2075 conue-

50 2102 137 2134 nisse
165 2099 252 2130 inte-r
284 2110 338 2130 eos
371 2100 411 2129 de
437 2099 590 2130 tribubus
620 2098 894 2140 corrumpendis,
936 2104 973 2129 ut
1005 2099 1103 2129 ambo
1133 2098 1256 2129 aediles
1281 2106 1491 2138 crearentur,
1527 2099 1700 2141 significat.
1746 2098 1799 2129 Ex
1822 2102 1918 2139 pacto

50 2155 110 2186 illo
134 2159 276 2192 uterque
298 2158 426 2183 certum
451 2152 617 2194 quendam
643 2152 792 2182 tribuum
818 2163 996 2182 numerum
1022 2151 1067 2182 ita
1093 2152 1234 2182 debebat
1256 2151 1319 2182 sibi
1342 2152 1519 2182 conciliare
1543 2158 1575 2182 et
1590 2151 1780 2190 deuincire,
1804 2156 1841 2180 ut
1863 2160 1918 2179 ea-

50 2218 126 2239 rum
159 2204 314 2246 sull'ragia
346 2216 413 2235 non
437 2206 521 2236 alius
546 2216 644 2246 quam
669 2204 820 2234 Plancius
851 2211 883 2235 et
906 2205 1033 2236 Plotius
1064 2205 1203 2236 ferrent.
1248 2204 1440 2235 Istiusmodi
1473 2205 1617 2236 coitione
1647 2204 1754 2235 multo
1788 2201 1918 2233 facilius

51 2259 242 2291 candidatos
268 2257 499 2298 magistratum
523 2270 623 2300 quem
646 2257 804 2301 petebant
825 2257 964 2300 adipisci
989 2258 1148 2301 potuisse,
1172 2257 1289 2288 uidere
1312 2257 1346 2288 in
1361 2263 1565 2301 promptust.
1609 2258 1696 2290 Nam
1717 2256 1803 2298 finge
1817 2256 1919 2286 Plan-

127 2411 153 2450 l)
192 2410 373 2437 Uersiculus
392 2420 490 2448 prope
511 2421 632 2439 uacuus.
672 2410 710 2440 A.
731 2412 849 2439 Mnus.
