2264 2746
251 80 287 108 94
906 61 1471 93 COMMENTARIUS.

250 148 327 180 uiro
350 145 552 178 doctissumo
575 142 724 186 potuerit
746 140 780 170 in
797 144 945 170 mentem
967 137 1096 169 uenire.
1142 138 1222 169 Non
1245 137 1489 179 intelleguntur
1510 137 1565 169 hic
1589 136 1670 168 socii
1693 135 1765 168 siue
1787 137 1975 179 uectigales,
1999 139 2055 181 qui
2087 139 2123 171 in

252 200 437 245 prouinciis
460 199 599 241 degunt,
632 194 751 236 quibus
774 192 888 222 nullus
912 191 1004 222 locus
1029 190 1157 221 Romae
1179 189 1215 220 in
1239 190 1399 230 comitiis,
1430 191 1488 222 sed
1513 189 1594 221 socii
1617 189 1895 232 publicanorum,
1926 191 1983 232 qui
2004 198 2036 223 et
2058 192 2124 235 ipsi

254 261 349 285 eraut
371 254 498 295 equites
522 246 677 282 Romani.
723 244 808 286 Quis
833 244 964 286 ignorat
985 243 1247 287 publicanorum
1268 243 1459 285 societates,
1493 243 1535 274 de
1558 242 1678 285 quibus
1701 242 1774 285 ipse
1792 242 1964 274 Manutius
1987 243 2029 275 ad
2052 245 2126 288 epi-

253 307 355 339 stulas
379 307 420 338 ad
443 300 655 337 Familiaris'?
701 299 909 331 GRAEUIUS.

1081 382 1212 419 CAP.
1251 384 1299 418 X.

338 471 486 515 Aliquid
504 475 687 515 praeterea
708 485 750 492 —
771 466 964 499 adtulimus
987 466 1091 498 etiam
1114 465 1187 509 nos)
1232 464 1488 497 Necessario
1512 463 1786 507 temperauit,
1811 464 1993 506 gratiam
2015 476 2130 497 suam

254 538 336 559 nou
358 523 642 556 mediocriter
664 519 901 564 profuisse,
936 518 1104 560 quando
1128 519 1198 550 uir
1221 517 1466 549 consularis
1492 517 1791 548 testimonium
1814 517 2131 550 beneficiorum

256 581 297 611 in
328 590 370 609 se
400 576 674 607 conlatorum
705 572 936 616 perhibens
952 571 978 613 ¹)
1010 572 1239 603 candidato
1272 571 1451 602 multum
1486 575 1691 612 potuerat
1720 581 1992 611 promouere.
2038 571 2133 602 Hoc

254 642 358 663 uero
386 641 434 660 ne
465 634 576 660 esset
605 627 799 659 insolens
831 632 863 658 et
886 625 1138 667 superbum,
1174 622 1403 668 praemisit
1431 621 1748 664 adlegationem
1777 624 2043 655 uerecundae
2073 623 2133 655 ti·-

253 683 334 716 mid
347 683 357 713 i
370 681 481 713 tatis.
527 681 687 712 SeuoLIA
712 682 974 712 AMBROSIANA.

342 736 478 768 Timide
506 733 632 775 dicam)
678 733 732 764 Sic
761 744 820 774 ego
852 742 895 762 ex
918 730 952 762 A
978 741 1041 772 pro
1073 736 1265 761 ceterorum
1293 729 1462 760 librorum
1491 728 1659 770 scriptura
1692 727 1813 759 timide
1842 728 1918 759 (lico
1949 727 2026 758 dedi
2055 739 2132 760 cum

254 794 395 831 propter
418 798 508 825 eam,
546 797 646 828 quam
669 786 802 827 Proleg.
827 785 867 815 L.
891 784 917 813 I.
943 783 980 814 C.
1005 783 1065 813 III.
1097 784 1126 824 ς.
1151 784 1180 814 6.
1204 794 1238 826 p.
1261 783 1345 814 XX.
1370 781 1638 821 coumemoraui,
1677 792 1842 820 caussam,
1880 787 1952 811 tum
1975 791 2136 811 maxume

254 846 451 883 propterea,
484 839 572 880 quod
599 838 798 870 Cicerone-111
824 837 856 867 in
881 836 944 867 hoc
968 836 1131 877 loquendi
1161 847 1283 878 genere
1311 847 1445 877 semper
1474 834 1590 866 futuro
1622 841 1776 876 tempore
1806 845 1905 865 usum
1929 844 1999 864 esse
2021 832 2133 864 uideo.

255 893 310 924 Sic
334 891 422 923 infra
446 893 483 923 C.
506 891 643 923 XXVI.
670 892 699 932 ξ.
725 890 775 921 64.
807 889 894 921 Uere
919 890 1110 921 mehercule
1133 889 1194 920 hoc
1217 889 1348 920 (licam.-
1371 889 1420 920 sic
1444 894 1517 920 tum
1540 887 1799 919 existumabam.
1825 887 1867 917 Π.
1893 886 1933 917 de
1957 886 2053 918 Orat.
2072 885 2136 923 IV,

259 947 306 978 15.
330 951 380 977 set
404 951 534 983 tamen,
572 956 651 976 uere
674 945 803 983 dicam,
842 943 985 986 (suaeuis
1008 943 1147 974 mallem
1160 940 1295 983 fuisset
1318 953 1420 984 quam
1444 941 1531 979 ista,
1564 953 1667 984 quam
1689 941 1788 971 ‹lic-is.
1821 940 1864 970 II.
1888 939 1924 970 in
1947 939 2047 971 Uerr.
2071 938 2136 978 IV,

259 998 312 1037 14,
338 998 388 1030 52.
434 998 521 1029 Uere
543 997 733 1029 mehercule
759 997 830 1034 hoe,
859 996 1008 1033 iudices,
1037 996 1167 1027 dicam:
1205 994 1346 1025 memini
1377 994 1603 1036 Pamphilum
1626 1012 1666 1018 —
1695 993 1782 1024 mihi
1813 1003 1968 1024 narrare.
1997 1002 2060 1034 pro
2089 989 2136 1023 A.

257 1051 391 1082 Cluent.
414 1052 520 1090 XIX,
555 1051 606 1082 51.
630 1051 678 1081 sic
694 1049 859 1092 pugnaui
881 1066 923 1072 -—
946 1054 985 1080 ut
1005 1050 1084 1086 lioc,
1119 1046 1209 1089 qzcocl
1238 1046 1358 1077 timide
1388 1046 1519 1085 dicam,
1557 1051 1754 1078 consecutus
1785 1046 1868 1083 sim,
1901 1057 1943 1076 ne
1972 1044 2050 1087 quis
2079 1043 2137 1075 illi

257 1116 397 1136 caussae
416 1110 604 1146 patronum
627 1101 779 1144 defuisse
802 1101 1045 1132 arbitraretur.
1071 1100 1114 1130 ΙΙ.
1139 1099 1173 1129 in
1198 1099 1290 1129 Rull.
1316 1099 1371 1139 V,
1404 1110 1451 1130 10.
1486 1098 1583 1131 ,Nam
1607 1111 1686 1130 ltere
1708 1098 1838 1136 dicam,
1869 1097 2045 1137 Quirites,
2067 1103 2138 1139 'ge-

257 1169 321 1188 mis
347 1157 459 1199 ipsum
483 1157 570 1199 legis
601 1155 767 1198 agrariae
796 1147 997 1196 uituperare
1022 1165 1088 1184 non
1114 1165 1264 1196 possum.
1287 1163 1351 1194 pro
1382 1151 1490 1183 Sestio
1514 1153 1583 1190 IX,
1616 1163 1666 1183 22.
1702 1152 1782 1194 Ego
1805 1158 1938 1189 autem,
1973 1161 2054 1182 uere
2076 1150 2138 1181 hoc

257 1210 381 1245 dicam,
405 1209 547 1246 iudices,
572 1213 707 1239 tantum
729 1219 798 1238 esse
822 1207 858 1237 itz
881 1206 1016 1238 homine
1041 1206 1178 1237 sceleris
1201 1223 1242 1229 —
1265 1218 1452 1248 numquam
1469 1205 1611 1248 putaui.
1633 1205 1713 1236 XII.
1742 1204 1829 1235 Phil.
1852 1205 1898 1242 X,
1923 1203 1973 1235 24.
2002 1202 2139 1234 Timide

257 1263 318 1293 hoc
340 1262 474 1292 dicam.-
505 1261 574 1291 scio
598 1261 688 1292 enim
712 1260 852 1302 quiduis
875 1259 1006 1290 homini
1029 1259 1183 1290 accidere
1199 1270 1312 1301 posse.
1340 1257 1381 1288 de
1403 1259 1507 1300 Legg.
1532 1258 1583 1297 II,
1610 1268 1647 1297 2,
1678 1256 1708 1288 4.
1740 1257 1834 1297 Quin
1858 1258 1949 1300 ipse,
1979 1267 2060 1288 uere
2082 1255 2138 1288 di-

257 1325 351 1351 cam,
381 1325 456 1344 sam
480 1314 535 1344 illi
559 1314 666 1344 uillae
689 1313 835 1344 amit-ior
856 1312 954 1343 modo
968 1310 1104 1354 factus.

340 1366 532 1409 Appellaui
548 1366 721 1408 populum
745 1365 919 1402 tributim,
955 1363 1099 1395 submisi
1120 1375 1173 1394 me
1196 1368 1228 1394 et
1256 1361 1467 1406 supplic-azzi)
1513 1362 1567 1393 Sic
1596 1373 1656 1404 ego
1686 1361 1818 1404 primus
1848 1360 1984 1404 scripsi,
2019 1372 2140 1403 quam-

259 1430 359 1461 quam
387 1418 538 1450 Orellius
570 1419 636 1449 iam
671 1418 856 1450 Garatonio
890 1423 1027 1448 auctore
1061 1415 1219 1448 tributim
1247 1427 1311 1458 pro
1340 1415 1474 1457 uolgata
1506 1414 1673 1456 scriptura
1707 1414 1863 1446 tribubus
1899 1413 2037 1457 recepit.
2082 1414 2141 1445 Set

257 1472 345 1503 male
367 1471 418 1502 illi
442 1471 600 1503 tributim
622 1482 698 1501 cum
721 1471 937 1512 sequentibus
961 1470 1230 1508 coniunxerunt,
1256 1468 1347 1509 quod
1367 1480 1427 1511 ego
1452 1480 1494 1499 ex
1516 1467 1638 1498 codicis
1662 1466 1734 1498 Erf.
1757 1467 1954 1498 auctoritate
1977 1478 2054 1498 cum
2076 1478 2141 1498 an-

258 1524 487 1556 tecedentibus
524 1524 696 1555 coniunxi.
743 1524 903 1554 Ceterum
933 1528 1023 1553 recte
1055 1521 1190 1553 monuit
1214 1521 1438 1553 Garatonius:
1475 1521 1577 1562 „Ego
1603 1520 1761 1552 tributim
1784 1531 1899 1551 ueram
1923 1531 1993 1551 esse
2018 1519 2140 1552 lectio-

259 1589 338 1609 nem
360 1583 462 1619 puto,
493 1577 586 1608 cuius
607 1576 787 1618 uestigium
810 1582 964 1618 superest
985 1575 1019 1606 iu
1044 1586 1119 1606 meo
1144 1574 1257 1605 codice
1282 1574 1424 1605 habente
1449 1573 1610 1605 tribuum.
1655 1573 1849 1604 Formulast
1873 1579 2012 1616 optuma
2035 1583 2139 1615 eaque

260 1630 380 1669 rarior,
405 1636 437 1660 et
456 1630 597 1660 molesta
620 1629 776 1667 librariis,
800 1635 838 1660 ut
862 1628 1009 1660 uidimus
1032 1627 1073 1658 ad
1097 1638 1124 1657 c.
1141 1627 1192 1658 52.
1216 1638 1279 1669 pro
1295 1627 1403 1658 Mur..
1450 1627 1536 1658 Cum
1559 1626 1767 1667 diligentiam
1791 1625 2038 1668 suffragationis
2060 1636 2140 1657 suae

263 1684 380 1715 Cicero
405 1689 569 1725 exponat,
600 1683 793 1726 appellaui,
823 1682 885 1721 ait,
918 1681 1107 1725 populum,
1143 1680 1300 1712 tributim
1328 1679 1482 1722 (populo)
1508 1679 1651 1711 submisi
1673 1691 1725 1710 me
1748 1684 1781 1711 et
1803 1679 2021 1722 supplicaui3
2057 1678 2140 1710 haut

263 1735 414 1779 profecto
444 1736 545 1779 pleno
575 1736 681 1767 tribus
712 1734 975 1777 uniuscuiusque
1007 1733 1207 1772 conuentui,
1246 1744 1307 1763 nec
1335 1733 1474 1775 singulis
1507 1732 1770 1773 uniuscuiusque
1800 1733 1905 1763 tribus
1933 1731 2138 1772 hominibus,

264 1801 385 1820 uerum
406 1789 506 1826 notis,
535 1788 682 1826 delectis,
708 1788 866 1830 grauibus
889 1801 932 1820 ex
956 1797 1156 1829 unaquaque
1179 1785 1287 1824 tribu3
1312 1792 1349 1817 ut
1373 1798 1471 1827 quam
1495 1786 1610 1828 plures
1633 1791 1745 1827 posset
1769 1785 1874 1816 tribus
1898 1783 2032 1815 Plancio
2056 1795 2139 1815 con-

267 1841 389 1873 ficeret.
434 1841 599 1873 Similiter
623 1842 664 1872 de
687 1841 803 1872 Scauri
829 1841 995 1883 legatione
1019 1841 1080 1872 IV.
1105 1838 1145 1870 ad
1169 1838 1243 1870 Ait.
1272 1839 1318 1871 16.
1335 1839 1467 1883 populo
1491 1838 1648 1870 tributim
1670 1838 1763 1869 domi
1784 1849 1865 1868 suae
1888 1835 2137 1879 satisfecerat,

266 1894 411 1926 nummis
432 1906 493 1937 per
517 1894 681 1926 diuisores
704 1895 855 1926 tribuum
880 1893 1085 1925 distributis:
1119 1904 1229 1933 neque
1255 1892 1344 1922 enini
1370 1892 1475 1922 tribus
1499 1891 1590 1933 ipsae
1612 1891 1760 1932 integrae
1781 1889 1821 1919 ad
1846 1890 2008 1920 Scaurum
2033 1901 2138 1922 uene-

268 1954 352 1979 rant.
396 1949 480 1979 Item
504 1947 672 1985 Lucilius,
698 1947 739 1978 de
763 1959 829 1989 quo
855 1946 901 1977 ait
923 1946 1085 1977 Horatius
1109 1946 1151 1976 II.
1177 1946 1284 1976 Serm.
1310 1946 1340 1984 I,
1365 1945 1415 1987 69.
1439 1945 1617 1977 Primores
1636 1943 1759 1986 populi
1780 1943 1933 1985 arripuit
1950 1944 2139 1986 populum-

270 2013 332 2044 que
354 2001 528 2039 tributim,
560 2000 699 2043 singulis
723 2012 765 2031 ex
789 2000 959 2039 tribubus,
990 2011 1071 2041 quos
1097 2005 1247 2036 notaret,
1281 1997 1419 2040 delegit:
1454 1998 1536 2029 haut
1559 2003 1647 2027 certe
1669 1995 1879 2037 singulorum
1903 2006 1944 2025 ex
1971 1996 2138 2037 omnibus,

269 2059 327 2084 aut
353 2053 588 2084 uniuersorum
619 2053 740 2093 simul,
781 2052 839 2095 qui
867 2065 933 2084 una
963 2053 1054 2084 tribu
1080 2058 1312 2090 censerentur,
1354 2051 1468 2082 uitiast
1496 2049 1717 2080 i11sectatus.“
1761 2047 1853 2078 Idem
1878 2047 1912 2077 in
1940 2048 2020 2079 Cur.
2047 2049 2137 2081 Sem

271 2106 485 2147 „Asconium
516 2106 602 2137 addo
632 2106 667 2137 in
690 2112 889 2149 argumento
913 2106 1138 2138 Milonianae:
1172 2112 1289 2149 aperte
1319 2116 1450 2148 quoqne
1472 2102 1629 2135 tributim
1652 2102 1688 2132 isi
1710 2101 1866 2143 singulos
1888 2100 1984 2132 mille
2005 2101 2137 2133 assium

272 2160 422 2192 dederat.
473 2159 526 2190 Sic
557 2160 647 2190 enim
679 2160 875 2202 legendum,
918 2165 957 2191 ut
983 2160 1079 2192 mille
1104 2172 1247 2192 tzalmam
1275 2158 1414 2197 dicitur,
1454 2167 1524 2188 non
1552 2155 1662 2188 milia.
1710 2153 1933 2185 Mamertinus
1965 2153 2066 2185 etiam
2100 2153 2140 2184 in.

348 2316 376 2355 1)
411 2317 604 2350 Pedsthmffi
639 2318 682 2346 sic
703 2328 756 2355 ego
778 2319 898 2347 correxi
919 2329 976 2358 pro
997 2318 1112 2347 codicis
1133 2318 1285 2357 scriptura
1301 2316 1465 2354 perficiens.
1505 2313 1586 2341 Uide
1606 2312 1736 2351 interpr.
1757 2311 1864 2340 Ambr.
1890 2311 1926 2339 ad
1948 2321 1972 2339 c.
1997 2310 2056 2347 15.,
2082 2310 2137 2339 ubi

275 2365 377 2394 eadem
396 2364 552 2393 locutione
572 2367 777 2393 testimoniam
792 2367 953 2404 perhibere
973 2377 1043 2396 usus
1060 2372 1115 2396 est.
1156 2367 1249 2396 Nunc
1269 2364 1360 2393 uideo
1380 2363 1461 2391 idem
1482 2360 1648 2389 coniecisse
1664 2359 1872 2388 Niebuhr-ium
1892 2364 1923 2387 et
1937 2358 2136 2397 Maduigium.
