2264 2746
878 116 916 144 L.
938 116 978 145 11.
1019 117 1052 145 c.
1074 116 1097 145 1.
1138 115 1164 156 ς.
1186 118 1212 145 8.
1810 117 1980 149 XXXVII

107 199 163 229 est,
183 193 234 222 hic
254 204 376 232 quoque
396 194 430 221 in
450 193 555 221 codice
576 191 719 230 principe
739 201 831 229 snper
852 191 909 219 libi
929 191 1105 229 explicandi
1127 202 1230 219 caussa
1250 192 1286 219 ab
1309 192 1480 230 interprete
1500 200 1612 219 nomen
1633 190 1813 219 Laterensis
1833 194 1981 232 scriptum

106 242 201 270 fuisse
228 242 376 280 suspicor.
424 241 509 276 Hine
540 238 693 277 quomodo
722 238 838 277 duplex
864 239 918 266 illa
938 239 1093 277 scriptura
1119 239 1260 267 codicum
1281 239 1358 267 oriri
1386 239 1542 277 potuerit,
1570 248 1675 266 omncs
1702 238 1763 266 iam
1790 250 1843 268 sua
1870 248 1980 280 sponte

108 290 301 327 intellegent.

182 338 216 366 C.
241 338 310 365 Vll.
331 335 358 376 §.
383 345 423 371 17.
464 334 563 371 Quid,
598 335 626 362 si
648 334 760 370 populi
781 343 897 370 quoque
917 334 1046 371 J'acltmi
1067 334 1215 372 defendo,
1242 335 1438 366 Laterensis,
1474 340 1502 361 et
1522 334 1626 368 doceo,
1654 336 1707 364 Cn.
1727 336 1900 364 Plancium
1920 348 1981 365 non

107 386 271 423 obrepsisse
292 385 335 412 acl
352 384 510 415 honorem,
531 387 573 409 set
596 392 628 409 eo
649 383 768 409 uenisse
789 392 899 414 rursu,
921 385 975 419 qui
995 392 1110 417 semper·
1126 384 1265 418 patueril
1287 381 1520 409 hominebus
1540 382 1596 410 hoe
1616 390 1719 411 nostro
1739 387 1874 422 equestri
1893 386 1984 414 loco?

182 433 301 462 Primus
324 431 477 459 Graeuius
498 430 556 458 1100
578 430 646 457 1000
668 434 737 467 post
757 428 932 457 hominibus
953 439 991 456 ex
1016 429 1096 463 lars„
1118 439 1248 466 quocum
1270 430 1294 456 B
1315 430 1486 464 consentit,
1516 433 1590 458 ortis
1611 431 1744 467 addidit,
1772 442 1861 470 saepe
1882 438 1982 462 tamen

109 482 140 510 id
161 480 318 510 subaudiri
339 489 369 506 se
390 489 453 506 non
474 477 593 506 nescire
614 487 750 505 monens,
792 477 907 504 Contra
929 477 1115 505 Caratonins
1137 476 1211 504 haec
1232 477 1407 504 adnotauit:
1441 478 1661 517 „l’artieipinm
1682 483 1757 508 ortis
1777 481 1982 510 necessarium

110 540 171 557 11011
192 534 252 564 cst,
280 533 313 555 ut
333 525 412 553 uidit
433 525 499 563 ipse
521 525 691 560 Graeuius,
720 529 750 551 et
777 524 874 561 glossa
903 525 1027 553 uidetur
1048 525 1203 553 Ernestio.
1242 525 1315 552 Alia
1342 524 1432 562 plane
1459 525 1568 552 ratiost
1597 527 1734 555 locorum
1756 528 1842 556 Tulli
1864 529 1886 557 I.
1908 530 1982 567 Agr.

109 587 135 615 9.
157 580 187 603 et
214 575 316 602 [Talcr.
338 575 420 601 Max.
442 573 501 608 lV,
524 583 555 609 7,
583 574 618 600 4.
666 573 781 599 Tamen
812 572 925 607 Ucrb.,
956 573 1090 607 Oliuet.,
1119 582 1152 599 ae
1173 571 1408 599 Lallemandnm
1437 572 1601 609 dampnare
1622 584 1683 601 non
1704 575 1816 611 ausim,
1845 577 1898 614 qni
1918 587 1983 606 eam

109 634 217 652 uocem
238 623 273 650 ab
297 622 406 656 unico,
443 626 489 649 set
517 621 639 658 egregio
661 621 729 648 Mso
759 619 903 657 [quocum
925 621 948 647 Β
969 618 1056 656 facit]
1078 629 1146 646 cum
1168 619 1304 646 Graeuio
1326 624 1542 656 sumpserunt,
1577 630 1644 648 cnm
1665 624 1845 659 praesertim
1866 625 1983 664 aliquid

109 671 141 699 in
162 681 196 698 ea
215 670 255 698 sit
276 669 463 706 diligentiae.
503 668 661 706 Significat
683 667 764 694 enim
784 666 924 694 homines
945 677 1061 701 nouos,
1083 677 1213 703 quorum
1234 666 1365 693 maiores
1387 666 1418 693 in
1441 667 1576 704 equestri
1597 678 1717 706 semper
1738 670 1886 707 dignitate
1906 684 1982 702 con-

106 719 256 747 stiterunt.
299 716 384 744 Talis
406 727 445 743 ex
465 726 489 743 c.
514 717 554 743 13.
583 715 726 743 Plancius
748 714 842 742 fuisse
864 714 1074 750 cognoscitur,
1110 714 1186 741 tales
1208 714 1247 748 ii,
1279 714 1331 751 qni
1354 724 1377 741 c.
1397 715 1442 741 25.
1460 716 1537 750 pari
1557 715 1620 742 loco
1641 718 1702 743 orti
1722 717 1880 755 dicuntur,
1898 721 1983 757 talis,

108 771 143 794 ut
163 766 238 793 alios
259 770 465 803 praeteream,
500 763 536 790 de
558 764 668 801 quibus
689 762 805 790 locutio
827 761 929 788 cadem
950 761 1129 797 adhibetur,
1167 762 1232 799 ipse
1255 761 1397 796 Tullius,
1426 761 1478 799 qui
1500 764 1633 799 equestri
1654 769 1754 790 ortum
1774 766 1836 793 loco
1857 778 1887 794 se
1908 768 1984 797 dicit

110 814 143 841 in
164 814 236 851 Agr.
266 814 284 841 l.
315 824 356 848 c.‚
387 818 416 840 et
444 822 475 839 se
502 811 553 839 hic
582 822 649 839 cum
679 809 803 838 Plancio
832 809 1046 847 similibusque
1074 809 1243 846 coniungit.
1292 809 1390 847 Atqui
1418 809 1559 837 homines
1588 809 1680 837 ctiam
1707 812 1826 841 nobiles
1853 820 1986 854 equestri

109 863 173 890 loco
194 871 274 895 esse,
295 866 325 888 et
345 862 456 897 equilis
476 858 710 892 Romanifilios
730 857 867 895 potuisse
889 857 979 885 docet
1000 857 1128 894 insignis
1150 857 1235 883 locus
1256 867 1313 894 pro
1335 858 1457 885 Mnren.
1481 867 1521 893 7.,
1543 868 1633 895 quem
1655 860 1817 888 consulefl

187 908 324 936 Orellius
347 907 514 935 Graenium
538 910 657 933 secutus
679 907 753 932 ortis
773 906 909 943 recepit3
940 911 971 933 et
991 910 1092 940 recte,
1119 910 1153 932 ut
1174 904 1296 942 opinor.
1337 904 1415 932 Nam
1437 905 1489 942 (1111
1511 915 1613 933 carcre
1634 906 1692 934 hoc
1719 909 1885 947 participio
1914 923 1983 940 ora-

115 957 231 985 tionem
258 966 347 994 posse
374 954 515 983 arbitrati
543 958 628 987 sunt,
657 958 726 980 autc
751 953 853 980 onmia
881 953 1033 981 similibus
1063 953 1140 980 locis
1170 952 1338 979 conuenire
1367 953 1426 981 1100
1454 953 1601 991 loquendi
1631 964 1741 991 genuS,
1775 956 1909 986 homines
1929 960 1984 988 hoc

114 1010 216 1032 nos-tro
236 1006 370 1040 equestri
388 1004 451 1031 loco
470 999 631 1028 Tullianae
649 1001 877 1037 consuetudini,
899 1001 1052 1029 similibus
1074 1001 1151 1029 locis
1173 1001 1364 1038 conprobare
1386 1001 1546 1029 debebant.
1588 1002 1674 1037 Quos
1694 1003 1755 1030 nisi
1777 1004 1843 1041 quis
1865 1006 1984 1034 adtule-

114 1053 172 1087 rit,
192 1061 252 1078 11011
275 1061 397 1088 possum
418 1051 492 1077 ortis
512 1059 569 1086 pro
592 1047 688 1085 glossa
717 1047 841 1077 habere.
882 1049 993 1087 Neque
1020 1060 1094 1077 uero
1116 1049 1292 1077 istiusmodi
1320 1049 1406 1077 locus
1435 1049 1472 1076 ad
1493 1049 1716 1078 defendendam
1737 1052 1887 1089 uolgatam
1908 1055 1985 1083 seri—

114 1105 233 1139 pturam
252 1099 340 1132 facit,
375 1097 471 1135 qualis
493 1101 554 1130 est,
589 1096 640 1133 (1111
664 1096 693 1123 in
717 1096 810 1124 Corn.
832 1097 965 1135 Nepotis
986 1097 1052 1125 uita
1072 1097 1220 1124 Eumenis
1248 1097 1281 1125 C.
1304 1097 1326 1124 1.
1355 1095 1381 1135 §.
1403 1098 1428 1125 5.
1451 1097 1579 1134 legitur:
1613 1105 1690 1135 aput
1710 1100 1777 1127 illos
1799 1112 1812 1128 e
1832 1105 1986 1130 contrario

113 1157 198 1175 nemo
218 1147 261 1174 ad
278 1146 313 1174 icl
331 1145 464 1182 officium
483 1145 680 1179 admittitur,
700 1147 763 1172 nisi
782 1145 800 1172 h
813 1151 952 1173 ones-to
972 1147 1075 1178 loco,
1096 1151 1124 1172 et
1137 1145 1206 1180 sicle
1227 1151 1255 1172 et
1275 1145 1434 1172 industria
1457 1148 1592 1182 cognita.
1622 1147 1730 1183 Immo,
1751 1148 1866 1186 siquid
1885 1150 1986 1186 uideo,

113 1193 164 1222 hic
185 1204 305 1232 quoqne
325 1193 357 1220 id
377 1193 517 1231 spurium
538 1192 780 1227 iudicandnmst,
811 1193 892 1230 qnod
913 1203 980 1220 cnm
1004 1193 1035 1220 in
1056 1193 1198 1220 omnibus
1220 1193 1378 1220 codicibus
1405 1198 1563 1230 repertum
1587 1200 1682 1231 essct,
1709 1195 1824 1224 nullam
1846 1197 1987 1236 interpo—

113 1241 237 1269 lationis
258 1241 465 1279 suspicionem
491 1241 604 1275 mouit,
640 1251 752 1268 nomen
772 1240 947 1268 hominibus
970 1240 1047 1268 dico.
1087 1240 1123 1267 Id
1143 1241 1168 1267 si
1191 1241 1266 1275 snit,
1296 1250 1372 1279 quae
1392 1251 1458 1268 mea
1478 1242 1657 1279 suspiciost,
1692 1254 1784 1282 super
1804 1247 1881 1272 ortis
1900 1245 1987 1284 posi-

113 1293 196 1324 tum,
216 1288 296 1316 unde
317 1289 478 1316 diuersitas
499 1288 670 1326 scripturae
692 1289 834 1316 codicum
855 1294 921 1317 orta
942 1289 998 1324 sit,
1025 1288 1143 1316 nemini
1164 1289 1294 1327 amplius
1317 1290 1481 1317 obscurum
1502 1290 1572 1319 crit.

189 1336 222 1365 C.
243 1336 333 1364 XIII.
354 1335 380 1375 §.
401 1337 446 1365 33.
485 1336 653 1373 Asperius,
688 1339 808 1374 inquit,
843 1337 964 1364 locatus
993 1343 1034 1364 esi
1056 1337 1181 1374 aliquid
1199 1338 1377 1374 aliqnando.
1396 1353 1433 1357 ——
1459 1339 1555 1366 Immo
1571 1338 1712 1376 fortasse
1731 1339 1866 1369 liberius.
1887 1357 1925 1362 —
1942 1343 1988 1370 At

115 1386 151 1414 id
167 1386 283 1422 ipsum,
304 1386 420 1422 inquit,
450 1395 511 1412 11οη
531 1390 574 1412 est
587 1385 765 1422 serendvm..
784 1400 823 1404 —
842 1386 925 1422 Ergo
945 1384 979 1411 lli
991 1384 1123 1421 ferendi
1142 1390 1232 1419 sunt,
1262 1386 1330 1422 qni
1350 1391 1598 1422 queruntur,
1627 1386 1801 1416 libertatem
1821 1390 1930 1425 equitis
1949 1390 1987 1417 R.

114 1443 144 1460 se
163 1432 253 1470 serre
274 1442 335 1459 non
349 1431 464 1468 posse?
498 1431 627 1460 ubinam
653 1433 705 1460 ille
732 1432 820 1459 mos?
853 1432 905 1460 nbi
933 1433 990 1460 illa
1011 1433 1153 1469 aequitas
1176 1432 1282 1459 iuris?
1317 1432 1372 1460 ubi
1391 1434 1448 1460 illa
1469 1435 1601 1471 antiqua
1621 1434 1765 1472 libertas,
1799 1446 1879 1474 quae
1898 1437 1988 1464 malis

116 1491 259 1518 oppressa
281 1480 426 1508 ciuilibus·
446 1481 587 1508 extollere
611 1482 675 1508 iam
694 1486 788 1516 eaput
809 1486 836 1507 et
857 1481 1028 1518 aliquando
1049 1485 1189 1507 recreata
1209 1490 1239 1507 se
1260 1482 1378 1517 erigere
1399 1480 1550 1508 debebat?

190 1530 236 1557 Ita
244 1528 294 1556 hic
313 1529 397 1556 locus
414 1528 444 1555 in
461 1528 602 1556 omnibus
620 1527 810 1555 editionibus
827 1527 958 1565 scriptus
974 1533 1066 1555 extat.
1088 1528 1153 1565 Ego
1163 1528 1280 1566 primus
1295 1538 1334 1556 ex
1345 1528 1368 1555 B
1380 1533 1409 1555 et
1420 1528 1446 1555 E
1457 1528 1641 1557 auctoritate
1656 1530 1712 1558 hoe
1729 1535 1798 1558 ante
1815 1537 1987 1569 queruntur

117 1576 229 1605 addidi.
268 1576 419 1603 Falsumst
439 1576 530 1611 enim,
551 1575 633 1613 quod
651 1575 804 1603 Graeuius
821 1575 886 1603 Erf.
903 1575 979 1603 dicit
999 1576 1054 1603 lion
1075 1581 1145 1614 post
1167 1581 1341 1613 quet-wilm·
1362 1575 1482 1603 addere.
1522 1576 1638 1605 Errant
1658 1584 1757 1606 autem
1778 1578 1987 1614 uehementer,

118 1624 172 1662 qui
200 1624 255 1651 hoc
280 1634 449 1661 pronomen
477 1624 513 1652 ab
543 1624 715 1662 interprete
736 1624 873 1651 additum
902 1628 1028 1662 putant,
1058 1623 1090 1650 in
1112 1634 1170 1661 qua
1190 1623 1342 1651 sententia
1364 1623 1549 1651 Garatonius
1579 1630 1608 1652 et
1630 1625 1767 1653 Orellius
1794 1626 1911 1654 fuerint
1930 1636 1987 1654 ne-

118 1676 247 1705 cessest,
278 1670 329 1707 qui
357 1671 497 1709 recipere
523 1672 703 1700 recusarint.
744 1671 878 1699 Tantum
908 1672 988 1699 enim
1016 1671 1117 1704 abest,
1145 1676 1179 1699 ut
1207 1671 1428 1709 interpretibus
1458 1671 1563 1699 deberi
1593 1672 1653 1700 dici
1682 1673 1794 1710 possit,
1824 1673 1905 1711 quod
1930 1683 1987 1702 nec

119 1719 321 1758 explicationi
343 1718 406 1745 ullo
428 1719 517 1746 modo
539 1719 688 1747 inserniat
708 1729 807 1757 neque
829 1720 953 1747 omnino
982 1719 1153 1747 sentcntiae
1181 1719 1243 1747 loci
1265 1719 1522 1747 accommodatum
1545 1720 1599 1755 sit,
1634 1721 1721 1758 quale
1742 1730 1912 1757 pronomen
1931 1720 1990 1748 hoc

117 1768 220 1796 uisum
241 1766 409 1794 Caratonio
432 1771 462 1793 et
482 1766 641 1801 Orelliost,
661 1772 696 1794 ut
719 1767 869 1795 eiusmodi
889 1768 1018 1795 uerbum
1040 1772 1091 1794 aut
1111 1767 1147 1794 ab
1169 1767 1235 1805 ipso
1260 1767 1367 1795 Tullio
1389 1768 1561 1806 profectum
1583 1773 1634 1795 ant
1654 1767 1689 1794 ab
1711 1767 1846 1795 librariis
1868 1778 1906 1796 ex
1926 1767 1986 1796 alio

119 1820 298 1853 corruptum
318 1813 490 1841 necessario
512 1814 756 1842 existumandum
777 1815 825 1843 sit.
866 1816 975 1854 Neque
997 1826 1072 1844 uero
1094 1815 1155 1843 uiri
1184 1815 1231 1842 illi
1254 1815 1433 1843 doctissnmi
1463 1825 1633 1853 pronomen
1654 1815 1725 1842 illut
1745 1815 1883 1853 spurium
1903 1815 1987 1843 iudi-

119 1868 253 1899 cassent,
283 1862 308 1889 si
331 1872 390 1899 (1110
411 1862 607 1890 reserendmn
637 1873 756 1900 quoque
784 1863 875 1891 modo
897 1864 1114 1902 explicandum
1135 1868 1232 1899 esset,
1269 1864 1506 1891 intellexissent.
1546 1863 1688 1900 Ineptum
1709 1872 1780 1889 sane
1801 1868 1895 1898 esset,
1925 1863 1950 1890 si
1971 1874 1987 1891 a

119 1912 215 1940 uerbo
236 1916 409 1948 queruntur
428 1909 565 1947 pendere
584 1915 760 1947 putaretur,
790 1910 822 1938 111
843 1922 900 1948 qua
922 1912 1069 1950 opinione
1091 1911 1278 1939 Garatonins
1307 1917 1337 1939 et
1359 1912 1498 1939 Orellius
1518 1911 1664 1938 uidentur
1684 1909 1788 1937 fuisse.
1829 1911 1881 1939 Set
1911 1921 1987 1938 con-

118 1959 304 1997 iungendnm
332 1968 400 1985 cum
421 1958 517 1985 uerbo
538 1958 628 1994 serre
648 1962 693 1985 est
719 1963 750 1986 et
770 1959 966 1988 referendum
994 1960 1030 1988 ad
1058 1959 1278 1987 antecedentia.
1318 1958 1451 1996 Adpono
1480 1959 1592 1986 iterum
1620 1962 1718 1985 totum
1739 1957 1840 1986 locum
1867 1958 1986 1986 omissis

119 2007 275 2046 paulisper
294 2005 398 2034 uerbis
424 2006 597 2034 libertatem
623 2007 734 2042 equitis
753 2006 901 2042 Romani,
929 2012 964 2035 ut
990 2008 1169 2044 intellegas,
1198 2006 1318 2043 egregie
1348 2006 1406 2033 iam
1428 2006 1598 2033 orationem
1617 2005 1801 2043 procedere:
1827 2007 1987 2042 Asperius,

121 2056 239 2093 inquit,
259 2055 379 2082 loculus
399 2059 443 2080 est
462 2053 586 2091 aliquid
603 2053 779 2090 aliquando.
798 2067 836 2073 ·—-
855 2055 951 2082 Immo
969 2055 1108 2092 sorlasse
1129 2054 1266 2082 liberius.
1286 2069 1323 2074 —
1343 2054 1387 2080 „Ab
1407 2054 1441 2081 id
1459 2057 1575 2090 ipsum,
1596 2055 1716 2091 inquit,
1738 2063 1799 2081 non
1819 2059 1863 2080 est
1875 2053 1988 2090 feren-

123 2103 204 2130 (ἰιιηι.
223 2117 260 2123 —
279 2102 364 2138 Ergo
384 2100 418 2128 Izi
429 2101 560 2138 serendi
578 2106 667 2133 sunt,
688 2102 741 2137 qni
759 2100 815 2128 hoc
835 2109 1006 2138 (μιενιιηίιιν
1026 2114 1056 2131 se
1070 2103 1160 2140 serre
1180 2112 1240 2129 non
1256 2111 1344 2138 posse
1356 2101 1370 2128 ?

196 2148 259 2176 Iam
280 2148 347 2186 quis
369 2153 428 2183 est,
463 2148 537 2186 quin
565 2147 730 2186 aptissume
751 2148 854 2176 uideat
873 2159 1043 2187 pronomen
1063 2149 1120 2176 hoc
1148 2149 1284 2187 positum
1305 2158 1368 2175 esse
1389 2148 1491 2185 itaque
1513 2148 1744 2186 explicandum:
1773 2150 1904 2186 equitem
1923 2149 1986 2175 Ra-

124 2206 247 2224 manum
269 2196 395 2224 liberius
415 2197 508 2234 loqui,
530 2196 581 2223 uel
601 2195 737 2229 breuius,
757 2196 929 2224 libertatem
950 2198 1060 2234 equitis
1071 2196 1230 2224 Romani?
1253 2197 1293 2223 El:
1315 2195 1387 2233 quid
1408 2195 1529 2223 tandem
1549 2196 1750 2234 probabilius,
1773 2205 1870 2233 qnam,
1891 2195 1916 2222 si
1935 2200 1986 2222 aut

126 2244 180 2272 lzoc
195 2249 245 2272 aut
265 2244 437 2272 libertatem
456 2245 568 2281 equitis
577 2245 711 2271 Romani
732 2244 829 2271 deleri
850 2244 972 2279 debent,
991 2245 1162 2282 posteriora
1179 2245 1271 2272 uerba
1289 2243 1481 2282 pronominis
1498 2243 1553 2272 lzoc
1570 2243 1744 2282 explicandi
1761 2253 1863 2270 caussa
1879 2243 1915 2270 ab
1936 2243 1986 2270 in-

127 2296 260 2329 terprete
280 2292 396 2319 adiecta
417 2291 506 2319 esse‘?
533 2291 629 2329 quue
649 2291 767 2329 ipsum,
789 2296 854 2319 orta
875 2291 933 2319 tria
953 2292 1007 2320 illa
1026 2294 1121 2320 uerba
1141 2293 1177 2319 ab
1199 2293 1368 2330 interprete
1390 2302 1470 2326 esse,
1499 2301 1534 2319 00
1556 2291 1735 2320 credibilius
1756 2290 1832 2318 mihi
1854 2291 1986 2325 uidetur,

129 2349 188 2377 quo
208 2340 305 2367 minus
326 2340 383 2367 ista
402 2339 594 2377 pronominis
615 2339 798 2376 explicatio,
819 2350 905 2377 quam
927 2339 1088 2367 continent
1108 2340 1201 2367 uerba
1222 2340 1286 2374 illa,
1307 2339 1378 2368 huic
1400 2339 1624 2367 accommodata
1644 2339 1757 2373 locost,
1781 2338 1866 2366 cuius
1888 2347 1986 2365 uenu-

130 2392 238 2415 statem
257 2387 289 2414 in
310 2387 371 2414 sola
392 2386 540 2414 orationis
559 2387 712 2415 breuitate
734 2396 799 2414 esse
818 2387 949 2425 positam
969 2392 1104 2425 apparet.
1142 2387 1289 2423 Accedit,
1317 2387 1398 2425 quod
1418 2387 1610 2424 interpositis
1632 2386 1734 2413 uerbis
1755 2386 1816 2413 illis
1836 2385 1891 2412 hoc
1911 2395 1986 2423 pro-

131 2444 243 2462 nomen
261 2444 365 2472 parum
385 2439 454 2473 apte
474 2445 490 2462 a
516 2435 629 2471 uerbo,
657 2446 674 2463 a
693 2446 753 2474 quo
774 2435 904 2473 pendet,
923 2435 1014 2472 serre
1040 2434 1131 2463 nimis
1152 2435 1332 2473 seiungilur.
1372 2436 1447 2464 Illut
1476 2440 1575 2463 autem
1603 2434 1738 2462 omnium
1766 2433 1986 2468 certissumum,
