2264 2746
239 101 274 128 9ss
893 83 1456 116 COMMENTARIUS.

241 170 358 202 Tullio
379 167 593 200 coniunctum
616 165 698 196 haut
719 159 883 193 mediocri
905 158 1051 190 amicitia
1074 158 1193 199 fuisse,
1230 158 1380 191 studium
1402 164 1543 190 testatur
1566 157 1663 197 satis,
1692 156 1782 199 quod
1806 163 1843 188 ut
1867 157 1907 187 ab
1930 155 2033 188 exilio
2056 166 2114 186 re-

241 229 435 261 uocaretur,
469 221 498 252 ei
522 220 638 251 Cicero
661 213 838 257 praestitit.
885 212 1021 244 Diserte
1043 220 1218 254 praeterea
1240 212 1337 244 XIII.
1363 211 1469 253 Epist.
1491 223 1540 253 70.
1570 211 1665 243 Nam
1690 224 1765 242 cum
1793 211 1832 242 T.
1854 210 1980 252 Ampio
2002 207 2113 241 Balbo

243 277 328 310 mihi
351 269 732 316 summafimzilim·itas
755 266 1033 308 necessitudoque
1059 272 1118 298 est.
1144 265 1329 307 Repulsam
1353 263 1497 305 denique
1520 264 1635 294 tulisse
1658 263 1796 294 uidetur
1818 261 2008 299 aedilitatis,
2033 271 2117 302 quae

242 335 356 360 tamen
385 325 566 359 admodum
596 333 710 353 recens
740 331 809 351 esse
836 329 904 349 nou
935 318 1057 359 potuit.
1104 319 1218 359 Quom
1250 316 1375 348 etenim
1413 327 1454 347 ex
1483 316 1579 357 Pighi
1610 316 1797 347 rationibus
1827 316 1869 347 T.
1902 315 1960 346 III.
1994 312 2119 345 Annal.

245 394 279 425 p.
303 382 374 424 576.
402 378 478 421 (Ed.
506 377 595 407 1615.
619 386 653 417 1).
677 373 764 415 524.)
794 373 836 403 T.
860 370 1007 412 Ampius
1038 370 1196 402 tribunus
1219 369 1324 401 fuerit
1347 380 1434 399 anno
1462 369 1602 400 DCXC.
1626 369 1666 409 (a.
1695 370 1766 411 691.
1793 367 1950 408 Almel.)‚
1982 365 2121 396 Praetor

244 446 327 466 uero
350 444 435 464 anno
458 429 633 461 DCXCV.
660 428 700 469 (a.
725 427 796 468 696.
820 423 975 463 Amet),
997 425 1122 466 spatio,
1148 423 1237 466 quod
1260 423 1416 459 interest,
1440 421 1561 463 petitio
1586 421 1766 452 aedilitatis
1789 419 1993 457 includitur,
2025 423 2058 448 et
2079 415 2120 447 ab

247 498 334 517 anno
362 482 556 515 DCXCIX.
589 480 630 523 (a.
656 492 726 523 700.
753 477 914 518 Almam,
953 489 1018 519 quo
1046 475 1201 507 defensus
1226 482 1275 507 est
1297 474 1472 512 Plancius,
1514 473 1585 504 fere
1608 474 1818 505 nouenninm
1851 472 1974 503 distare
1999 475 2119 512 potest.

248 540 504 570 GAnAToxlus.
549 534 653 565 Recte
677 533 778 565 etiam
800 532 845 564 A.
868 529 960 562 Maio
985 530 1026 560 de
1049 529 1229 560 aedilitatis
1252 527 1408 571 repulsa,
1433 537 1534 568 quam
1556 527 1674 558 tulerit
1696 527 1737 557 T.
1758 525 1923 568 Ampius,
1952 522 2048 566 loqui
2069 521 2126 554 hio

249 591 365 622 Cicero
389 588 535 619 uidetur.

330 642 484 684 Rogatio
508 641 584 683 ipsa
606 650 737 682 semper
760 643 810 669 est
830 634 1101 679 gratiosissima)
1148 633 1360 675 Quoniam
1383 631 1667 676 a’flfflfiotoffl)
1694 632 1867 663 uerbum
1892 637 1970 671 est,
1993 636 2034 661 et
2056 629 2127 661 in-

245 693 414 726 terdum
436 698 577 736 potest
601 690 878 733 rogationem,
903 688 944 719 id
969 694 1030 718 est
1052 684 1292 729 ψήφισμ-αῐ)
1315 685 1589 728 significare,
1611 685 1776 716 ideirco
1800 685 1866 716 hic
1889 684 2129 715 admonen-

246 747 341 778 dum
370 748 581 776 lectorem
612 743 780 786 putaui,
812 754 877 786 per
907 740 1181 783 rogationem
1212 751 1230 770 a
1257 739 1407 770 Tullio
1438 749 1527 770 011111
1560 737 1741 768 maxime
1771 737 2036 780 petitionem
2065 735 2128 767 si-

246 797 468 841 gnificari,
503 809 606 839 quae
635 795 750 827 facta
780 795 837 827 sit
864 806 945 837 pro
975 792 1211 824 candidato.
1255 792 1416 822 SCHOLIA
1449 792 1709 823 AMBROSIANA.
1757 790 1848 822 Male
1880 787 2126 821 Ambrosianus

246 853 329 884 liaeo
350 851 466 882 scribit
487 862 550 893 pro
577 852 673 894 ipsa,
706 848 795 890 quod
820 853 868 878 est
890 848 1073 890 aptissume
1097 845 1236 875 dictum.
1283 845 1376 875 Facit
1399 844 1509 883 enim,
1542 850 1579 875 ut
1602 843 1812 886 rogationem
1836 842 1876 873 ab
1900 853 1957 881 eo,
1989 841 2048 883 qui
2068 852 2129 872 ro-

247 910 320 947 gat,
349 903 493 934 discerni
515 903 760 944 intellegamus.
806 902 895 933 Nam
918 901 982 931 hoc
1006 898 1086 929 dicit
1110 898 1246 930 Cicero:
1284 909 1353 928 non
1377 897 1479 935 mihi,
1515 897 1549 928 id
1573 904 1622 928 est
1644 909 1713 928 non
1739 895 1863 938 gratiae
1888 905 1983 926 meae
2006 899 2039 924 et
2063 904 2130 934 po-

247 956 370 988 tentiae
393 956 536 998 adrogo,
561 956 651 997 quod
674 967 737 998 pro
761 953 896 985 Plancio
921 952 1077 983 laborans
1109 950 1217 989 ualui,
1239 956 1289 981 set
1312 950 1496 991 rogationi,
1523 961 1607 992 quae
1631 949 1720 992 ipsa,
1745 948 1779 979 id
1804 954 1852 979 est
1876 958 1976 990 quae,
2009 946 2130 977 etiam-

248 1009 277 1040 si
300 1009 345 1048 is,
373 1009 429 1050 qui
453 1015 558 1051 rogat,
585 1020 654 1039 non
677 1009 720 1039 sit
742 1009 844 1039 homo
868 1005 1105 1047 amplissumus
1130 1002 1235 1044 (quod
1260 1002 1341 1033 dicit
1364 1009 1517 1044 respectu
1542 1002 1656 1033 habito
1682 1001 1846 1044 Pompei),
1871 1007 1983 1031 tamen
2006 1000 2130 1042 pluru—

249 1073 344 1093 mum
366 1062 452 1092 solet
474 1062 606 1099 ualere,
643 1071 719 1091 cum
743 1066 791 1090 est
815 1058 923 1090 officio
946 1056 1200 1088 necessitudinis
1224 1055 1401 1086 coniuncta
1424 1067 1594 1087 maxume.
1639 1054 1818 1086 Eiusmodi
1848 1060 1961 1084 autem
1983 1052 2049 1084 fuit
2069 1064 2131 1084 ro-

249 1115 337 1157 gatio
363 1114 545 1147 Ciceronis.
590 1115 748 1145 Ceterum
770 1111 839 1142 uid.
864 1110 995 1151 Proteg.
1020 1110 1061 1140 L.
1086 1110 1111 1139 l.
1137 1110 1174 1140 C.
1199 1110 1258 1139 III.
1286 1109 1315 1150 ς.
1341 1109 1370 1139 6.
1397 1120 1432 1151 p.
1455 1109 1528 1140 XX
1551 1120 1617 1150 sq..

336 1167 433 1207 Quae
457 1173 507 1199 est
530 1166 653 1211 officio)
699 1164 769 1195 Cur
802 1174 877 1193 cum
907 1163 934 1194 Β
962 1167 1012 1193 est
1036 1172 1106 1192 non
1129 1161 1304 1201 eiecerim,
1339 1161 1472 1204 Proleg.
1500 1161 1542 1192 L.
1566 1161 1609 1191 II.
1637 1160 1675 1191 C.
1701 1160 1727 1191 Ι.
1759 1161 1788 1203 §.
1811 1160 1842 1191 4.
1872 1172 1907 1203 p.
1930 1158 2058 1190 XXXI
2078 1169 2129 1201 sq.

251 1219 388 1251 dictum.

335 1274 393 1305 Set
424 1278 463 1304 1ιί
492 1272 592 1315 qnasi
614 1270 758 1315 parenti
785 1275 818 1300 et
847 1268 981 1299 custodi
1008 1267 1133 1298 salutis
1160 1266 1266 1306 meae)
1312 1265 1366 1296 Sic
1397 1266 1583 1297 necessario
1611 1277 1653 1297 ex
1683 1266 1709 1296 B
1736 1271 1768 1295 et
1791 1265 1818 1295 E
1843 1263 2041 1295 auctoritate
2062 1267 2128 1306 p‘ro

249 1332 438 1357 ceterorum
462 1325 615 1355 codicum
641 1323 785 1355 lectione
808 1321 942 1353 custodi
965 1332 1036 1351 meo
1059 1318 1275 1349 scribendum
1299 1317 1433 1360 putaui,
1473 1330 1675 1360 quamquam
1699 1316 1855 1348 Ernestio
1879 1317 1982 1348 uerba
2005 1317 2131 1349 salutis

249 1392 343 1412 meae
365 1379 471 1421 glossa
486 1377 557 1408 uisa
572 1382 660 1411 sunt,
684 1374 854 1406 monenti:
879 1372 988 1411 „mihi
1011 1371 1148 1402 uidetur
1172 1382 1242 1402 esse
1259 1371 1386 1412 glossa:
1413 1384 1485 1402 meo
1509 1382 1676 1402 conrnune
1699 1375 1745 1400 est
1764 1371 1908 1412 parenti
1931 1375 1963 1400 et
1986 1369 2130 1402 custodi.

247 1433 341 1464 Infra
363 1432 463 1463 etiam
487 1436 552 1469 est,
583 1429 674 1473 quod
693 1441 745 1459 me
767 1426 978 1458 custodierit.
988 1428 1011 1441 “
1057 1424 1184 1455 Contra
1208 1435 1309 1465 quem
1332 1430 1471 1465 optume
1496 1424 1628 1455 monuit
1653 1423 1876 1454 Garatonius:
1913 1421 2130 1462 „Lambinus

249 1491 299 1517 set
323 1485 422 1529 qzcasi
439 1496 506 1527 pro
527 1488 673 1527 parente
695 1487 727 1512 et
750 1480 888 1511 custode
909 1491 992 1510 meo.
1035 1477 1144 1518 Atqui
1168 1477 1337 1518 eleganter
1360 1483 1399 1508 ut
1422 1478 1656 1520 repetitumst,
1682 1482 1715 1507 et
1738 1475 1868 1506 <latinos
1892 1475 2044 1518 egregius
2069 1480 2130 1506 est.

251 1539 309 1569 Set
332 1537 472 1579 rogandi
497 1546 608 1565 caussa
634 1545 743 1575 neque
766 1532 844 1564 satis
868 1537 983 1574 aperta
1007 1536 1092 1568 erat,
1123 1541 1198 1560 cum
1223 1536 1335 1567 tamnu
1359 1530 1450 1561 locus
1477 1529 1732 1571 apertissumam
1756 1529 1922 1571 postulet,
1946 1539 2057 1570 neque
2079 1538 2135 1559 sa-

250 1591 293 1622 tis
320 1590 482 1621 concinne
504 1587 623 1630 posita,
650 1586 849 1628 priusquam
873 1595 972 1626 opem
995 1582 1113 1613 tulerit
1136 1581 1356 1619 Erum-tensis,
1385 1593 1485 1623 quein
1508 1594 1526 1613 a
1550 1582 1609 1612 cel.
1634 1582 1779 1612 Ernesto
1803 1581 1912 1612 miror
1933 1581 2132 1623 glossemate

251 1649 449 1686 corruptum
472 1640 596 1684 putari.
642 1641 719 1670 Non
744 1638 845 1668 modo
869 1643 951 1678 aput
966 1636 1073 1667 Tacit.
1089 1635 1148 1665 ΠΙ.
1172 1634 1297 1666 Annal.
1318 1636 1364 1665 14.
1391 1640 1502 1665 custos
1525 1636 1650 1666 salutis
1675 1634 1838 1672 occurrit,
1867 1640 1916 1665 set
1940 1633 2058 1664 Cicero
2081 1638 2132 1664 et-

252 1697 318 1728 iam
341 1706 443 1737 supra
467 1694 565 1725 initio
589 1693 683 1734 ipso,
723 1690 781 1722 (ἰι.
804 1690 930 1721 Planci
960 1690 994 1720 in
1017 1701 1112 1726 mea,
1147 1687 1274 1729 iuquit,
1312 1688 1424 1718 salute
1450 1687 1673 1718 custodienda
1688 1686 1820 1728 fidem:
1857 1686 1891 1717 in
1915 1685 2131 1728 peroratione

256 1761 282 1780 c-
306 1749 356 1780 42.
380 1760 447 1780 non
470 1759 533 1790 ego
556 1746 639 1778 meis
663 1750 824 1775 ornatum
847 1741 1021 1784 beneficiis
1044 1754 1066 1772 a
1089 1741 1185 1772 nobis
1208 1741 1387 1783 deprecor,
1426 1740 1578 1778 indices,
1611 1746 1661 1771 set
1685 1740 1858 1770 custodem
1880 1739 2004 1770 salutis
2027 1750 2130 1771 meae.

255 1802 324 1834 Ubi
347 1801 436 1843 quod
460 1799 569 1836 addit,
593 1810 660 1842 pro
683 1809 750 1829 nno
765 1796 850 1838 filio
874 1796 941 1827 duo
962 1801 1079 1838 patres
1102 1794 1344 1836 deprecamur,
1368 1792 1526 1831 ostendit,
1555 1798 1588 1823 ut
1613 1791 1745 1834 opinor,
1772 1792 1967 1823 Ciceronem
1991 1790 2044 1821 hic
2060 1803 2131 1834 pa-

258 1855 347 1886 renti
370 1866 440 1885 meo
463 1864 530 1883 non
555 1850 656 1881 fuisse
686 1849 865 1879 dicturum.
910 1848 959 1879 At
982 1852 1163 1890 parentem
1186 1846 1311 1877 salutis
1334 1852 1470 1877 nostrae
1492 1845 1529 1876 P.
1552 1845 1736 1876 Lentulum
1761 1844 1987 1886 appellaucrat
2009 1854 2132 1874 consu-

257 1907 341 1945 ]em,
370 1918 430 1949 per
454 1915 554 1947 quem
577 1902 751 1933 restitutus
774 1901 902 1939 suerat,
933 1900 974 1930 ad
1000 1899 1098 1940 Quir.
1123 1900 1170 1936 5.,
1203 1910 1302 1940 quam
1327 1898 1464 1940 quidem
1487 1897 1535 1928 ibi
1557 1897 1735 1928 lectionem
1758 1897 1798 1927 ab
1819 1897 1882 1927 hoc
1905 1897 1978 1927 loco
2003 1896 2132 1928 firmari

259 1959 363 2001 magis
386 1959 542 1995 arbitror,
567 1967 666 1997 quam
690 1953 769 1985 inde
791 1953 958 1984 auxilium
981 1952 1059 1982 huic
1081 1950 1277 1993 petendum.
1325 1951 1413 1992 Quia
1438 1963 1519 1982 uero
1543 1949 1686 1980 nimium
1711 1949 1844 1980 Plancio
1870 1949 1984 1988 tribui,
2007 1950 2131 1981 merito

260 2012 350 2044 illius
381 2012 444 2043 isto
473 2007 775 2045 conmemorando,
817 2012 849 2037 et
879 2004 1083 2047 querebatur
1105 2003 1171 2034 iam
1194 2004 1387 2035 Laterensis
1411 2015 1437 2034 c.
1462 2003 1533 2041 40„
1570 2008 1602 2032 et
1624 2002 1705 2032 alios
1732 2001 1809 2032 hinc
1832 2001 2036 2033 existumare
2058 2003 2132 2046 ipse

260 2064 404 2102 nolebat,
428 2063 551 2094 idcirco
574 2060 704 2093 addidit
727 2060 844 2103 quasz'3
869 2058 962 2089 cuius
985 2057 1055 2088 uim
1080 2056 1264 2098 particulae
1287 2063 1326 2088 ut
1350 2056 1459 2087 deleto
1483 2054 1583 2097 fregit
1596 2053 1792 2086 Lambinus.
1836 2054 1989 2086 Plancius
2012 2067 2133 2089 reuera

261 2123 373 2151 custos
404 2123 435 2146 et
463 2121 642 2158 propterea
676 2114 775 2157 qnasi
804 2124 930 2156 parens
953 2109 1017 2141 fuit
1044 2110 1230 2141 Tullianae
1253 2111 1418 2142 salutis.“
1462 2108 1555 2140 Idem
1581 2106 1782 2139 Garatonius
1806 2106 1841 2137 in
1865 2108 1944 2138 Cur.
1970 2108 2132 2141 Secundis

261 2171 342 2203 haec
370 2168 515 2199 addidit:
559 2167 703 2207 „Etiam
733 2178 795 2208 pro
826 2164 942 2196 Sextio
972 2174 998 2193 c.
1023 2163 1073 2205 69.
1105 2163 1271 2194 Milonem
1301 2163 1450 2205 appellat
1478 2161 1649 2193 custodem
1670 2159 1794 2190 sallitis
1818 2172 1909 2192 suae.
1953 2161 2039 2192 Tam
2061 2162 2132 2194 sol-

261 2222 382 2255 lemnis
404 2221 575 2257 locutiost,
608 2225 646 2249 ut
669 2218 917 2259 Quinctilianus
940 2217 1020 2247 Inst.
1046 2222 1171 2246 orator.
1197 2217 1248 2255 V,
1277 2227 1324 2247 11.
1348 2226 1381 2257 p.
1405 2214 1478 2245 458.
1503 2212 1710 2254 Dionysium
1734 2211 1859 2242 dixerit
1876 2219 1995 2255 petere
2017 2221 2131 2246 custo..

263 2277 320 2308 des
343 2274 467 2307 salutis
489 2284 588 2311 suae,
621 2283 696 2301 cum
720 2271 938 2310 Aristoteles,
969 2269 1059 2300 unde
1080 2267 1243 2310 sumpsit,
1279 2267 1367 2298 nihil
1390 2267 1473 2297 aliut
1495 2265 1630 2303 habeat,
1664 2263 1728 2294 nisi
1752 2265 1855 2297 αἰτῶν
1877 2264 1940 2307 τήν
1963 2263 2128 2310 φυλακήν.

339 2380 365 2419 1)
403 2380 463 2408 Pro
485 2377 587 2405 uerbis
607 2377 738 2414 graccis,
759 2387 834 2415 quae
854 2378 892 2405 A.
912 2378 1012 2407 Maius
1034 2388 1072 2406 cx
1093 2377 1270 2405 coniectura
1289 2374 1409 2414 posuit,
1429 2373 1537 2401 lacuna
1556 2372 1589 2400 iu
1611 2372 1716 2400 codice
1736 2377 1791 2401 est.
