2264 2746
249 89 302 117 108
896 80 1468 111 COMMENTARIUS.

1051 156 1182 192 CAP.
1217 158 1320 193 XIII.

336 235 446 267 Pater
468 244 567 271 uer0,
600 229 731 274 inquit,
764 229 869 261 etiam
892 228 1003 261 obesse
1023 227 1109 272 filio
1131 229 1241 274 debet)
1286 252 1318 261 ..
1342 230 1420 262 hoc
1446 230 1611 263 factum
1642 237 1706 263 est
1730 253 1762 263 ..
1789 242 1864 262 nec
1892 231 2118 273 uidelicet,

253 286 364 329 quod
386 285 555 328 saepius
578 282 725 321 iterat,
757 281 889 313 ualde
916 282 1082 325 inpiam
1106 284 1363 315 Laterensis
1387 283 1754 328 propositionem,
1791 282 1862 325 qui
1889 284 2119 319 candidato

251 339 347 382 plus
377 334 665 379 inpedimenti
694 345 745 365 ex
768 345 950 377 persona
971 334 1109 378 patris
1133 346 1222 367 esse
1251 335 1450 369 debuisse
1473 336 1656 377 dixerit,
1691 347 1810 379 quam
1839 335 2006 369 fauoris
2028 339 2123 381 pri-

252 391 415 432 uilegio
444 394 630 419 naturae.
678 388 801 430 Quod
831 395 975 420 autem
1006 387 1053 419 de
1085 394 1210 431 patre
1241 388 1366 429 dicit,
1410 390 1515 421 illut
1542 396 1623 422 est:
1661 401 1752 420 cum
1782 389 1981 432 princeps
2014 398 2125 425 esset

251 442 585 488 publicanorum
609 440 676 472 Cn.
694 440 861 472 Plancii
882 448 1016 485 pater,
1044 447 1086 473 et
1107 442 1298 474 societas
1323 443 1467 474 eadem
1487 443 1531 475 in
1555 441 1814 475 exercendis
1836 443 2124 485 uectigalibus

252 492 512 537 grauissimo
537 492 684 524 damno
711 493 943 526 uideretur
965 493 1148 534 adfecta,
1194 494 1489 527 desideratum
1512 502 1572 527 est
1600 495 1643 526 in
1666 501 1817 527 senatu
1846 495 2018 527 nomine
2045 507 2126 540 pu-

250 547 536 586 blicanorum,
562 551 608 577 ut
630 557 720 578 cum
746 547 800 578 iis
824 546 939 578 ratio
963 552 1192 590 putaretur
1213 547 1308 590 lege
1331 547 1643 591 Sempronia1)‚
1674 553 1714 579 et
1735 547 2008 580 remissionis
2031 554 2127 581 tan-

250 607 337 631 tum
365 597 500 629 fieret
529 597 577 629 de
603 609 760 630 summa
788 599 986 642 pecunia,
1023 606 1227 642 quantum
1255 601 1448 643 aequitas
1479 600 1740 644 postularet,
1774 613 1849 644 pro
1881 602 2126 644 quantitate

251 652 515 690 damnorum,
546 650 703 693 quibus
726 650 901 683 fuerant
923 652 1079 684 hostili
1105 653 1358 685 incursione
1381 653 1588 695 uexati2).
1631 651 1790 685 Adfuit
1810 653 1947 696 igitur
1971 655 2127 689 Caesar

249 715 401 736 causae
429 702 775 746 publicanorum.
823 704 1019 736 Caesaris
1056 704 1289 738 desideriis
1329 706 1601 738 contradixit
1637 717 1713 749 pro
1748 705 1900 747 uigore
1935 707 2125 741 duritiae

248 768 346 790 suae
368 756 417 789 M.
442 756 564 796 Cato,
588 761 628 787 et
651 756 765 787 diem
790 762 925 788 totum
954 757 1218 800 prolixitate
1242 759 1459 791 orationis
1481 770 1582 791 suae
1608 757 1855 799 occupauit,
1888 766 1932 791 ut
1953 769 2126 796 senatus

250 808 515 840 decernendi
544 809 727 851 spatium
759 820 841 840 non
871 810 1103 853 haberet3).
1148 812 1199 844 Et
1222 812 1264 843 id
1287 818 1454 855 tempus
1481 823 1581 854 ergo
1604 810 1861 843 Laterensis
1891 811 2127 846 denotaue-

249 868 316 893 rat
338 860 606 892 inuidiosum
629 861 802 893 Plancio
827 873 917 894 esse
942 863 1163 905 debuisse,
1196 865 1427 908 quominus
1450 863 1586 896 fieret
1607 863 1784 904 aedilis,
1808 863 1977 906 quando
2000 872 2128 908 pater

250 915 340 946 eius
363 913 565 956 quaedam
591 914 777 947 liberius
801 921 840 947 et
865 915 1060 947 exertius
1085 917 1289 950 aduersus
1320 917 1529 960 quosdam
1550 917 1769 960 primores
1793 923 1961 948 senatus
1984 918 2026 949 in
2047 931 2128 962 pu-

249 968 524 999 blicanorum
546 967 813 1009 allegatione
838 968 1034 1000 dixisset.
1078 969 1124 1000 Id
1147 977 1327 1002 reuocat
1350 976 1496 1002 orator
1518 972 1574 1003 ad
1595 969 1909 1010 defensionem,
1945 970 2127 1006 licuisse

249 1020 397 1051 dicens
420 1019 655 1062 uuicuique
680 1020 727 1052 de
752 1021 843 1054 suis
867 1022 1045 1054 iniuriis
1070 1022 1210 1054 libere
1234 1022 1458 1064 conqueri.
1503 1023 1665 1054 SenomA
1687 1022 1948 1055 AMBROSIANA.

324 1179 352 1216 1)
371 1178 485 1206 Utrum
505 1178 702 1216 intellegatur
721 1177 772 1207 1110
793 1178 845 1207 lex
864 1179 1045 1218 Sempronia
1065 1180 1102 1208 cle
1121 1191 1191 1208 aere
1211 1181 1328 1216 alieno,
1348 1190 1386 1208 an
1405 1179 1509 1219 potius
1530 1180 1566 1208 cle
1578 1180 1706 1219 fimare,
1727 1190 1764 1208 an
1784 1182 1931 1219 agraria,
1950 1192 1988 1211 an
2008 1183 2067 1213 alia
2087 1194 2126 1214 ex

250 1231 296 1256 tot
317 1224 508 1264 Semproniis
528 1225 658 1262 legibus,
679 1226 711 1254 id
731 1237 786 1255 nos
807 1227 881 1255 olim
902 1228 1033 1256 cruditis
1054 1227 1285 1265 disquirendum
1306 1228 1510 1266 permisimus.
1548 1227 1641 1256 Nunc
1662 1228 1862 1256 doctissumus
1884 1229 2069 1259 Garatonius
2089 1231 2127 1260 ad

248 1274 341 1304 11111115
362 1272 510 1301 orationis
530 1278 621 1311 caput
643 1273 737 1304 XIV.
757 1275 794 1302 de
814 1275 881 1313 lege
903 1276 1084 1314 Sempronia
1104 1275 1199 1302 uerba
1218 1274 1367 1312 produxit
1388 1274 1548 1302 Ciceronis
1568 1275 1601 1303 111
1622 1275 1752 1303 Uerrem
1773 1275 1835 1311 III,
1855 1276 1882 1304 6.
1913 1278 2058 1306 censoria
2077 1279 2126 1306 lo-

249 1324 331 1350 catio
352 1322 522 1349 constituta
543 1326 604 1356 est,
634 1327 668 1349 ut
689 1324 778 1350 Asiae
799 1323 863 1360 leg-e
882 1324 1070 1361 Sempronia.
1112 1323 1165 1350 Set
1185 1323 1267 1350 enim
1288 1322 1379 1349 etiam
1400 1322 1518 1349 Fronto
1540 1322 1628 1360 epist.
1650 1322 1706 1350 IV.
1726 1323 1780 1351 lib.
1802 1323 1840 1351 ΙΙ.
1861 1324 1906 1351 ad
1927 1324 2041 1353 Uerum
2060 1325 2127 1354 for-

249 1375 328 1410 tasse
348 1368 498 1406 significat
519 1378 583 1396 eam
603 1368 701 1406 legem
720 1370 768 1398 his
788 1370 909 1398 uerbis:
941 1371 1010 1398 lam
1031 1370 1193 1398 Gracchus
1213 1371 1325 1398 Asiam
1344 1369 1474 1398 locabat.
1513 1369 1613 1407 Leges
1635 1369 1834 1408 Semproniae
1854 1376 2061 1400 memorantur
2079 1377 2128 1401 et-

249 1416 308 1445 iam
329 1416 362 1444 in
382 1417 451 1444 1000
475 1416 605 1454 quodam
633 1428 650 1445 a
669 1419 824 1447 Martiano
846 1417 971 1456 Capella
990 1418 1112 1446 laudato
1133 1418 1188 1446 lib.
1211 1418 1250 1447 V.
1272 1428 1336 1456 cap.
1363 1428 1382 1445 a
1402 1419 1501 1454 specie
1521 1418 1573 1444 uel
1591 1417 1740 1454 affirma.
1782 1417 1852 1456 [Est
1870 1418 2058 1448 notissumus
2078 1419 2129 1448 lo—

249 1476 302 1494 cus
327 1464 350 1492 I.
373 1464 510 1503 Philipp.
539 1475 563 1500 7.
599 1464 793 1503 Ourania]
834 1464 1004 1494 Contendit
1030 1465 1234 1494 nihilominus
1256 1465 1444 1493 Garatonius
1470 1464 1635 1503 putandam
1663 1474 1725 1493 11011
1745 1466 1841 1494 fuisse
1867 1476 1936 1494 cum
1955 1467 2129 1505 publicanis

248 1513 401 1541 rationem
422 1512 603 1550 Sempronia
629 1518 675 1541 set
696 1513 844 1541 Censoria
870 1512 949 1549 lege.
986 1512 1068 1543 Mihi
1096 1513 1154 1542 etsi
1175 1514 1271 1541 multa
1291 1513 1457 1542 ueniebant
1478 1513 1511 1540 in
1532 1518 1664 1541 mentem
1686 1523 1762 1551 quae
1782 1513 1838 1541 hac
1859 1524 1952 1552 super
1971 1524 2005 1543 re
2031 1515 2129 1544 disse-

249 1570 366 1596 rerem,
386 1565 487 1588 tamen
507 1560 540 1588 id
560 1571 654 1589 unum
676 1561 791 1595 dicam,
817 1560 1009 1588 manifestam
1029 1560 1179 1590 uidelicet
1198 1561 1313 1590 ueteris
1335 1561 1465 1588 alicuius
1486 1560 1699 1588 auctoritatem
1719 1561 1901 1599 plerumque
1921 1571 1985 1590 esse
2005 1563 2129 1600 grauio-

248 1618 331 1643 rem,
359 1618 448 1646 quam
468 1608 677 1637 recentiorum
697 1608 873 1643 11011111111111,
903 1608 978 1636 licet
1005 1609 1144 1647 apprime
1170 1610 1348 1646 doctorum,
1382 1613 1558 1646 argumenta
1587 1618 1663 1646 quae
1683 1608 1743 1637 huc
1764 1610 1838 1638 illuc
1859 1609 2046 1638 coniecturis
2065 1615 2129 1639 tra—

251 1657 384 1691 huntur,
414 1656 530 1684 nullam
558 1656 706 1685 adhibent
734 1655 940 1695 persuadendi
968 1657 1191 1685 necessitatem.
1231 1657 1337 1694 Itaque
1358 1657 1393 1684 ab
1415 1655 1595 1694 interpretis
1615 1656 1800 1684 ambrosiani
1822 1656 1975 1685 sententia
1992 1657 2129 1686 nondum

251 1703 378 1739 recedo,
413 1704 593 1742 praesertim
621 1715 690 1733 cum
718 1706 784 1744 ipse
806 1704 993 1733 Garatonius
1014 1704 1183 1733 locationes
1205 1704 1276 1732 Tib.
1300 1703 1455 1731 cuiusdam
1476 1704 1657 1742 Semproni,
1691 1703 1826 1732 censoris
1847 1714 1915 1732 cnm
1936 1704 1969 1732 C.
1990 1704 2127 1739 Claudio,

252 1756 401 1780 memoret
430 1762 447 1780 e
467 1752 562 1780 Liuio
590 1753 719 1789 XLIII,
749 1752 790 1781 16.
826 1752 863 1780 A.
883 1753 1002 1780 Maus.
1043 1752 1191 1780 Garatoni
1220 1752 1312 1780 uerba
1341 1751 1440 1779 adlata
1466 1751 1603 1789 reperies
1623 1749 1650 1790 ᾗ.
1670 1752 1715 1780 35.
1744 1756 1821 1779 extr.
1842 1751 1879 1779 ad
1899 1751 2008 1787 uerba,
2040 1751 2126 1780 ,Nam

253 1800 334 1837 quod
346 1801 469 1837 primus
488 1802 581 1829 sciuit
601 1807 659 1831 etc.
675 1822 682 1830 .
722 1800 759 1828 In
782 1799 960 1829 nouissuma
990 1800 1128 1828 editione
1154 1799 1233 1828 hane
1263 1798 1493 1827 adnotationem
1512 1798 1550 1826 A.
1570 1799 1671 1827 Maius
1692 1799 1812 1834 omisit,
1848 1803 1882 1828 ut
1901 1798 1960 1827 iam
1979 1798 2127 1828 adsentiri

255 1846 423 1876 Garatonio
444 1848 594 1877 uideatur.

326 1894 356 1933 2)
385 1897 569 1925 Praesertim
588 1896 672 1925 bello
692 1893 917 1924 Mithridatico.
956 1894 1045 1923 Hauc
1066 1898 1166 1923 autem
1186 1894 1422 1933 publicanorum
1442 1893 1643 1932 petitionem,
1674 1893 1724 1922 cui
1745 1892 1932 1922 contradixit
1953 1891 2044 1927 Cato,
2075 1901 2126 1920 re-

255 1942 316 1971 fert
335 1944 427 1972 etiam
446 1944 510 1972 Dio
532 1944 735 1979 XXXVIII,
757 1953 781 1980 7.
819 1942 857 1970 A.
879 1943 999 1970 Mnrs.

340 1994 373 2033 5)
397 1995 517 2023 Catonis
539 1995 708 2023 orationem
730 1989 894 2032 ἡμερησίαν
924 1996 1073 2020 memorat
1094 1990 1278 2020 Plutarchus
1304 1992 1335 2020 in
1358 1992 1418 2020 Rei
1434 2003 1470 2030 p.
1490 2002 1555 2030 ger.
1573 2002 1674 2028 praec.
1701 1991 1770 2019 edit.
1793 1990 1885 2019 Paris.
1911 1990 1998 2018 1624.
2026 1990 2063 2017 T.
2085 1981 2126 2018 II.

257 2053 284 2081 p.
306 2045 373 2073 804.
396 2042 510 2075 Κάτων
532 2045 603 2084 περὶ
625 2042 667 2075 ὧν
690 2040 744 2075 οὐκ
766 2043 873 2082 ἤλπιζε
892 2043 1017 2078 πείσειν,
1040 2042 1085 2082 τῷ
1105 2042 1354 2083 προκατέχὲσθαι
1374 2040 1479 2083 χάρισι
1503 2043 1555 2072 καῖ
1576 2041 1720 2076 σπουδαῖς
1741 2037 1792 2071 τόν
1814 2041 1910 2079 δῆμον
1932 2038 1952 2076 ἢ
1974 2036 2028 2078 τήν
2050 2042 2127 2079 βου-

256 2090 328 2131 λη’ν,
353 2092 430 2134 ἔλεγε
451 2094 505 2133 τὴν
523 2095 640 2136 ἡμέραν
663 2095 734 2134 ὅλην
756 2092 910 2130 α’ναστοῖς,
934 2095 987 2125 καῖ
1007 2091 1058 2124 τὸν
1081 2092 1186 2134 καιρόν
1209 2093 1304 2128 οὕτως
1327 2093 1492 2134 ἐξέκρουεν.
1537 2094 1679 2122 salerius
1700 2094 1865 2121 Maxumus
1889 2093 1930 2119 ait
1951 2093 1989 2128 11,
2017 2101 2061 2128 10,
2083 2101 2126 2127 7,;

256 2144 301 2171 M
321 2144 466 2172 Porcium
488 2148 632 2175 Catonem
651 2148 818 2174 admiratio
832 2146 933 2184 for-lis
953 2149 981 2171 et
1001 2145 1139 2171 sincerae
1158 2145 1244 2171 uitae
1264 2144 1339 2171 adeo
1360 2142 1567 2171 uenerabilem
1586 2142 1710 2170 senatui
1721 2140 1822 2176 fecit,
1858 2146 1893 2167 ut
1912 2151 1996 2175 cnm,
2026 2141 2126 2168 inuito

258 2191 287 2218 C.
308 2192 437 2219 Caesare
459 2195 598 2229 consule,
631 2195 781 2222 aduersas
796 2193 983 2231 publicanos
1004 2191 1131 2219 (licendo
1152 2193 1187 2219 in
1207 2192 1297 2218 caria
1317 2191 1397 2218 diem
1416 2189 1606 2224 extraheret,
1636 2195 1664 2216 et
1684 2188 1718 2216 ob
1737 2189 1773 2215 ιἰί
1790 2190 1855 2216 eius
1875 2189 1960 2215 mssa
1981 2196 2001 2213 a
2020 2186 2127 2214 lictore

258 2240 292 2265 ίιι
309 2248 461 2266 carcerem
481 2241 643 2269 ‹luem-etur
664 2247 738 2269 etc..
779 2241 822 2269 At
842 2245 947 2268 noster
969 2239 1122 2277 interpres
1142 2243 1245 2266 narrat
1266 2237 1411 2265 distincte
1435 2236 1664 2264 altercationem
1680 2235 1804 2263 Catonis
1826 2246 1894 2264 cum
1911 2234 2037 2263 Caesare
2057 2238 2127 2261 ante

259 2285 351 2314 liuius
372 2286 562 2314 consulatum
582 2288 614 2315 in
635 2299 735 2317 caussa
754 2288 999 2327 publicanorum,
1020 2292 1084 2314 tum
1105 2286 1197 2324 paulo
1218 2285 1347 2314 inferius
1369 2285 1406 2322 (c.
1431 2283 1471 2311 14.
1491 2281 1516 2321 §
1531 2283 1575 2310 35.
1597 2287 1674 2310 extr.
1694 2284 1780 2311 ,Υιιηι
1801 2284 1883 2321 qaod
1896 2281 2029 2320 primus)
2051 2281 2127 2310 Cae-

260 2333 335 2361 saris
362 2333 523 2362 uictoriam
548 2335 579 2362 in
607 2336 774 2364 consulatu.
814 2335 912 2372 Igitur
932 2340 984 2363 aut
1003 2334 1146 2362 Ualerius
1174 2338 1294 2371 tempus
1315 2332 1379 2359 eius
1399 2329 1526 2359 actionis
1547 2329 1724 2367 perturbat,
1758 2335 1810 2359 aut
1831 2330 1876 2358 bis
1898 2330 1973 2359 Cato
1993 2329 2074 2357 diem
2095 2328 2126 2356 in

261 2387 367 2410 senatu
387 2383 521 2411 extraxit
541 2388 647 2411 contra
668 2383 826 2411 Caesarem
848 2382 951 2410 dicens
973 2382 1005 2410 111
1025 2392 1129 2410 caussa
1147 2381 1390 2420 publicanorum.
1428 2378 1466 2405 A.
1488 2378 1605 2406 Min-5.
