2264 2746
252 96 306 122 16'2
905 84 1485 114 COMMENTARIUS.

254 163 347 195 enim
371 163 434 194 hoc
457 161 564 192 dicere
587 164 697 203 potest
720 163 848 194 orator,
874 167 959 198 quae
978 156 1070 187 illius
1094 158 1278 201 scripturae
1301 159 1516 200 sententiam,
1539 161 1586 192 ad
1606 161 1775 193 uirtutem
1796 163 1917 193 multis
1938 163 2041 195 licere
2057 173 2142 206 per-

251 218 388 254 uenire,
424 220 476 246 set
497 210 699 247 necessario,
741 208 828 251 quod
857 220 900 240 ex
932 209 1086 240 membro
1117 211 1293 253 opposito,
1329 212 1497 244 honorum
1513 212 1606 256 finis
1629 219 1680 245 est
1707 214 1927 254 consulatus,
1962 213 2141 245 manifesto

251 275 408 313 apparet,
433 268 496 299 hoc
518 264 614 294 debet
636 263 762 294 dicere:
793 262 963 294 honorum
989 262 1107 304 gradus
1131 274 1253 306 paucos
1279 275 1367 303 esse,
1397 264 1444 296 sic
1467 271 1505 296 ut
1528 265 1587 307 qui
1608 266 1820 298 consulatum
1843 266 1981 308 adeptus
2002 265 2062 304 sit,
2090 266 2142 296 al-

250 323 317 355 tius
341 322 376 352 in
399 317 584 352 honoribus
610 315 766 359 progredi
788 326 858 346 non
885 314 1008 357 possit,
1042 315 1179 347 uirtutis
1204 322 1317 347 autem
1343 316 1532 359 plurumos.
1577 319 1694 360 Itaque
1719 319 2005 355 certissumumst,
2039 318 2142 349 multi

251 387 411 409 ascensus
436 370 531 402 unice
554 380 672 400 ueram
696 369 897 411 scripturam
925 379 1006 399 esse.
1053 368 1264 400 Rectissume
1288 369 1388 400 etiam
1415 370 1456 401 iu
1482 371 1657 403 uirtute
1679 373 1784 404 multi
1805 384 1966 405 ascensus
1989 376 2070 403 sunt
2092 370 2145 401 di-

251 435 360 465 ctum,
385 435 450 466 quo
475 421 657 464 significat:
681 432 758 452 cum
783 422 856 464 quis
880 421 1000 452 uirtuti
1024 421 1152 461 studet,
1175 422 1289 465 plures
1314 427 1394 453 sunt
1415 422 1552 463 gradus,
1584 434 1667 465 quos
1690 425 1866 457 ascendere
1887 424 2013 468 possit,
2044 434 2146 465 quam

251 491 327 512 cum
350 479 520 509 honorum
546 474 686 517 cupidus
711 481 776 513 est,
809 486 954 517 quorum
977 474 1052 506 finis
1075 481 1124 506 est
1147 475 1357 512 consulatus,
1386 485 1487 515 quem
1509 474 1567 516 qui
1589 484 1786 510 consecutus
1810 484 1877 516 est,
1907 478 2043 509 altiores
2070 487 2147 519 gra-

252 533 310 563 dus
343 527 518 560 ascendere
548 533 705 569 nequeat.
751 528 915 559 Similiter
945 526 1070 557 dictum
1102 529 1139 560 in
1170 529 1303 560 uirtute
1329 527 1513 570 procedere
1541 534 1574 560 et
1589 532 1762 573 progredi
1791 531 1860 563 Cic.
1888 531 1927 561 de
1950 530 2026 562 Fin.
2051 530 2089 561 B.
2114 534 2148 560 et

252 585 300 616 M.
325 583 395 621 IV,
422 581 481 619 25,
506 581 558 612 64.
582 598 626 604 -—
671 583 831 612 Ceterum
855 585 954 618 suut,
979 579 1067 621 quod
1092 581 1116 611 B
1141 587 1175 612 et
1197 581 1225 612 E
1248 586 1325 623 post
1347 580 1450 612 multi
1473 580 1613 621 addunt,
1643 583 1859 623 incertumst,
1889 589 2007 614 utrum
2028 582 2069 613 ab
2092 582 2147 613 in-

254 641 403 678 terprete
430 634 473 665 sit
496 646 539 665 an
561 645 580 665 a.
603 635 766 666 Cicerone
788 632 993 676 profectum.
1039 633 1125 665 Uide
1148 634 1279 676 Proleg.
1303 634 1346 664 L.
1370 633 1413 664 II.
1439 633 1477 664 C.
1501 633 1527 664 Ι.
1555 634 1585 675 §.
1608 634 1638 666 8.
1664 647 1698 678 p.
1720 636 1851 668 XLII..

340 688 481 720 Horum
508 687 539 719 si
565 688 753 730 diligenter
783 698 949 730 quaeras,
987 686 1049 718 uix
1080 687 1258 719 decumam
1286 692 1424 729 partem
1447 687 1595 729 reperies
1615 687 1735 730 gloria
1758 689 1918 733 dignam)
1962 688 2017 720 Sic
2047 688 2149 720 edidit

250 741 446 779 Erue-suus,
471 741 554 772 haec
575 740 754 771 adnotans:
779 739 874 779 „Pro
899 751 1046 782 quaeras
1069 739 1134 770 Ms.
1159 739 1235 774 Erf.
1257 751 1411 783 quaeres,
1436 738 1524 780 quod
1549 739 1716 771 Graeuius
1739 741 1812 772 sine
1834 741 2030 773 necessitate
2053 752 2149 772 rece-

252 795 319 838 pit,
355 799 487 825 seruato
512 795 654 837 reperis,
699 793 757 824 Set
778 804 842 835 pro
866 804 905 822 eo
928 791 965 822 iu
989 792 1059 822 edd.
1083 799 1166 825 uett.
1190 799 1239 824 est
1262 793 1432 835 reperies,
1467 791 1520 822 cui
1543 791 1629 822 bene
1651 794 1811 825 conuenit
1834 807 1991 838 quaeras·
2035 794 2080 825 Et
2101 794 2149 825 sic

251 847 351 878 edidi.
398 846 433 877 Si
457 845 612 876 fauerent
639 845 734 884 libri,
775 845 957 877 scriberem
983 858 1129 889 quaeras
1151 864 1190 869 —
1214 845 1411 890 reperias.“
1454 844 1535 875 Post
1557 845 1755 877 Ernestium
1779 847 1984 879 Garatonius
2007 847 2088 878 haec
2110 848 2149 878 ad

252 901 286 932 h.
309 900 422 930 locum
446 898 636 930 adnotauit:
677 898 939 937 „Retinendum
963 905 1012 929 est
1033 911 1180 942 quaeras
1201 916 1243 921 ——
1269 898 1440 941 reperias,
1477 903 1515 928 ut
1538 897 1691 929 omnium
1713 899 1849 931 silentio
1873 911 1891 930 a
1914 900 2086 942 Naugerio
2109 900 2149 931 ad

253 953 442 984 Gruterum
466 950 593 981 editum
616 950 692 982 fuit.
740 951 932 993 Optumum
956 962 1045 988 esse,
1085 951 1158 992 quis
1182 952 1303 992 neget?
1340 956 1378 981 ut
1400 955 1482 992 aput
1505 950 1644 981 Terent.
1668 951 1758 982 Eun.
1785 963 1817 991 1,
1852 953 1899 984 16.
1932 953 1963 984 si
1983 953 2150 996 postules,

254 1005 363 1036 nilzilo
382 1004 467 1047 plus
493 1016 603 1046 agas,
636 1010 669 1034 et
691 1004 815 1046 passim
838 1010 919 1046 aput
946 1010 1104 1046 optumos
1129 1014 1291 1044 quosque.
1336 1003 1508 1034 lllutatum
1531 1001 1563 1033 id
1595 1003 1714 1034 miror.
1758 1004 1857 1035 Ferri
1881 1010 2010 1047 posset,
2045 1018 2150 1048 quae-

255 1069 309 1088 res
334 1074 372 1079 —
398 1058 574 1100 reperias3
609 1068 652 1087 an
678 1068 746 1087 nou
770 1062 882 1087 tamen
909 1062 993 1087 esset
1019 1067 1161 1099 quaeres
1182 1073 1225 1078 —
1251 1057 1400 1099 reperies
1425 1056 1693 1097 congruentius?
1738 1057 1848 1088 Immo
1879 1069 1970 1088 nunc
1999 1059 2149 1101 reperies

258 1109 441 1140 Ernestum
466 1109 591 1141 dedisse
613 1109 711 1140 uideo
736 1120 778 1140 ex
799 1109 858 1147 iis,
884 1108 1005 1150 quibus
1029 1118 1142 1147 careo,
1166 1109 1334 1139 ueteribus
1360 1107 1491 1138 editis-‘⁶
1535 1109 1658 1150 Neque
1682 1109 1885 1141 Garatonius
1906 1121 2016 1152 neque
2038 1110 2151 1141 Erne-

255 1161 338 1192 stius
371 1167 461 1191 recte
491 1162 528 1192 in
554 1161 787 1192 constituendo
816 1161 881 1192 hoc
910 1161 984 1191 loco
1008 1161 1133 1191 uersati
1156 1168 1244 1192 sunt.
1289 1162 1370 1193 Nou
1393 1160 1483 1191 enim
1510 1162 1757 1202 quaerendum,
1788 1162 1867 1204 quid
1893 1162 1957 1194 dici
1982 1163 2145 1205 potuerit,

255 1220 307 1245 set
338 1213 540 1252 uidendum,
582 1224 683 1254 quam
711 1213 914 1256 scripturam
948 1213 1100 1244 codicum
1131 1214 1311 1245 auctoritas
1334 1224 1494 1244 maxume
1523 1219 1667 1244 tueatur.
1711 1215 1869 1246 Tuentur
1893 1222 2006 1247 autem
2029 1228 2149 1249 omnes

254 1265 326 1297 fere
352 1265 431 1295 libri
455 1265 490 1296 in
514 1265 623 1307 iisque
647 1266 780 1308 optumi
803 1267 955 1310 reperis,·
985 1278 1003 1297 a
1027 1278 1092 1308 qua
1114 1267 1280 1309 scriptura
1304 1266 1362 1308 qui
1385 1266 1561 1304 recedunt,
1585 1273 1701 1309 aperte
1727 1268 1986 1300 emendatricem
2009 1281 2149 1302 manum

256 1318 389 1361 experti
419 1324 508 1358 sunt.
552 1319 604 1350 Ea
636 1330 719 1349 uero
749 1318 821 1360 ipsa
849 1319 1016 1361 scriptura
1048 1331 1125 1350 cum
1155 1319 1301 1361 genuina
1332 1330 1402 1350 esse
1430 1324 1592 1360 nequeat,
1628 1319 1655 1350 is
1684 1320 1774 1351 solus
1804 1327 1931 1352 rectam
1954 1324 2151 1355 emendandi

260 1372 349 1402 uiam
373 1370 512 1402 iniuisse
535 1371 599 1402 dici
623 1377 749 1414 potest,
788 1371 846 1412 qui
877 1372 1059 1403 lenissuma
1089 1383 1165 1402 cum
1196 1372 1384 1403 mutatione
1413 1371 1445 1402 id
1468 1371 1672 1411 restituerit,
1710 1372 1799 1414 quod
1824 1379 1857 1404 et
1879 1375 2064 1406 sententiae
2095 1388 2152 1408 ac·-

259 1423 617 1456 commodatissumum
643 1435 730 1463 esse,
768 1430 800 1455 et
822 1436 841 1455 a
863 1425 1010 1456 librariis
1034 1425 1205 1456 facillume
1236 1425 1273 1456 in
1298 1425 1473 1467 uolgarem
1502 1424 1705 1466 scripturam
1728 1425 1854 1457 mutari
1876 1427 2027 1469 potuisse
2049 1428 2152 1460 intel-

258 1479 399 1520 legetur.
444 1477 554 1519 Atqui
579 1489 640 1508 nec
663 1478 836 1521 reperias,
862 1478 891 1509 si
912 1478 1075 1521 scriptum
1100 1490 1118 1509 a
1146 1478 1309 1510 Cicerone
1332 1477 1467 1517 fuisset,
1490 1488 1551 1508 nec
1574 1479 1741 1522 reperies,
1772 1479 1940 1520 quomodo
1963 1491 1983 1511 a
2004 1480 2152 1514 librariis

260 1531 294 1562 iu
327 1531 457 1574 reperis
491 1529 617 1560 mutari
649 1530 819 1572 potuerit,
856 1531 1070 1573 perspicitur.
1119 1531 1247 1562 Contra
1283 1531 1457 1562 facillumo
1497 1542 1609 1562 errore
1640 1532 1769 1576 reperis
1795 1543 1839 1563 ex
1868 1534 2036 1575 repereris
2067 1534 2152 1566 oriri

258 1584 381 1627 potuit.
429 1583 524 1623 Quae
552 1582 719 1625 scriptura
750 1594 826 1614 cum
858 1590 997 1626 optume
1030 1584 1211 1615 conueniat
1253 1595 1330 1616 cum
1360 1597 1520 1628 quaeres,
1569 1586 1656 1627 quod
1694 1585 1985 1628 praestantissumi
2013 1585 2094 1618 libri
2121 1587 2149 1619 B

260 1637 332 1668 etE
351 1634 525 1666 accedente
539 1635 590 1666 La
612 1635 747 1674 habent,
772 1637 858 1668 mihi
882 1637 1018 1680 quidem
1040 1637 1139 1668 unice
1159 1648 1239 1668 uera
1261 1637 1396 1668 uidetur
1420 1649 1500 1669 esse.
1545 1638 1600 1669 Sic
1621 1638 1752 1669 Ennius
1774 1644 1857 1680 aput
1868 1638 1914 1670 A.
1929 1639 2019 1670 Gell.
2034 1640 2098 1680 XI,
2117 1640 2149 1671 4.

263 1690 362 1722 Haec
387 1695 422 1720 tu
449 1689 514 1720 etsi
534 1700 700 1731 peruerse
723 1690 858 1730 (lices,
886 1689 1000 1734 facile
1023 1690 1177 1723 Achiuos
1199 1690 1405 1734 flexeris.
1451 1690 1590 1722 Terent.
1612 1691 1659 1723 V.
1681 1691 1828 1734 Adelph.
1856 1703 1888 1730 1,
1919 1692 1970 1724 51.
2000 1693 2099 1725 Haec
2121 1694 2151 1725 si

263 1744 386 1776 uoles
418 1743 453 1773 ia
478 1742 593 1773 animo
617 1754 697 1773 uere
721 1744 895 1786 cogitare,
932 1743 1082 1782 Demea,
1120 1749 1152 1776 et
1174 1745 1261 1776 milli
1285 1750 1318 1776 et
1341 1744 1404 1775 tibi
1428 1749 1460 1775 et
1481 1744 1553 1775 illis
1585 1744 1829 1789 dempseris
1857 1745 2058 1777 molestiam.
2102 1745 2149 1776 Id.

261 1797 345 1828 Hec.
370 1797 401 1833 1,
439 1806 475 1833 2,
505 1794 536 1825 4.
569 1794 698 1826 Sinon
725 1803 885 1839 quaeret,
918 1797 1036 1829 nullus
1059 1797 1200 1830 dixeris.
1246 1796 1315 1828 Cic.
1339 1796 1428 1828 Phil.
1451 1797 1522 1836 XI,
1556 1808 1611 1836 11,
1643 1798 1693 1829 26.
1730 1798 1827 1830 Hinc
1849 1799 1879 1830 si
1900 1798 2036 1830 Brutus
2065 1799 2151 1830 erit

264 1856 333 1881 tra
345 1850 502 1881 ductus
534 1848 581 1879 acl
602 1848 693 1887 aliut
715 1849 860 1889 bellum,
899 1851 1082 1883 Graeciam
1106 1856 1195 1882 certe
1224 1850 1512 1882 amiserimus.
1557 1850 1679 1891 Neque
1701 1850 1871 1890 absimile,
1909 1849 1996 1892 quod
2018 1850 2153 1893 scripsit

266 1901 404 1932 Terent.
430 1902 554 1932 Heaut.
580 1901 612 1939 I,
643 1913 675 1940 1,
708 1904 758 1934 55.
796 1910 846 1935 set
867 1905 898 1935 si
922 1905 959 1936 id
979 1916 1045 1935 77077
1060 1902 1203 1947 facis,
1239 1914 1301 1945 ego
1326 1903 1417 1946 quod
1437 1915 1490 1934 me
1513 1903 1549 1934 ia
1567 1908 1600 1934 te
1622 1904 1669 1935 sit
1681 1902 1805 1947 facere
1827 1903 1990 1945 (liguum,
2026 1902 2101 1934 iau
2113 1915 2153 1935 e—

267 1967 377 1986 uero.
422 1954 518 1986 Adde
542 1954 611 1985 Cic.
639 1955 682 1985 II.
706 1956 742 1986 in
766 1957 864 1988 Uerr.
887 1957 935 1996 ΙΙ,
969 1957 1026 1991 62,
1059 1957 1127 1987 151.
1160 1955 1224 1986 Da
1247 1955 1333 1986 mila·
1356 1956 1437 1995 hoe,
1474 1956 1545 1987 iam
1568 1955 1632 1987 tibi
1653 1967 1850 1988 maxumam
1866 1960 2006 1997 partem
2032 1954 2153 1998 defen-

268 2007 372 2038 sionis
395 2008 678 2050 praecicleriS.
726 2009 828 2040 Corn.
845 2010 932 2052 Nep.
956 2009 1090 2047 XXIII,
1117 2019 1145 2047 2,
1171 2008 1200 2038 6.
1223 2007 1341 2047 Quare
1364 2009 1394 2040 si
1417 2008 1503 2052 quid
1524 2010 1632 2041 amice
1657 2010 1698 2041 de
1720 2008 1888 2040 Romanis
1911 2007 2153 2050 cogitabis,

269 2070 335 2089 noa
359 2060 789 2104 inprudenterfeceris,
823 2063 852 2094 si
878 2075 930 2093 me
954 2061 1090 2093 celaris.
1134 2061 1179 2093 A.
1205 2060 1295 2092 Gell.
1319 2062 1365 2093 N.
1387 2061 1432 2093 A.
1456 2061 1508 2100 II⁷
1535 2061 1564 2092 5.
1587 2061 1788 2093 Fauorinus
1809 2061 1850 2092 cle
1872 2060 1985 2103 Lysia
2008 2065 2041 2091 et
2063 2060 2152 2092 Pla-

271 2115 347 2141 tone
370 2113 489 2144 solitus
514 2119 563 2145 est
587 2115 718 2146 (licere.-
759 2115 790 2145 si
815 2127 854 2146 ex
878 2115 1058 2153 Platonis,
1095 2114 1229 2157 iuquit,
1260 2114 1415 2145 oratione
1437 2112 1580 2145 uerbum
1601 2113 1744 2157 aliquod
1767 2113 1915 2144 demas
1945 2118 2152 2150 matesue,

271 2168 374 2205 atque
397 2164 433 2194 id
456 2167 733 2198 commodissume
747 2166 826 2210 fac
835 2168 846 2198 i
855 2181 921 2199 as:
947 2168 988 2199 cle
1003 2167 1178 2210 elegantia
1203 2171 1339 2198 tcmtum
1361 2165 1625 2204 detraxeris,
1648 2166 1679 2196 si
1691 2177 1730 2196 ex
1746 2165 1888 2208 Lysiae,
1911 2165 1953 2197 cle
1972 2166 2153 2198 sententia.

358 2216 416 2247 Si(-
439 2217 550 2258 igitur
573 2220 742 2251 Plancius
768 2221 994 2252 nihilominus
1020 2225 1180 2263 quaestor
1204 2225 1254 2251 est
1267 2218 1412 2262 factus,
1434 2225 1467 2252 et
1490 2218 1648 2250 tribunus
1668 2218 1796 2260 plebis,
1825 2223 1857 2249 et
1879 2218 2019 2259 aedilis,
2049 2230 2153 2261 quam

271 2269 303 2300 si
326 2275 411 2301 esset
437 2282 566 2300 summo
590 2272 660 2303 loco
684 2279 805 2307 natus-2
845 2280 894 2305 set
917 2274 998 2304 liae(-
1022 2273 1101 2311 pari
1125 2273 1197 2304 loco
1223 2273 1292 2304 orti
1315 2278 1396 2304 suut
1418 2270 1683 2303 innumerabiles
1706 2272 1771 2303 alii
1791 2270 1975 2313 consecuti)
2019 2270 2074 2301 Sic
2096 2281 2154 2301 re-

271 2320 369 2352 lictus
392 2322 446 2353 hic
470 2322 560 2353 locus
587 2335 605 2353 a
625 2325 809 2356 Garatonio
835 2327 935 2357 etiam
959 2333 991 2356 et
1011 2326 1154 2365 Ore-llio,
1183 2336 1385 2368 quamquam
1409 2323 1586 2354 manifesto
1609 2324 1795 2363 mutilatus,
1819 2335 1929 2365 neque
1951 2322 2152 2354 intellectus.

273 2374 447 2405 Nimirum
475 2381 645 2416 postrema
671 2384 719 2408 set
743 2380 823 2410 llaec
846 2397 886 2402 —
915 2379 1009 2409 nullo
1034 2379 1132 2410 modo
1164 2389 1241 2409 011111
1264 2376 1494 2419 superioribus
1518 2375 1612 2417 iungi
1634 2383 1790 2419 possunt,
1827 2376 1953 2419 quippe
1975 2375 2069 2406 nulla
2092 2374 2155 2406 ob-
