2264 2746
777 119 815 147 L.
846 119 886 147 II.
934 120 969 150 C.
997 120 1022 149 I.
1067 119 1095 161 §.
1125 122 1167 150 13.
1186 136 1224 144 ·--
1246 123 1289 151 15.
1918 125 1960 153 LI

94 190 122 231 §.
144 191 188 227 76.
214 192 411 221 lacrimulam
430 199 518 221 tuam
536 193 654 229 scribit,
675 203 743 222 cum
763 193 996 232 Ambrosianus,
1015 205 1084 224 cum
1103 195 1233 235 reliquis
1254 195 1342 225 libris
1362 197 1568 234 consentiens,
1589 197 1729 226 Tullium
1750 203 1836 226 tuam.
1855 199 1959 226 lacru-

94 240 210 268 mulam
229 239 388 278 scripsisse
408 240 524 270 doceat.

168 286 284 316 Contra
303 288 419 327 aliquid
439 289 587 317 momenti
607 288 733 317 uidetur
752 289 818 318 Erf.
847 290 1000 329 scriptura
1020 290 1054 319 C.
1076 290 1238 320 XXXVI.
1264 290 1291 331 §.
1312 294 1357 322 88.
1385 291 1514 329 habere,
1540 293 1594 321 ubi
1615 293 1744 321 uerbum
1765 303 1843 328 esse,
1870 293 1961 329 uolgo

93 339 164 373 post
183 336 298 364 ultores
316 337 467 375 positum,
488 342 557 366 ante
578 337 610 365 id
629 336 758 365 uerbum
778 337 927 366 conlocat.
968 338 1047 367 Nam
1066 348 1176 368 reuera
1195 339 1240 368 ibi
1261 350 1322 367 esse
1342 340 1507 380 interpreti
1527 341 1642 377 deberi,
1663 341 1735 369 satis
1755 340 1831 369 mihi
1853 341 1961 369 uidcor

91 381 127 410 in
146 385 365 413 commentario
386 385 618 413 demonstrasse.

167 431 317 461 Maiorem
343 433 434 461 etiam
460 432 710 471 interpolationis
740 433 947 472 suspicionem
974 433 1056 463 idem
1082 438 1187 463 mouet
1216 434 1251 463 C.
1271 434 1417 463 XXXII.
1447 435 1474 474 §.
1496 446 1558 473 77.‚
1583 437 1638 465 ubi
1658 447 1740 465 nunc
1767 437 1799 465 in
1819 436 1961 464 omnibus

93 477 282 508 editionibus
301 481 451 520 scriptum
471 482 600 520 legitur:

166 528 225 555 Cui
243 529 366 566 quidem
391 540 463 567 ego,
488 531 570 558 sicut
590 530 644 559 Cn.
664 529 816 561 Plancio,
844 538 1012 567 numquam
1038 529 1237 558 (lissimulaui
1263 540 1309 558 me
1331 532 1514 568 plurumum.
1539 533 1662 567 dolare,
1688 542 1862 570 semperque
1883 542 1961 568 prus

91 581 146 602 me
161 573 280 611 feram.

165 621 358 652 Erfurtensis
378 635 435 663 pro
450 635 532 663 prae
551 634 598 652 me
621 623 727 661 feram
746 623 855 651 scribit
869 624 1052 662 praeferam
1072 629 1103 652 et
1123 635 1169 652 me
1189 623 1294 662 inepte
1314 630 1385 654 ante
1405 626 1527 664 quidem
1546 627 1644 664 ponit.
1683 627 1904 661 Dolendumst‚
1924 626 1961 653 dc

91 668 240 699 Baliarico
267 670 320 700 hic
346 673 457 709 taceri,
485 682 575 711 quem
601 671 626 699 si
655 670 765 699 scirem
793 681 861 699 cum
888 671 1072 699 Erfurtense
1100 671 1218 708 facero,
1245 672 1327 700 nihil
1348 673 1463 701 certius
1482 678 1639 711 putarem,
1669 685 1757 712 quam
1779 675 1962 703 Ciceronem

87 717 270 755 praeferam
288 720 447 759 scripsisse
467 726 498 749 et
518 732 564 749 me
583 719 619 748 ab
641 719 827 756 interprete,
861 717 952 745 huius
973 718 1061 746 uerbi
1077 719 1242 756 praeferre
1260 730 1333 748 usus
1354 720 1478 758 ignaro,
1506 721 1749 759 superscriptum
1770 732 1843 750 esse.
1882 722 1962 749 Nam

92 775 152 803 quo
171 767 273 796 rarior
292 768 342 796 hic
363 769 452 797 uerbi
480 769 564 797 illius
591 776 664 795 usus
692 769 754 800 est,
789 775 824 793 eo
844 765 938 802 magis
958 770 1043 803 patet
1063 766 1172 795 adduci
1193 767 1338 797 librarios
1359 768 1519 803 debuisse,
1556 774 1590 797 ut
1610 780 1656 797 me
1675 779 1845 807 pronomen
1868 769 1961 797 adde-

90 819 169 843 rent.
209 815 381 855 Usurpauit
400 822 501 845 autem
522 815 631 845 Cicero
648 812 812 851 praeferre
832 822 923 840 sensu
942 812 998 841 illo
1019 813 1051 841 in
1072 813 1120 842 his
1141 814 1233 843 loeis:
1253 825 1311 854 pro
1333 816 1417 844 Sext.
1438 816 1554 844 Roscio
1575 817 1643 844 Am.
1667 817 1700 845 C.
1721 817 1849 844 XXXI.
1870 816 1896 855 ᾗ.
1916 822 1961 847 257.

90 865 264 891 auaritiam
278 864 433 902 praeder-9,
454 865 508 902 qui
525 864 699 891 societatem
719 860 826 887 coieris
845 860 882 887 de
902 862 1071 899 municipis
1091 865 1277 901 cognatique
1288 863 1433 902 fortunis
1453 875 1523 892 eum
1543 865 1750 893 alienissumo.
1770 865 1806 892 ad
1826 865 1899 892 Diu.
1919 866 1962 899 X,

90 911 118 945 8,
137 912 164 939 8.
185 917 238 944 ut,
258 922 328 940 cum
344 911 575 949 praeferremus
593 917 700 936 sensus
719 913 825 943 aperte
852 911 920 935 etc..
961 909 1025 937 Cfr.
1047 910 1198 938 Matthiae
1218 911 1254 939 ad
1276 911 1340 940 Cic.
1360 923 1418 951 pro
1439 912 1554 940 Roscio
1574 912 1595 940 1.
1616 912 1646 940 l..
1684 912 1774 940 Adde
1795 913 1962 940 Frontonis

89 957 171 997 Epp.
191 958 229 987 ad
247 960 290 988 ΞΜ.
312 959 471 988 Caesarem
489 958 527 986 L.
548 956 604 985 IV.
626 965 674 993 ep.
693 954 770 982 XII.
796 965 825 993 p.
848 957 910 984 108.
931 956 977 985 ed.
998 958 1090 986 Mai.:
1124 959 1232 988 Tibine
1252 962 1299 988 ita
1320 963 1438 994 nisum,
1464 963 1518 998 qui
1532 961 1696 998 pransers,
1723 961 1912 988 Faustinam.
1931 962 1965 987 nl

90 1007 149 1035 tibi
169 1017 229 1035 esse
248 1007 331 1044 quod
347 1008 444 1035 lucem
464 1013 603 1033 serenam
623 1007 690 1031 ete..
729 1002 833 1040 Atque
853 1002 928 1032 haut
948 1004 1030 1041 scio,
1065 1015 1103 1034 an
1131 1007 1239 1035 eodem
1268 1007 1418 1046 loquendi
1445 1018 1556 1046 genere
1577 1008 1687 1036 Cicero
1715 1009 1748 1036 in
1775 1018 1820 1036 or.
1847 1018 1903 1045 pro
1925 1007 1961 1035 L.

91 1053 184 1083 Corn.
203 1054 299 1082 Balbo
325 1053 359 1082 C.
379 1052 506 1081 XXIII.
532 1049 559 1091 §.
580 1052 624 1080 52.
651 1058 723 1078 usus
744 1048 801 1085 sit,
835 1051 1071 1091 scripseritque:
1100 1055 1223 1083 Iudices
1255 1066 1326 1084 caut.
1347 1055 1547 1093 praeferrent
1561 1057 1732 1094 palamque
1756 1057 1962 1094 loquerentur,

89 1102 168 1140 quid
184 1106 282 1129 essent
306 1101 371 1140 lege
390 1102 497 1138 Papia
523 1100 560 1127 de
579 1099 627 1127 M.
656 1098 783 1134 Crasso,
810 1098 1014 1129 filamertinis
1041 1102 1263 1139 repetentibus,
1293 1104 1476 1132 iudicaturi.
1514 1104 1593 1132 Nam
1613 1114 1670 1142 pro
1685 1115 1766 1142 prae
1785 1115 1816 1132 se
1826 1104 1962 1141 seo-rent,

87 1158 164 1187 quae
182 1148 316 1187 uolgaris
336 1153 383 1177 est
409 1148 494 1176 illius
513 1145 576 1175 loci
596 1144 768 1184 scriptura,
804 1145 997 1175 Erfnrtensis
1018 1159 1049 1177 se
1068 1159 1149 1186 prae
1167 1150 1297 1187 ferrent
1324 1151 1444 1180 scribit.
1483 1151 1697 1180 Nihilominus
1717 1152 1909 1180 retinendam
1929 1152 1961 1180 in

86 1195 156 1224 loco
175 1196 232 1224 illo
253 1196 400 1225 orationis
420 1195 602 1224 Plancianae
622 1193 806 1231 scripturam
826 1194 978 1232 uolgatam
1006 1197 1130 1234 putaui,
1159 1197 1252 1226 unius
1272 1198 1348 1226 libri
1368 1198 1561 1228 Erfurtensis
1580 1210 1644 1229 non
1664 1210 1730 1229 eam
1749 1205 1832 1229 ratus
1853 1206 1962 1230 aucto-

85 1243 210 1273 ritatem
230 1253 311 1281 esse,
337 1249 372 1273 ut
391 1249 568 1273 consuetam
587 1239 736 1281 loquendi
755 1241 909 1271 rationem
928 1243 961 1272 in
982 1244 1218 1274 insolentiorem
1237 1250 1397 1276 mutarem.

973 1342 1001 1384 ς.
1023 1350 1067 1377 15.

157 1415 256 1443 Porro
276 1423 311 1442 ea
331 1423 453 1452 quoque
472 1412 585 1448 uerba,
618 1423 694 1452 quae
716 1409 749 1438 in
768 1412 794 1440 B
816 1417 847 1441 et
866 1413 893 1441 E
920 1413 1010 1442 aliam
1038 1413 1141 1442 sedem
1162 1419 1254 1453 atque
1280 1415 1315 1444 in
1334 1416 1469 1446 familiae
1488 1417 1599 1448 tertiae
1619 1417 1778 1447 codicibus
1799 1424 1958 1457 occupant,

83 1463 110 1492 si
129 1462 167 1491 ad
185 1472 305 1491 sensum
326 1472 389 1490 non
409 1466 481 1489 sunt
500 1463 685 1499 necessaria,
711 1460 818 1499 negari
838 1461 947 1499 nequit
967 1462 1219 1501 interpolationis
1239 1463 1364 1493 nomine
1384 1472 1526 1505 suspecta
1545 1476 1634 1505 posse
1654 1477 1728 1495 esse.
1769 1466 1958 1504 Quamquam

82 1510 140 1540 hac
166 1510 199 1539 in
224 1521 259 1539 re
285 1520 391 1548 magna
418 1509 591 1538 adhibenda
619 1511 766 1545 cautiost,
800 1519 839 1537 ne
865 1509 998 1546 genuina
1019 1510 1180 1539 Ciceronis
1208 1512 1303 1540 uerba
1329 1522 1386 1551 pro
1407 1514 1552 1543 insiticiis
1572 1514 1745 1543 habomnus.
1786 1515 1864 1542 Nam
1885 1514 1958 1542 haut

81 1568 153 1587 raro
173 1557 218 1585 ibi
237 1558 328 1587 etiam
348 1558 381 1586 in
401 1558 568 1586 uerborum
589 1557 803 1586 conlocatione
823 1557 960 1586 familiae
987 1559 1139 1587 secundae
1168 1564 1198 1588 et
1224 1560 1336 1588 tertiae
1361 1562 1482 1590 codices
1508 1573 1525 1591 a
1551 1572 1584 1590 se
1603 1563 1739 1591 inuicem
1759 1563 1955 1598 dissentiunt,

82 1606 138 1635 ubi
157 1616 214 1644 pro
235 1611 319 1634 certo
340 1605 493 1634 adfirmari
513 1610 631 1643 potest,
652 1606 755 1634 omnia
774 1605 869 1634 uerba
890 1615 928 1633 ex
949 1616 1003 1633 ore
1024 1606 1185 1636 Ciceronis
1205 1609 1337 1638 uenisse.
1376 1609 1411 1638 Id
1430 1610 1545 1639 factum
1565 1610 1614 1639 his
1634 1611 1728 1639 Iocis:

158 1654 192 1683 C.
213 1654 270 1682 IV.
289 1651 316 1693 §.
340 1663 382 1683 10.
421 1660 520 1682 tec-um
539 1655 586 1681 ita
606 1654 808 1688 conten‹lam;
829 1653 874 1681 sic
894 1653 919 1681 B
940 1658 971 1681 et
990 1654 1034 1691 E3
1054 1655 1122 1683 rell.
1144 1657 1191 1684 ita
1211 1662 1311 1685 tecum
1331 1658 1521 1686 contendam.
1543 1672 1582 1679 ·—-
1603 1659 1636 1688 C.
1658 1659 1698 1687 V.
1718 1657 1745 1698 §.
1769 1667 1810 1687 12.
1840 1658 1956 1694 hamst-

82 1705 165 1732 eium
184 1703 229 1730 ad
253 1712 321 1730 eum
342 1703 468 1738 potia-95
498 1700 543 1728 sic
563 1701 588 1729 B
609 1706 640 1729 et
659 1702 703 1739 E3
728 1701 798 1729 rell.
818 1700 1000 1737 beneficium
1021 1704 1129 1739 potius
1149 1704 1194 1732 ad
1211 1715 1286 1732 eum.
1306 1721 1343 1726 —
1371 1705 1404 1734 C.
1426 1705 1484 1734 IX.
1511 1703 1539 1745 ᾗ.
1559 1706 1604 1735 23.
1631 1706 1705 1734 lzuie
1725 1706 1822 1734 obesse
1842 1708 1955 1738 eliam;

81 1751 125 1779 sic
145 1750 170 1778 B
191 1754 222 1777 et
241 1749 267 1777 E
289 1759 357 1778 cum
377 1749 423 1784 A;
450 1747 516 1776 rell.
537 1750 630 1776 etiam
649 1749 723 1777 huie
742 1749 847 1778 obesse.
866 1763 904 1770 —-
932 1749 966 1777 C.
987 1749 1062 1777 XII.
1082 1748 1110 1789 §.
1130 1752 1176 1780 30.
1193 1754 1319 1791 generis
1339 1754 1407 1781 dico
1433 1759 1462 1781 et
1488 1756 1639 1789 nominis;
1664 1754 1708 1781 sic
1728 1754 1752 1781 Β
1773 1758 1803 1781 et
1823 1753 1866 1789 E3
1886 1753 1953 1781 rell.

78 1799 202 1836 generis
229 1803 258 1826 et
284 1797 417 1824 nominis
443 1796 519 1824 dico.
538 1810 575 1817 —
601 1796 635 1825 C.
656 1796 764 1825 XVII.
784 1794 811 1836 §.
831 1797 876 1825 43.
898 1803 1028 1834 propter
1047 1801 1305 1829 necessitudinem
1331 1811 1369 1828 ac·
1394 1802 1610 1835 uicinitatem;
1635 1801 1678 1829 sie
1706 1802 1730 1829 B
1752 1805 1783 1829 et
1807 1800 1851 1836 E3
1884 1800 1953 1829 rell.

77 1852 205 1884 propter
224 1847 421 1873 uicinitatem
447 1853 485 1871 ae
505 1845 768 1873 necessitudinem.
788 1859 825 1865 —
848 1845 882 1873 C.
903 1845 1030 1873 XXIII.
1057 1845 1085 1885 ἕ.
1102 1847 1147 1875 55.
1175 1853 1220 1875 set
1239 1859 1336 1886 neque
1365 1855 1401 1876 tu
1426 1848 1503 1877 haec
1522 1849 1633 1883 habes;
1660 1849 1704 1877 sic
1725 1849 1749 1877 B
1762 1853 1793 1876 et
1812 1848 1856 1885 E3
1883 1848 1951 1876 rell.

80 1900 126 1923 set
145 1903 241 1932 neque
261 1899 295 1920 tu
314 1891 407 1920 habes
427 1891 512 1920 haee.
532 1908 570 1913 -—
590 1891 624 1920 C.
645 1892 772 1921 XXIV.
792 1891 820 1932 §.
833 1892 877 1921 64.
898 1898 955 1921 aut
975 1895 1139 1922 clariorem
1158 1901 1215 1923 aut
1232 1898 1422 1934 grali07·em;
1442 1896 1485 1924 sic
1506 1897 1530 1924 B
1551 1901 1582 1925 et
1600 1897 1645 1933 E;
1665 1896 1733 1924 rell.
1754 1903 1810 1924 aut
1826 1899 1951 1934 gratio-

81 1952 145 1971 rem
163 1947 220 1970 aut
239 1941 408 1970 clariorem.
427 1954 466 1959 —-
485 1938 518 1967 C.
539 1938 666 1966 XXVI.
685 1937 713 1978 ᾗ.
734 1939 778 1968 65.
805 1941 840 1968 in
859 1942 899 1968 iis
919 1941 991 1969 locis
1010 1943 1108 1970 solent
1134 1952 1216 1977 εει-δε,-
1242 1943 1287 1972 sic
1307 1944 1332 1972 B
1353 1949 1384 1972 et
1403 1944 1446 1980 E;
1472 1944 1540 1972 rell.
1560 1943 1665 1982 paucis
1691 1943 1803 1972 leuiter
1830 1945 1951 1973 dissen—

79 1988 227 2018 tientibus
254 1989 349 2017 solent
377 1997 438 2015 esse
457 1988 491 2014 in
511 1988 550 2015 iis
569 1988 652 2016 locis.
671 2003 709 2009 —-
729 1987 763 2015 C.
782 1987 912 2015 XXXI.
931 1986 958 2027 §.
975 1988 1019 2023 76.
1048 2000 1109 2018 non
1127 1992 1340 2029 significarem
1360 1992 1493 2020 dolorem
1512 2001 1630 2025 meum;
1649 1991 1693 2019 sic
1713 1991 1738 2018 B
1759 1997 1790 2020 et
1809 1992 1854 2028 E3
1881 1993 1949 2021 rell.

80 2046 141 2064 non
160 2036 294 2065 dolorem
313 2046 414 2064 meum
432 2035 653 2073 signficarem.
672 2051 710 2056 —-
736 2035 768 2064 C.
793 2035 939 2064 XXXII.
967 2035 995 2075 §.
1017 2038 1060 2073 78.
1089 2038 1205 2066 ideirco
1233 2041 1335 2067 minus
1361 2040 1498 2074 iudices;
1523 2039 1566 2067 sie
1586 2039 1610 2067 B
1632 2043 1663 2067 et
1682 2039 1726 2075 E,
1751 2045 1822 2078 post
1847 2043 1949 2068 minus

80 2084 225 2113 addentes
245 2085 375 2113 libenter
382 2093 394 2118 ,·
421 2083 490 2111 rcll.
517 2083 635 2111 iudices
654 2084 769 2112 idcirco
790 2085 901 2112 minus.
921 2099 959 2104 —
979 2084 1057 2113 Ibid.
1078 2095 1138 2124 quo
1158 2096 1204 2114 me
1224 2088 1349 2115 tandem
1368 2089 1401 2115 in
1416 2094 1445 2114 te
1466 2089 1571 2115 animo
1590 2093 1688 2124 putas
1707 2097 1769 2115 esse
1775 2098 1788 2121 J
1806 2087 1873 2116 rell.
1890 2099 1949 2126 quo

81 2142 127 2161 me
146 2133 271 2161 tandem
290 2133 393 2160 animo
409 2133 444 2160 in
460 2137 489 2158 te
503 2137 602 2169 putas
621 2142 737 2161 esse.—
754 2132 788 2160 C.
806 2131 984 2160 XXXVII.
1005 2131 1031 2172 §.
1052 2142 1097 2172 9ο.
1125 2136 1154 2162 εἰ
1178 2145 1326 2172 umquam
1345 2138 1431 2164 uitae
1451 2134 1608 2173 cupiditas
1627 2136 1662 2163 in
1681 2145 1727 2163 me
1738 2134 1878 2172 suisset;
1905 2136 1948 2163 sic

80 2180 106 2209 B
125 2186 157 2210 et
175 2181 219 2219 E3
237 2181 305 2211 rell.
324 2182 352 2210 si
371 2189 518 2217 umquam
538 2181 571 2207 in
591 2190 637 2208 me
657 2181 742 2208 uitae
767 2181 925 2217 cupiditas
935 2179 1062 2217 fuisset.
1081 2194 1119 2202 —-

155 2238 234 2268 Tres
259 2243 331 2268 sunt
351 2238 429 2275 loci,
450 2238 483 2266 in
504 2237 615 2276 quibus
636 2239 693 2266 etsi
714 2238 909 2267 infitiandum
929 2249 991 2267 non
1012 2245 1058 2268 est
1078 2240 1162 2268 salua
1181 2241 1333 2270 sententia
1353 2240 1456 2271 omitti
1475 2241 1570 2270 uerba
1589 2252 1699 2282 posse,
1721 2252 1851 2281 quorum
1871 2251 1945 2279 uaga

82 2284 168 2314 sedes
198 2292 259 2323 est,
290 2292 392 2315 tamen
418 2295 544 2325 prorsus
572 2285 786 2315 incredibilest
818 2287 854 2314 ab
887 2286 1058 2325 interprete
1092 2287 1195 2316 addita
1227 2298 1309 2326 esse,
1345 2300 1415 2318 cum
1439 2289 1476 2318 ad
1503 2289 1746 2328 intellegentiam
1774 2289 1836 2318 loci
1864 2289 1943 2317 nihil

80 2333 206 2362 omnino
225 2335 392 2364 conferant.
430 2333 509 2363 Loci
528 2333 562 2362 hi
581 2340 668 2362 sunt:

155 2382 190 2411 C.
210 2381 233 2410 I.
255 2381 282 2422 §.
302 2384 328 2411 3.
367 2392 554 2421 quamquam
573 2383 652 2411 milti
672 2394 730 2411 non
752 2393 836 2410 sumo
857 2388 979 2410 tantum
999 2393 1095 2421 neque
1115 2385 1247 2421 adrogo,
1268 2386 1402 2419 iuclices;
1423 2385 1468 2414 sic
1487 2386 1512 2414 B
1535 2391 1565 2414 et
1586 2386 1629 2423 E3
1649 2385 1718 2414 rell.
1739 2385 1854 2414 iudices
1873 2389 1944 2422 post

80 2436 204 2459 tantum
223 2435 351 2469 ponunt.
370 2445 406 2452 -
426 2431 461 2459 C.
480 2429 559 2458 XX.
579 2429 606 2470 ς.
627 2431 672 2460 50.
694 2442 751 2470 quo
772 2431 893 2469 quidem
913 2437 1063 2469 tempore,
1090 2431 1290 2469 Laterensis,
1315 2435 1343 2462 si
1362 2433 1519 2472 idsacere
1543 2435 1711 2468 uoluisses;
1738 2433 1781 2462 sic
1801 2433 1826 2461 Β
1847 2437 1877 2460 et
1898 2432 1943 2463 E3

1482 2482 1525 2512 7²
