2264 2746
847 93 1282 122 PRAEFATIO.
1935 99 1995 122 VH

137 196 196 220 ces
221 182 441 218 uetustiores
467 179 741 221 intellexissem,
784 190 845 211 eos
874 190 1019 223 quoque
1043 192 1109 223 per
1135 180 1370 214 Franciscum
1397 180 1442 213 de
1467 180 1598 224 Furia,
1638 181 1760 214 uirum
1788 180 1995 221 celeberru-

137 270 256 302 mum,
297 253 536 290 conferendos
571 265 653 286 cum
689 253 849 286 editione
883 252 1091 285 Graeuiana
1124 256 1257 288 curaui.
1309 255 1352 287 In
1378 254 1596 288 bibliotheca
1630 255 1737 288 etiam
1762 254 1925 287 Parisina
1956 261 1996 288 ut

138 333 278 367 codices
306 328 481 375 quosdam
507 338 582 360 110ss
608 326 722 360 malae
748 332 876 370 notae,
923 338 969 359 ex
996 326 1124 371 quibus
1160 338 1266 362 uerae
1293 329 1493 373 scripturae
1521 329 1598 362 crui
1623 334 1788 374 possent,
1823 328 1994 361 recondi-

139 412 197 441 tos
221 405 334 438 latere
360 402 582 446 suspicarer,
610 401 867 434 Lallemandus
893 400 998 443 fecit,
1034 401 1095 446 qui
1122 400 1159 432 in
1185 402 1317 434 nonnis
1344 402 1387 434 ad
1415 403 1617 435 orationem
1643 403 1871 435 Plancianam
1898 413 1996 434 non-

138 490 336 523 numquam
365 482 530 522 optumas
556 475 750 519 lectiones,
779 488 869 521 quae
897 487 942 508 cx
968 474 1044 507 solo
1071 473 1281 507 Erfurtensi
1310 481 1471 508 enotatae
1500 481 1622 519 erant,
1648 477 1685 509 in
1713 476 1896 509 codicibus
1922 475 1995 507 Pa-

135 552 256 587 risinis
283 551 439 595 reperiri
464 551 669 583 iactauerat.
722 550 848 594 Itaque
875 548 1151 590 Schlottichius,
1192 546 1378 591 popularis
1406 557 1523 592 meus,
1560 551 1620 594 qui
1647 550 1791 583 Parisiis
1818 555 1900 582 ante
1926 549 1995 581 ali-

137 631 225 672 quot
251 636 366 658 annos
394 625 693 666 conmorabatur‚
727 635 793 669 per
820 623 957 656 litteras
985 633 1005 654 a
1030 632 1089 653 me
1114 625 1261 665 rogatus
1287 620 1399 652 trium
1428 619 1606 666 coditum9
1643 624 1703 668 qui
1729 623 1876 656 alicuius
1902 623 1998 666 preti

138 711 215 733 esse
242 698 478 742 uidebantur,
523 698 829 731 conserendorum
863 695 1050 740 negotium
1081 694 1366 739 promptissume
1398 694 1436 726 in
1470 705 1508 725 se
1534 697 1679 737 recepit,
1730 697 1918 729 Postremo
1947 696 1997 728 10,

141 774 246 818 Casp.
275 772 435 806 Orellius
470 784 536 817 pro
564 783 626 804 sua
653 782 737 814 erga
762 781 821 802 me
848 769 1102 802 beneuolentia
1128 768 1245 801 uarias
1280 768 1474 811 lectiones,
1517 778 1603 811 quas
1630 765 1673 798 L.
1697 769 1870 811 Usterus,
1907 781 1998 813 pro-

138 847 256 882 sessor
290 846 503 888 Bernensis,
556 856 601 876 ex
632 843 755 876 codice
791 843 1032 877 bibliothecae
1066 842 1263 876 Bernensis
1298 847 1464 875 accurate
1499 845 1730 883 enotauerat,
1779 854 1840 874 sua
1874 848 1999 886 sponte

137 921 183 955 ad
207 933 267 954 me
290 921 397 953 misit.

242 993 372 1027 Omnis
398 992 466 1025 hos
492 991 653 1034 codices,
681 1003 771 1036 quos
798 991 905 1024 modo
933 992 1224 1034 conmemoraui,
1263 991 1456 1034 diligenter
1482 989 1682 1034 descriptos
1709 987 1747 1020 in
1772 985 2000 1031 prolegome-

139 1067 195 1100 nis
228 1067 402 1112 reperies.
454 1066 595 1099 Ibidem
631 1065 676 1098 de
704 1066 846 1111 origine
880 1077 1006 1099 eorum
1039 1071 1074 1099 et
1107 1065 1323 1110 cognatione
1360 1077 1380 1097 a
1412 1077 1471 1098 me
1505 1063 1710 1108 expositum
1743 1061 1883 1094 uidebis
1916 1072 2002 1092 esse.

136 1141 239 1184 Quae
272 1151 331 1173 res
366 1152 581 1185 quamquam
613 1152 689 1173 non
724 1141 803 1173 sine
828 1153 999 1173 maxumo
1036 1140 1183 1185 negotio
1218 1139 1382 1184 indagari
1414 1143 1552 1183 potest,
1593 1137 1748 1180 ideoque
1774 1147 1793 1168 a
1818 1134 2003 1179 plerisque

140 1214 338 1247 editoribus
366 1226 440 1247 11011
467 1215 583 1247 50111111
610 1214 769 1260 neglegi,
808 1220 863 1248 set
890 1216 998 1248 etiam
1031 1214 1070 1246 in
1107 1213 1283 1246 inuidiam
1317 1213 1447 1246 adduci
1481 1211 1590 1254 solet,
1640 1214 1777 1243 tantam
1810 1215 1930 1242 tamen
1965 1207 2001 1239 in

137 1288 371 1322 emendandis
405 1294 572 1321 ueterum
606 1289 826 1333 scriptorum
852 1289 1098 1322 monumentis
1125 1289 1201 1321 uim
1226 1288 1353 1330 habet,
1397 1292 1438 1319 ut
1463 1286 1647 1318 neminem
1673 1294 1844 1328 umquam
1870 1281 2001 1314 laboris

135 1362 384 1407 temporisque
417 1363 455 1395 in
483 1375 523 1396 ea
548 1374 589 1395 re
622 1364 829 1408 consumpti
861 1363 1048 1408 paenitere
1081 1362 1206 1407 possit.
1259 1361 1439 1406 Equidem
1468 1360 1553 1405 quid
1580 1359 1671 1392 lucri
1698 1369 1743 1390 ex
1769 1357 1908 1389 detecta
1935 1366 2000 1387 co—

136 1436 257 1469 dicum
284 1437 438 1479 familia,
467 1437 596 1482 quibus
625 1438 740 1470 oratio
767 1437 961 1470 Plane-iana
988 1443 1130 1470 seruata
1157 1436 1412 1481 posteritatist,
1448 1439 1663 1467 consecutus
1690 1432 1776 1474 sim,
1811 1441 1885 1462 non
1912 1439 2002 1472 opus

136 1515 188 1543 est
212 1516 252 1544 ut
277 1511 391 1543 uerbo
419 1510 478 1543 hic
505 1511 710 1555 praedicem
738 1522 1009 1556 exponamque,
1039 1523 1150 1556 quom
1175 1511 1346 1555 quisque,
1382 1509 1442 1553 qui
1469 1507 1725 1553 prolegomena
1751 1510 1786 1537 et
1814 1512 1999 1536 commen-

137 1583 272 1616 tarium
298 1584 511 1629 perlegerit,
541 1585 645 1617 facile
672 1586 747 1630 ipse
775 1597 994 1630 cognoscere
1017 1586 1143 1630 possit.
1197 1584 1306 1627 Quid,
1335 1584 1431 1628 quod
1461 1595 1506 1615 ex
1533 1594 1573 1615 ea
1599 1593 1640 1614 re
1666 1578 1887 1613 intellexisse
1912 1575 2001 1608 mihi

139 1655 281 1698 uideor,
311 1663 487 1702 quotquot
513 1660 550 1691 in
578 1659 749 1705 Europae
776 1660 1004 1693 bibliothecis
1032 1659 1173 1692 codices
1198 1658 1380 1691 reconditi
1406 1657 1552 1699 lateant,
1580 1656 1641 1700 qui
1667 1660 1727 1688 aut
1753 1651 1915 1685 nondum
1939 1649 1999 1680 in-

137 1729 252 1774 specti
279 1735 341 1762 aut
367 1731 601 1776 neglegenter
628 1735 782 1779 inspecti
810 1735 901 1777 sint,
945 1745 1071 1766 eorum
1099 1733 1241 1766 nullum
1268 1744 1347 1765 csse
1373 1731 1569 1771 eiusmodi,
1604 1730 1706 1763 cuius
1734 1739 1801 1772 ope.
1822 1726 1880 1758 uel
1906 1735 1999 1756 1111115

142 1802 317 1836 orationis
344 1803 558 1838 Plancianae
593 1808 691 1842 locus
719 1809 927 1842 etiamnunc
962 1808 1146 1841 emendari
1174 1807 1308 1852 possit,
1331 1825 1381 1830 —-
1424 1817 1497 1839 11011
1523 1805 1653 1849 loquor
1681 1804 1724 1835 de
1751 1797 2000 1845 palimpsestis,

138 1887 184 1909 ex
210 1876 357 1920 quibUS,
392 1878 422 1909 si
449 1879 508 1923 qui
537 1882 766 1924 reperiantur
791 1888 937 1928 praeter
964 1894 1063 1925 eum,
1109 1894 1217 1927 quem
1243 1880 1284 1914 A.
1312 1880 1431 1914 Maius
1460 1879 1613 1921 detexit,
1649 1884 1721 1909 non
1746 1883 1838 1916 nego
1866 1872 2002 1915 aliquot

137 1949 227 1982 locis
254 1950 474 1995 insperatam
500 1952 617 1987 lucem
650 1956 785 1989 adferri
811 1968 927 2001 posse.
983 1957 1216 1990 Certissumis
1245 1956 1342 1989 enim
1374 1952 1592 1999 argumentis
1623 1947 1797 1981 adductus
1824 1957 1922 1988 sum,
1961 1950 2002 1977 ut

140 2024 275 2068 omnis,
305 2025 365 2070 qui
391 2027 555 2060 nondum
582 2030 745 2073 usurpati
772 2030 860 2072 sint,
890 2030 1030 2063 codices
1059 2031 1232 2064 deteriori
1261 2030 1312 2063 illi
1339 2029 1516 2062 librorum
1541 2023 1664 2065 classi,
1692 2034 1781 2067 quos
1808 2021 1847 2053 in
1873 2019 2002 2064 prole-

139 2099 304 2143 gomenis
330 2098 373 2132 L.
402 2099 428 2132 I.
464 2100 503 2133 C.
532 2102 558 2135 I.
597 2100 624 2147 ᾗ.
655 2103 686 2135 5.
731 2104 939 2147 percensui,
983 2104 1273 2137 adnumerandos
1311 2115 1389 2136 esse
1422 2099 1573 2134 credam.
1625 2096 1755 2130 Omnis
1785 2095 1881 2128 enim
1909 2104 2000 2126 con-

138 2171 268 2216 tend03
307 2185 347 2206 ac
381 2174 461 2207 inre
487 2188 545 2209 me
572 2176 641 2209 hoc
670 2178 909 2220 contendere,
952 2178 1160 2212 confirmari
1195 2180 1237 2211 ab
1265 2179 1307 2210 iis
1335 2174 1487 2221 poterit,
1529 2172 1658 2218 quibus
1684 2168 2000 2215 inspicinndorum

140 2255 267 2277 eorum
295 2248 448 2293 copiast,
485 2251 602 2283 omnis
630 2252 739 2296 igitur
767 2252 947 2285 contendo
974 2252 1102 2285 lacuna
1128 2253 1187 2285 illa
1215 2252 1426 2295 deprauatos
1453 2251 1641 2292 repertum
1668 2245 1730 2287 iri,
1767 2255 1857 2289 quae
1885 2248 1938 2275 est
1964 2241 2001 2273 in

142 2319 325 2363 omnibus,
366 2322 427 2366 qui
455 2323 571 2357 adhuc
599 2326 753 2359 consulti
780 2332 882 2369 sunt,
925 2327 1115 2359 deterioris
1143 2327 1234 2358 illius
1263 2324 1381 2357 classis
1410 2321 1611 2363 codicibus,
1655 2318 1716 2364 qui
1744 2318 1784 2350 C.
1812 2317 1857 2352 V.
1886 2313 1913 2360 §
1947 2314 1999 2347 15.
