2264 2746
280 101 331 129 148
925 90 1496 120 COMMENTARIUS.

277 169 366 199 cium
389 166 528 200 fortasse
552 168 592 199 de
615 174 689 199 octo
712 166 767 197 uel
791 165 905 196 decem
928 165 1079 196 tribuum
1103 164 1278 195 uoluntate
1309 171 1437 197 certum
1463 165 1580 204 fuisse,
1611 178 1793 209 earumque
1824 166 1980 209 suffragia
2002 178 2035 198 se
2058 167 2148 198 latu-

276 232 353 252 rum
378 232 447 251 esse
469 222 611 255 sciuisse,
638 226 745 249 tamen
762 218 788 249 is
811 229 971 249 numerus
994 230 1062 249 non
1088 223 1199 248 tantus
1226 222 1306 256 erat,
1330 224 1368 248 ut
1381 219 1496 250 aedilis
1520 225 1631 261 posset
1654 219 1770 250 creari.
1816 218 1975 249 Totidem
1998 219 2148 249 tribuum

276 273 433 315 suffragia
457 281 536 315 puta
560 272 706 302 Plotium
731 271 883 301 habuisse
910 270 1082 308 deuincta:
1106 281 1168 300 nec
1190 269 1217 300 is
1240 281 1376 312 sperare
1397 278 1546 313 poterat,
1569 284 1603 303 se
1626 272 1769 302 aedilem
1792 271 1946 302 futurum
1973 282 2053 302 esse.
2081 271 2149 302 At-

279 327 334 369 qui
349 327 375 357 si
394 327 479 356 inter
505 330 685 364 utrumque
701 324 931 361 conueniebat,
956 323 1085 365 sibique
1102 323 1248 353 inuicem
1267 321 1300 352 id
1319 323 1496 355 effecturos
1519 336 1553 355 se
1579 336 1648 355 esse
1670 324 1923 366 promittebant,
1949 329 1985 354 ut
1998 334 2078 364 quas
2088 323 2150 354 tri-

278 380 339 411 bus
366 377 516 409 Plancius
539 387 574 406 se
597 388 665 406 esse
690 376 838 406 laturum
861 376 1000 414 sciebat,
1025 375 1207 406 earundem
1231 374 1387 417 suffragia
1412 376 1538 408 Plotius
1562 375 1683 416 ferret,
1718 377 1902 418 eodemque
1926 375 2027 407 modo
2051 375 2152 405 Plan-

279 433 346 463 cius
371 443 422 461 cas
448 440 513 460 una
537 428 642 458 tribus
674 427 795 467 ferret,
832 440 850 459 a
875 428 994 470 quibus
1019 428 1146 460 Plotius
1178 440 1211 459 se
1243 428 1448 459 declaratum
1477 429 1619 460 aedilem
1650 429 1692 460 iri
1723 429 1864 467 sciebat,
1898 435 1969 459 tum
2000 425 2152 470 profecto

279 485 351 517 fieri
377 495 443 514 non
467 481 594 524 potuit,
635 481 716 522 quin
739 481 841 512 ceteri
867 481 1090 523 conpetitores
1115 482 1391 520 dimouerentur,
1426 481 1647 523 Planciusque
1671 488 1703 513 et
1725 482 1853 513 Plotius
1877 481 1999 512 aediles
2023 480 2153 511 fierent.

280 535 455 569 Eiusmodi
478 540 611 576 pactum
635 540 746 564 autem
771 545 808 564 eo
833 532 976 564 faciliori
1006 534 1140 575 negotio
1164 534 1282 565 confici
1302 533 1431 576 potuit,
1472 545 1538 575 quo
1562 535 1791 576 unusquisque
1815 546 1953 572 eorum,
1993 532 2051 574 qui
2083 531 2154 563 coi-

280 590 374 625 bant,
399 586 434 616 111
456 586 620 624 tribubus,
647 598 726 628 quas
749 586 812 616 sibi
837 585 1071 624 deuinxerant,
1096 587 1274 628 gratiosior
1297 592 1379 617 erat.
1424 586 1540 626 Itaque
1565 597 1648 627 quae
1670 588 1776 618 tribus
1800 587 1895 618 uerbi
1919 596 2032 617 caussa
2053 584 2155 615 Plan-

280 640 329 670 cio
351 638 448 669 unice
473 637 638 677 fauebant,
662 650 714 669 eas
738 649 813 668 cum
835 638 969 670 alterius
993 639 1092 670 etiam
1117 640 1284 671 candidati
1307 650 1429 670 nomen
1454 638 1596 677 tabellis,
1621 651 1699 680 quas
1716 640 1751 670 111
1766 640 1861 671 cistas
1884 638 2079 675 coiciebant,
2102 635 2158 666 in-

280 692 426 724 scribere
453 691 614 722 deberent
629 710 670 715 —
685 702 761 721 nam
788 691 944 722 binorum
967 702 1099 734 semper
1123 692 1378 723 candidatorum
1403 691 1541 722 nomina
1563 691 1602 722 ab
1617 703 1815 733 unaquaque
1838 692 1928 722 tribu
1955 691 1990 721 in
2013 688 2157 721 comitiis

279 745 440 776 aediliciis
464 744 564 776 simul
588 743 717 774 tabellis
741 743 877 774 inscribi
902 743 1055 775 debuisse
1077 752 1197 787 sponte
1220 745 1429 786 intellegitur
1451 763 1493 768 —
1515 743 1612 774 facile
1635 751 1790 787 apparet,
1816 744 2058 775 lubentissume
2081 754 2157 773 cum

281 797 395 829 Planci
426 798 562 828 nomine
595 796 683 827 Ploti
707 808 831 827 nomen
855 797 985 828 tabellis
1015 798 1234 840 inscripturas
1264 796 1386 836 fuisse,
1434 809 1510 828 cum
1541 797 1574 827 id
1603 797 1738 828 Plancio
1770 798 1968 840 plurumum
1999 796 2158 839 prodesse

282 851 448 882 uiderent.
474 868 515 873 —
562 850 720 880 Ceterum
752 850 831 880 uide
854 862 938 891 quae
968 850 1009 880 de
1032 851 1274 893 significatione
1304 849 1400 881 uerbi
1425 851 1583 881 coitionis
1612 861 1630 880 a
1653 850 1735 881 uiris
1760 850 1864 881 doctis
1887 862 1956 881 non
1981 850 2058 881 satis
2079 861 2159 892 per-

281 909 393 946 specta
415 903 545 943 Proleg.
570 903 610 933 L.
635 902 693 932 111.
720 902 757 932 C.
782 903 840 932 III.
867 903 895 943 ἕ.
921 914 949 934 2.
974 915 1006 945 p.
1031 905 1172 936 LXXV
1194 915 1266 945 sqq.
1291 904 1520 945 exposuimus.

367 955 544 997 Sequitur,
572 960 609 985 ut
632 954 752 996 quibus
777 956 981 997 argumentis
1008 956 1199 988 Laterensis
1223 956 1404 987 coitionem
1430 967 1500 986 esse
1523 954 1642 986 factam
1666 957 1810 998 probare
1833 955 2019 993 studuerit,
2043 953 2162 985 uidea-

282 1021 368 1041 mus.
415 1008 553 1040 Adtulit
577 1007 633 1037 ille
658 1007 741 1045 duo,
767 1019 785 1038 a
810 1008 972 1039 Cicerone
996 1010 1146 1040 breuiter
1169 1009 1291 1046 relata,
1322 1009 1472 1051 primum
1497 1010 1587 1052 quod
1610 1009 1719 1041 tribus
1738 1011 1922 1053 plerasque
1945 1021 2022 1041 cum
2043 1008 2161 1041 Plotio

283 1062 403 1094 tulerit
431 1061 616 1098 Plancius,
653 1060 815 1098 alterum,
853 1063 943 1104 quod
971 1063 1156 1094 nonnullas
1183 1062 1291 1094 tribus
1316 1063 1458 1106 punctis
1483 1074 1595 1105 paene
1624 1063 1766 1093 totidem
1795 1074 1871 1093 cum
1893 1062 2011 1094 Plotio
2040 1061 2161 1093 tulerit

284 1115 464 1147 Plancius.

369 1168 420 1199 Ac
442 1166 566 1209 prioris
591 1164 728 1206 quidem
751 1166 940 1207 argumenti
963 1167 1043 1198 haec
1066 1174 1115 1199 est
1137 1167 1319 1206 sententia,
1342 1167 1382 1198 ab
1405 1166 1647 1209 interpretibus
1671 1180 1739 1198 nou
1762 1173 1953 1210 perspecta,
1982 1167 2162 1210 plerasque

284 1221 402 1257 tribus,
428 1230 507 1260 quas
534 1217 687 1247 Plancius
710 1217 836 1257 tulerit,
861 1230 926 1249 una
946 1231 1025 1250 cum
1049 1220 1184 1251 Plancio
1204 1220 1352 1250 Plotium
1376 1219 1541 1261 suffragiis
1564 1220 1631 1251 suis
1656 1220 1838 1251 declarasse
1861 1220 2016 1251 aedilem.

368 1273 421 1303 Ex
446 1271 503 1306 iis,
532 1281 614 1311 quae
640 1269 680 1300 de
703 1270 808 1300 uerbo
831 1272 990 1303 coitionis
1012 1273 1223 1311 monuimus,
1247 1271 1375 1303 facilest
1397 1273 1588 1310 intellectu,
1612 1284 1671 1303 cur
1694 1273 1756 1304 ista
1778 1285 1831 1304 res
1854 1273 2030 1304 Laterensi
2052 1272 2163 1304 uideri

285 1324 439 1356 debuerit
464 1323 689 1366 suspicionem
713 1322 866 1353 coitionis
892 1323 1026 1354 habere.
1072 1325 1134 1355 Ille
1157 1325 1203 1356 sic
1225 1325 1497 1356 ratiocinabatur.
1542 1325 1577 1355 Si
1601 1331 1737 1355 cunctus
1761 1325 1906 1367 populus
1928 1326 2022 1356 nulla
2044 1337 2164 1357 corru-

284 1386 361 1422 ptus
386 1377 563 1419 largitione
588 1376 684 1407 unice
708 1375 843 1405 Plancio
868 1382 900 1406 et
923 1376 1033 1407 Plotio
1064 1376 1216 1416 fauisset,
1251 1377 1472 1419 probabilest,
1508 1377 1660 1408 omnium
1691 1377 1828 1408 omuino
1860 1378 2011 1408 tribuum
2039 1390 2164 1410 maxu-

287 1443 377 1463 mam
400 1436 530 1472 partem
555 1429 692 1460 tabellas
716 1428 830 1459 Planci
862 1435 894 1459 et
918 1428 1006 1459 Ploti
1032 1430 1226 1461 nominibus
1256 1430 1431 1472 inscriptas
1460 1430 1495 1460 111
1517 1430 1612 1460 cistas
1642 1429 1744 1460 fuisse
1777 1429 2013 1461 coniecturam.
2056 1431 2166 1472 Atqui

285 1496 347 1516 nec
377 1484 524 1514 tulerant
555 1482 652 1513 ambo
684 1481 791 1512 omnis
825 1481 952 1520 tribus,
988 1493 1049 1512 nec
1076 1483 1156 1514 alias
1180 1484 1332 1515 Plancius
1361 1484 1440 1514 alias
1470 1483 1620 1520 Plotius,
1657 1488 1707 1513 set
1737 1495 1816 1524 quas
1847 1484 2000 1515 Plancius
2032 1483 2166 1515 easdem

286 1548 393 1581 paene
417 1535 525 1566 omnis
549 1534 678 1565 Plotius
705 1533 805 1564 etiam
828 1533 916 1564 tulit.
962 1534 1033 1565 Iam
1056 1535 1084 1566 si
1107 1536 1298 1567 Laterensis
1322 1536 1385 1567 hoc
1408 1542 1582 1579 praeterea
1605 1542 1804 1578 conpertum
1828 1536 1985 1576 habebat,
2017 1536 2051 1567 id
2075 1536 2166 1578 quod

286 1590 361 1621 fieri
383 1588 480 1619 facile
504 1587 634 1630 potuit,
669 1587 704 1617 in
726 1587 831 1617 altera
860 1592 955 1628 parte
985 1587 1154 1627 tribuum,
1193 1601 1272 1631 quas
1297 1589 1450 1620 Plancius
1481 1595 1513 1620 et
1536 1589 1664 1620 Plotius
1689 1589 1854 1627 tulerant,
1888 1588 2039 1620 minume
2065 1590 2167 1621 Plan-

288 1644 394 1680 cium,
429 1642 464 1672 in
487 1641 592 1671 altera
615 1640 766 1671 minume
790 1640 938 1670 Plotium
970 1639 1072 1671 fuisse
1106 1641 1308 1683 gratiosum:
1344 1648 1414 1672 tum
1449 1641 1618 1685 profecto,
1654 1653 1729 1671 culn
1752 1642 1973 1674 nibilominus
1995 1643 2035 1674 ab
2058 1643 2165 1674 isdem

288 1707 393 1739 paene
421 1693 576 1725 omnibus
600 1693 769 1731 tribubus,
794 1704 873 1734 quas
898 1693 1051 1724 Plancius
1075 1694 1216 1733 tulerat,
1243 1694 1392 1725 Plotium
1416 1694 1516 1725 etiam
1540 1695 1743 1726 declaratum
1767 1694 1911 1726 aedilem
1933 1694 2165 1736 intellexisset,

288 1747 474 1780 necessario
499 1745 672 1776 Plancium
696 1757 771 1776 cum
796 1746 905 1777 Plotio
929 1745 1070 1777 coiuisse
1092 1747 1254 1789 suspicari
1278 1747 1428 1778 debebat.

373 1802 475 1832 Istam
499 1810 580 1829 uero
604 1798 829 1840 suspicionem
855 1798 1073 1830 uehementer
1096 1799 1210 1841 augeri
1236 1800 1430 1841 oportebat,
1465 1800 1492 1831 si
1516 1800 1740 1831 demonstrari
1762 1799 1891 1842 potuit,
1928 1801 1962 1831 in
1986 1799 2089 1830 isdem
2114 1805 2166 1830 ta-

290 1854 386 1885 bellis
409 1863 515 1896 paene
539 1851 694 1882 onmibus
718 1851 825 1882 tribus
848 1852 1039 1891 cuiusdam,
1072 1852 1107 1882 in
1131 1852 1251 1894 quibus
1275 1852 1388 1883 Planci
1419 1864 1541 1883 nomen
1566 1852 1766 1894 inscriptum
1795 1860 1881 1891 erat,
1917 1853 2004 1884 Ploti
2030 1864 2165 1891 nomen,

290 1907 427 1938 alterius
458 1904 593 1943 aedilis,
628 1903 729 1935 fuisse
760 1904 941 1946 scriptum,
979 1905 1122 1947 ideoque
1147 1905 1280 1936 eosdem
1312 1905 1465 1936 homines
1490 1917 1595 1948 paene
1615 1905 1723 1936 omnis
1747 1906 1852 1937 tribus
1876 1906 1983 1945 illius,
2020 1918 2166 1948 quorum

291 1959 448 2001 suffragia
471 1957 624 1988 Plancius
657 1957 797 1996 tulerat,
831 1958 975 1988 alterum
1004 1958 1147 1988 aedilem
1179 1958 1329 1988 Plotium
1361 1958 1554 1989 declarasse.
1601 1958 1703 1999 Quod
1735 1970 1933 2000 quamquam
1961 1960 2167 1999 Laterensis,

294 2012 347 2042 eui
376 2011 575 2042 tabellarum
604 2010 891 2052 inspiciendarum
917 2017 1062 2053 potestas
1092 2022 1161 2041 non
1194 2017 1278 2042 esset
1302 2010 1394 2050 data,
1429 2018 1519 2042 certo
1552 2012 1696 2054 probare
1720 2012 1869 2042 minume
1892 2012 2020 2053 potuit,
2056 2019 2167 2044 tamen

294 2064 493 2095 concludeie
516 2063 590 2094 iure
614 2075 656 2094 ex
681 2075 718 2093 eo
742 2064 871 2106 potuit,
913 2064 1004 2106 quod
1029 2064 1137 2096 tribus
1162 2064 1320 2105 quasdam
1345 2065 1485 2095 totidem
1509 2076 1614 2107 paene
1636 2064 1767 2107 punctis
1792 2064 1963 2094 Plancium
1987 2076 2062 2095 cum
2086 2065 2167 2096 Plo-

293 2117 341 2149 iio
364 2117 478 2147 tulisse
501 2117 686 2147 audiuerat.
732 2117 837 2159 Finge
861 2117 968 2155 enim,
1003 2117 1177 2148 Plancium
1208 2123 1241 2148 et
1264 2117 1415 2147 Plotium
1446 2117 1571 2148 tribum
1602 2117 1810 2159 quampiam,
1845 2128 1928 2158 quae
1960 2128 2000 2147 ex
2033 2124 2167 2149 centum

293 2169 486 2201 hominibus
509 2169 714 2207 constiterit,
741 2170 787 2201 ita
810 2170 935 2207 tulisse,
959 2176 997 2200 ut
1019 2170 1172 2200 Plancius
1196 2169 1364 2211 octoginta
1388 2176 1420 2200 et
1443 2169 1520 2207 duo,
1544 2171 1671 2201 Plotius
1694 2169 1902 2210 septuaginta
1925 2175 1957 2200 et
1981 2176 2054 2201 octo
2078 2182 2169 2213 pun-

295 2229 363 2261 cta,
388 2220 507 2251 Pedius
532 2223 650 2263 uiginti
673 2229 705 2253 et
728 2221 811 2259 duo,
843 2221 1034 2253 Laterensis
1058 2222 1242 2253 octodecim
1265 2222 1389 2254 ferret:
1422 2222 1540 2264 ecquid
1564 2222 1805 2255 uerosimilius,
1838 2234 1936 2263 quam
1959 2224 2168 2265 septuaginta

297 2282 329 2306 et
352 2280 425 2304 octo
451 2273 523 2307 illa,
551 2286 632 2314 quae
656 2275 734 2305 tulit
760 2275 904 2311 Plotius,
931 2275 1087 2317 suffragia
1110 2276 1149 2306 ab
1173 2275 1277 2306 isdem
1306 2286 1375 2306 esse
1398 2275 1590 2305 hominibus
1616 2274 1695 2311 lata,
1722 2274 1779 2315 qui
1804 2274 1975 2305 Plancium
1999 2277 2167 2319 octoginta

298 2335 330 2359 et
354 2327 482 2358 duobus
506 2326 670 2366 sull'ragiis
694 2328 836 2358 aedilem
861 2328 1137 2360 declarauerant'?
1163 2339 1364 2369 quamquam
1388 2326 1460 2357 fieri
1484 2326 1599 2367 utique
1620 2326 1752 2368 potuit,
1780 2333 1816 2357 ut
1839 2326 1879 2356 de
1902 2329 2112 2370 septuaginta
2135 2335 2168 2360 et

297 2386 371 2412 octo
394 2379 461 2410 illis
483 2377 666 2419 suffragiis,
695 2391 777 2420 quae
800 2380 928 2410 Plotius
951 2381 1089 2420 tulerat,
1117 2381 1237 2422 uiginti
1264 2387 1296 2411 et
1320 2379 1384 2410 duo
1407 2379 1446 2409 ab
1473 2378 1545 2409 aliis
1569 2379 1634 2409 lata
1657 2385 1780 2419 essent,
1813 2391 1912 2421 quam
1936 2382 1976 2412 ab
1999 2381 2055 2421 iis,
2082 2393 2168 2423 quo—
