2264 2746
322 72 467 107 LXXVI
996 68 1520 100 PROLEGOMENA.

326 153 444 181 honoro
464 146 605 175 deiciant.
644 143 679 172 Id
698 143 741 171 ita
761 151 841 176 csse,
874 150 937 169 11011
963 141 1060 170 solum
1081 147 1222 172 ueterum
1249 144 1435 183 scriptorum
1455 146 1534 183 loci,
1566 147 1597 175 in
1627 148 1737 187 quibus
1758 150 1886 179 uerbum
1905 151 1978 181 illut
1997 160 2188 194 usurpatum,

326 209 433 230 uerum
453 196 517 234 ipsa
537 193 644 226 etiam,
665 200 739 228 quae
761 189 789 216 ci
810 188 928 224 subest,
949 188 995 216 uis
1015 190 1143 228 propria
1164 191 1262 220 (10001.
1301 191 1380 220 Nam
1401 195 1481 222 coire
1502 194 1554 232 qui
1576 205 1643 224 cnm
1664 196 1766 235 aliquo
1788 197 1918 234 dicitnr,
1939 211 2007 229 011111
2027 202 2130 241 aliquo
2151 205 2189 233 ad

325 246 442 286 aliquid
462 240 648 272 coniunctim
668 237 730 272 ire,
758 236 875 274 aliquid
894 236 1084 265 coniunctim
1105 247 1173 266 cum
1195 248 1230 266 co
1250 243 1357 277 petere
1378 240 1576 279 intellegitur.
1615 243 1722 281 ltaque
1742 245 1826 272 coire
1847 246 2024 277 candidatus
2045 261 2114 279 011111
2134 262 2188 280 so-

326 295 445 326 dalibus
465 300 525 319 non
555 289 655 325 potest
682 283 761 318 dici,
795 283 945 322 siqnidem
964 294 1027 312 11011
1048 295 1105 313 una
1133 295 1201 314 cum
1222 286 1377 316 sodalibus
1397 288 1513 327 aliquid
1541 290 1638 329 petit,
1665 296 1711 318 set
1730 297 1848 320 tantum
1868 292 1901 321 in
1921 295 2073 332 petitione
2093 298 2129 326 ab
2150 298 2189 327 iis

325 344 494 373 adiuuams,
534 335 675 362 Cctcrum
695 330 767 359 uide
788 341 864 369 quae
891 331 927 359 ad
947 332 1098 361 rationem
1128 333 1274 362 coitionis
1302 336 1471 364 accuratius
1500 337 1737 375 intellegendam
1765 339 1798 368 in
1821 340 1938 369 Comm.
1967 343 2004 370 ad
2025 343 2058 371 C.
2079 345 2191 374 XXII.

324 391 352 432 §.
373 391 416 419 53.
443 382 640 416 dubitabilis,
666 380 785 418 inquii,
806 381 881 418 quin
900 381 989 407 coitio
1008 380 1105 417 fizcta
1124 382 1165 408 sil
1186 391 1203 408 a
1221 391 1269 409 me
1288 382 1404 410 monita
1423 388 1503 412 sunt.
1542 384 1621 413 Loci
1640 391 1758 423 autem,
1787 388 1820 416 in
1842 389 1954 427 quibus
1975 391 2104 420 uerbum
2124 404 2191 422 coe-

326 439 404 468 undi
423 432 623 468 coitionisquc
643 439 696 464 co,
717 438 776 466 quo
798 428 879 464 dixi,
900 438 990 456 sensu
1010 433 1189 466 usurpatum
1202 450 1210 464 ,
1230 428 1264 457 hi
1284 434 1371 458 sunt:

399 482 468 511 Lin.
490 478 546 513 III,
565 478 610 505 35.
642 477 837 515 Deiectisque
856 476 968 505 honore
983 488 1042 515 per
1062 478 1222 505 coitionem
1241 477 1360 505 (luobus
1380 480 1518 517 Quintiis
1537 495 1576 501 —
1593 491 1789 521 nequaquam
1813 483 1975 521 splendore
1996 487 2082 514 uisae
2096 496 2192 524 pares

326 529 508 563 dffemuiros
529 530 612 553 creat
633 529 690 552 etc.

398 576 462 604 Cic.
483 583 540 612 pro
561 572 662 600 Plane.
683 571 716 600 C.
738 571 847 599 XXII.
867 569 894 611 §.
915 573 960 600 53.
994 572 1184 608 dubitabitis,
1206 574 1317 610 inquit,
1337 576 1413 611 quin
1434 576 1524 604 coitio
1545 576 1644 614 sacta
1663 579 1716 614 sil,
1737 590 1807 607 cum
1827 580 1925 608 tribus
1939 582 2104 619 plerasque
2124 592 2194 610 cum

326 626 428 657 Plolio
448 621 554 650 tulerit
574 619 754 647 Plancius?
789 620 969 658 quibuscum
990 621 1174 649 conserenda
1194 625 1280 656 sunt,
1311 631 1388 659 qnae
1406 623 1497 662 paulo
1518 629 1589 662 post
1608 622 1635 662 §.
1658 625 1702 653 54.
1725 626 1835 655 Cicero
1856 627 1953 664 dicit,
1979 628 2109 656 uerbum
2130 629 2194 657 coi-

325 674 416 702 tionis
436 671 503 708 ipse
523 672 648 706 optume
669 666 841 704 explicans:
876 678 969 706 quam,
988 670 1130 696 conuelli!
1152 669 1287 696 nondum
1316 671 1439 707 cognita
1454 673 1567 708 populi
1595 673 1756 701 uoluntate
1784 675 1857 710 lios,
1889 686 1986 714 quos
2005 678 2082 704 iam
2109 681 2190 704 tum

324 721 564 749 coriizinctos
583 715 720 753 fuisse
740 714 861 748 (licis,
885 718 1042 743 iacturam
1061 726 1191 744 suarum
1211 716 1361 748 tribuam,
1388 728 1447 756 qao
1467 729 1521 747 uos
1540 719 1791 754 atliuuctremini,
1810 722 1935 760 secisse.

399 767 462 795 Cic.
488 764 526 792 ad
550 763 615 791 Ait.
636 762 666 797 I,
695 771 736 798 17.
765 761 816 801 (T.
843 762 866 790 I.
893 773 922 800 p.
943 771 987 799 97.
1015 762 1061 789 cd.
1090 762 1198 802 Sch..):
1231 766 1400 794 Lucceium
1426 768 1501 794 scito
1529 768 1724 795 consulatum
1753 768 1865 798 hahere
1891 772 1926 798 in
1952 772 2055 799 animo
2080 773 2192 799 statim

321 823 434 857 petere.
472 813 544 842 ‚Duo
565 812 645 838 enim
664 810 720 837 soli
741 810 887 837 (licuntur
902 811 1046 846 petituri.
1085 812 1198 840 Caesar
1218 823 1286 841 cum
1306 824 1338 842 eo
1358 815 1438 842 coire
1452 825 1512 851 per
1530 815 1664 844 Arrium
1683 819 1801 853 cogitat
1809 827 1821 851 ,-
1853 823 1882 844 et
1902 817 2032 847 Bibulus
2051 829 2120 846 cum
2138 818 2194 847 hoc

325 877 355 894 se
370 867 466 902 putat
482 870 538 897 per
558 859 702 885 Pisonem
719 867 806 894 posse
826 859 982 894 coniungi.

399 909 463 938 Cic.
484 905 520 934 ad
542 905 579 940 Q.
600 905 638 933 fr.
660 904 715 939 III,
737 913 760 931 1.
782 903 834 942 (T.
855 904 894 932 II.
914 915 943 943 p.
965 913 1026 933 222.
1047 905 1093 933 ed.
1115 906 1224 946 Sch..):
1246 907 1337 943 Quod
1353 908 1460 936 scribis
1480 914 1509 936 te
1529 910 1652 938 audisse
1671 912 1705 939 iti
1725 912 1963 941 candidatorum
1982 913 2194 941 consularium

325 960 453 988 ccitione
475 964 519 981 me
539 951 735 989 interficis-se,
755 952 790 979 id
800 951 925 989 fitlsum
946 958 996 980 est.
1035 953 1196 983 Eiusmodi
1216 957 1297 984 enim
1313 958 1473 993 pactiones
1493 958 1526 984 [Ji
1547 968 1583 985 ea
1603 959 1732 986 coitione
1747 959 1860 996 sactae
1881 966 1972 993 sunt,
1993 970 2071 999 quas
2086 965 2195 997 postea

326 1005 494 1034 fisemmius
514 999 685 1038 palesna-it,
723 1004 757 1026 ut
785 1009 870 1027 nemo
898 999 994 1027 bonus
1021 1002 1163 1029 interesse
1185 1003 1343 1037 debuerit;
1378 1009 1406 1032 et
1426 1005 1522 1032 simul
1539 1005 1617 1033 milti
1636 1006 1879 1034 committendum
1899 1017 1960 1035 noti
1979 1007 2068 1045 suit,
2095 1013 2129 1036 ut
2154 1008 2196 1035 iis

328 1050 510 1081 coitionibus
529 1050 720 1084 interessem,
742 1046 853 1085 quihus
872 1046 1027 1076 illessalla
1048 1050 1267 1079 excluderetur.

399 1098 513 1128 Eadem
535 1096 570 1123 de
590 1105 623 1124 rc
645 1095 753 1123 Cicero
775 1095 867 1122 etiam
887 1095 923 1122 ad
943 1095 1009 1123 Att.
1030 1096 1095 1132 IV,
1118 1099 1159 1126 18.
1181 1097 1232 1137 (T.
1253 1098 1292 1126 Π.
1313 1109 1342 1137 p.
1363 1100 1416 1128 311
1438 1110 1480 1138 sq.
1502 1100 1547 1127 cd.
1569 1097 1662 1138 Sch..)
1683 1099 1819 1138 scripsit.

400 1148 506 1184 Itaque
526 1143 761 1177 mmufestmnst,
781 1142 915 1180 primum
934 1142 1010 1180 legis
1030 1144 1189 1181 Liciniae,
1209 1156 1286 1184 quac
1306 1146 1343 1174 de
1363 1147 1518 1175 sodaliciis
1538 1147 1614 1183 suit,
1635 1152 1726 1185 capnt
1746 1157 1809 1175 11011
1830 1147 1919 1183 illut,
1940 1158 1979 1176 110
1999 1149 2066 1187 quis
2088 1149 2196 1186 coiret,

327 1205 435 1226 uerum
454 1193 514 1222 hoc
536 1201 599 1219 esse
627 1190 781 1225 debuisse,
815 1199 854 1217 nc
882 1190 949 1228 quis
978 1191 1010 1219 in
1030 1193 1184 1230 petitione
1210 1193 1423 1223 sodalitatibus
1450 1196 1487 1224 ad
1515 1195 1727 1233 extorquenda
1752 1195 1862 1234 populi
1890 1195 2030 1234 suffragia
2048 1201 2196 1225 uteretur.

328 1241 540 1273 Nihilominus
560 1249 622 1267 11011
643 1238 767 1273 dubito,
788 1237 862 1275 quin
882 1237 954 1266 illut
973 1249 1094 1277 quoque
1114 1240 1147 1268 111
1173 1241 1240 1278 Iege
1261 1241 1319 1269 ista
1337 1242 1544 1281 perscriptum
1565 1242 1776 1280 sancitumquo
1795 1243 1909 1279 suerit,
1938 1253 1978 1271 110
2001 1244 2068 1282 quis
2089 1244 2196 1272 coiret.

328 1292 408 1320 Nam
429 1289 522 1317 coitio
543 1287 596 1314 illa
615 1286 652 1314 ad
671 1286 735 1314 uim
754 1285 947 1323 pertinebat,
969 1286 1135 1324 siquidem,
1166 1293 1201 1316 ut
1222 1288 1275 1316 alii
1299 1289 1451 1317 candidati
1471 1289 1590 1318 honore
1611 1290 1824 1327 deicerentur,
1855 1291 1964 1319 effecit.
2002 1291 2077 1320 Fuit
2096 1296 2197 1320 autem

328 1340 381 1367 lex
400 1336 523 1366 Licinia
543 1345 648 1363 corum
669 1344 772 1362 caussa
798 1334 872 1370 lata,
907 1334 959 1372 (1111
986 1334 1024 1362 ad
1049 1334 1279 1373 adipiscendum
1299 1335 1449 1365 honorem
1470 1337 1533 1365 uim
1553 1337 1776 1367 adhibuissent.
1817 1339 1964 1374 Accedit,
1996 1338 2078 1377 quod
2098 1338 2194 1366 coitio

330 1386 384 1414 illa
404 1384 473 1413 fieri
493 1384 548 1412 uix
567 1383 685 1422 potuit,
719 1381 779 1410 nisi
799 1382 857 1418 ita,
878 1388 924 1418 gut
945 1382 1115 1418 candidati,
1152 1383 1204 1422 qui
1225 1383 1379 1419 coissent,
1408 1384 1564 1413 sodalibus
1585 1385 1622 1413 ad
1643 1395 1725 1422 rem,
1752 1396 1840 1424 quam
1860 1385 2023 1422 uolebant,
2043 1396 2196 1425 peragun-

331 1434 399 1461 dam
418 1437 586 1461 uterentur.
624 1430 784 1469 Denique,
819 1441 878 1468 quo
899 1431 1048 1459 sententia
1068 1441 1135 1459 mea
1154 1441 1280 1470 prorsus
1301 1432 1513 1469 confirmatur,
1551 1443 1590 1461 ex
1610 1433 1675 1471 ipsa
1695 1434 1835 1462 oratione
1855 1433 2018 1462 Planciaua
2038 1433 2196 1469 discimus,

332 1482 530 1510 Laterensem
549 1479 581 1507 id
601 1479 701 1517 ipsum
721 1478 846 1506 Plancio
868 1478 1036 1515 obiecisse,
1056 1479 1138 1517 quod
1159 1480 1327 1508 coitionem
1346 1480 1479 1508 fecisset.
1519 1480 1600 1509 Uide
1621 1481 1654 1509 C.
1676 1481 1785 1510 XXII.
1807 1479 1834 1520 §.
1854 1481 1908 1509 53..

1219 1552 1246 1593 §.
1276 1560 1302 1587 3-

1031 1626 1094 1658 De
1133 1637 1293 1670 genere
1329 1627 1491 1665 iuclicz‘,

605 1684 722 1725 Quod
745 1684 787 1716 in
809 1684 1118 1716 sodaliciorum
1148 1696 1239 1717 reos
1269 1685 1363 1728 lege
1385 1685 1567 1718 Licinia
1590 1686 1830 1718 exercitum
1852 1686 1943 1718 sitm

410 1763 670 1801 Quemadmodum
689 1764 809 1802 grauius
830 1763 1045 1792 sodaliciorum
1071 1774 1160 1802 quam
1183 1765 1314 1794 ambitus
1334 1765 1451 1793 crimen
1471 1765 1547 1801 suit,
1581 1764 1624 1793 ita
1650 1764 1789 1793 acerbius
1811 1764 1902 1792 etiam
1921 1763 1954 1791 111
1974 1761 2193 1793 sodaliciorum

339 1823 421 1847 reos,
442 1823 530 1851 quam
548 1812 581 1839 in
602 1822 670 1847 eos,
698 1812 750 1850 (1111
771 1811 808 1839 (10
827 1811 941 1839 ambitu
967 1811 1116 1849 postulati
1145 1818 1247 1849 eraut,
1274 1812 1423 1841 iudicium
1444 1813 1644 1841 constitutum
1665 1816 1739 1840 crat.
1778 1811 1887 1849 Neque
1907 1821 1964 1849 qua
1984 1810 2016 1838 111
2036 1820 2070 1839 re
2090 1811 2193 1849 posita

339 1859 433 1888 suerit
457 1859 546 1887 huius
568 1859 663 1888 iudici
689 1859 852 1895 acerbitas,
880 1858 936 1886 etsi
956 1869 1017 1886 non
1039 1864 1084 1888 est
1111 1859 1146 1887 ab
1174 1860 1228 1895 iis,
1257 1860 1310 1898 qui
1339 1860 1376 1888 de
1401 1860 1466 1897 lege
1485 1859 1611 1888 Licinia
1637 1864 1862 1899 exposuerunt,
1889 1859 1962 1887 satis
1989 1857 2192 1895 intellectum,

340 1907 515 1935 coniectura
533 1912 651 1935 tantum
684 1906 834 1943 diuinari,
866 1916 972 1935 uerum
1000 1917 1038 1936 ex
1065 1906 1121 1936 hac
1153 1907 1219 1945 ipsa
1245 1907 1384 1935 oratione
1410 1907 1482 1936 satis
1509 1917 1663 1947 superque
1690 1905 1891 1935 demonstrari
1918 1910 2029 1944 potest.
2078 1906 2193 1936 Scribit

342 1955 451 1983 Cicero
472 1954 506 1982 C.
526 1954 599 1982 XV.
619 1953 647 1993 §.
667 1954 728 1983 36.:

414 2003 466 2030 Set
485 2002 651 2039 aliquando
672 2004 833 2031 ueniamus
851 2003 895 2031 ad
911 2012 1069 2040 caussam,
1103 2004 1137 2031 in
1158 2012 1220 2040 qua
1240 2009 1272 2031 tu
1295 2005 1416 2032 nomine
1434 2004 1511 2041 legis
1530 2003 1691 2037 Liciniae,
1720 2006 1827 2040 quaest
1846 2001 1882 2029 cle
1902 2001 2074 2033 sodaliciis,
2095 2002 2193 2029 omnis

342 2050 476 2079 ambitus
495 2049 572 2086 leges
593 2049 754 2085 conplexus
774 2061 812 2078 es.
850 2050 958 2089 Neque
978 2052 1059 2079 enim
1078 2051 1242 2088 quicquam
1267 2052 1347 2079 aliut
1367 2053 1400 2079 in
1419 2050 1479 2079 hac
1496 2051 1560 2088 lege
1586 2051 1647 2079 nisi
1671 2049 1863 2078 editicios
1892 2050 1904 2077 i
1912 2049 2048 2077 udices
2072 2053 2194 2076 secutus

342 2108 382 2126 es,
403 2096 492 2133 Quod
507 2105 606 2133 genus
625 2096 808 2125 iudiciorum
828 2100 857 2126 si
875 2104 917 2127 est
943 2109 1048 2126 aecum
1067 2099 1133 2126 ulla
1159 2100 1192 2126 in
1212 2109 1261 2135 re,
1288 2101 1350 2128 nisi
1374 2100 1408 2126 in
1434 2098 1494 2126 hac
1520 2097 1694 2132 tribuaria,
1720 2107 1780 2124 non
1810 2096 1970 2134 intellege,
1998 2095 2194 2134 quamohrem

343 2151 467 2172 senatus
486 2142 542 2170 hoc
561 2153 621 2170 uno
640 2144 670 2170 in
689 2154 799 2181 genere
819 2145 899 2174 trib
909 2156 950 2174 us
970 2146 1034 2174 edi
1054 2146 1233 2174 uoluerit
1254 2146 1299 2174 ab
1320 2151 1583 2175 accussatore
1610 2154 1706 2182 neque
1726 2144 1852 2172 eandem
1872 2143 2034 2172 editionem
2052 2149 2194 2172 transtu-

344 2192 415 2219 lerit
434 2192 467 2218 inf
486 2195 601 2218 ceteras
620 2200 761 2226 caussas,
788 2193 824 2221 de
848 2195 914 2231 ipso
934 2194 1063 2232 denique
1082 2193 1200 2222 ambitu
1219 2195 1411 2223 reiectionem
1428 2193 1507 2230 fieri
1527 2193 1659 2221 uoluerit
1680 2191 1818 2219 iudicum
1837 2192 2040 2226 alternorum,
2067 2202 2194 2230 cumque

346 2239 464 2267 nullum
479 2248 577 2275 genus
596 2238 774 2267 acerbitatis
791 2243 1062 2278 praetermitteret,
1081 2241 1136 2270 Ῐιοε
1155 2247 1257 2271 tamen
1276 2253 1373 2270 unum
1388 2240 1646 2280 praetereundum
1661 2240 1796 2277 putarit.

346 2301 376 2323 ct
397 2295 429 2323 c.
449 2284 540 2323 XVI.
560 2293 586 2334 ς.
605 2296 650 2325 38.
670 2295 761 2325 haee:

424 2343 470 2371 Tu
490 2349 608 2376 autem,
628 2344 805 2373 Laterensis
811 2365 820 2378 ,
841 2356 916 2387 quas
935 2347 1034 2376 trihus
1054 2346 1201 2376 edidisti?
1224 2347 1435 2384 Terentinam,
1464 2346 1568 2375 credo:
1588 2346 1661 2385 suit
1680 2351 1759 2374 certe
1778 2345 1814 2373 id
1830 2354 1937 2373 aecum
1956 2350 1985 2373 et
2005 2351 2084 2374 certe
2104 2355 2192 2382 expe-

348 2397 495 2420 rtatnnmt
517 2397 545 2419 et
556 2391 628 2429 suit
648 2392 777 2430 (lignum
796 2396 969 2423 constantia
989 2401 1052 2424 tua.
1084 2395 1176 2427 Cuius
1196 2400 1231 2423 lu
1249 2393 1346 2423 tribus
1366 2393 1553 2422 uenditorem
1572 2399 1601 2422 et
1621 2399 1826 2430 corruptorem
1846 2397 1874 2420 et
1891 2398 2073 2430 sequestrem
2091 2393 2194 2421 Plan-
