2264 2746
765 81 790 111 c
809 81 838 110 A
858 82 899 111 P.
937 80 1098 109 xxxvl.
1117 78 1144 120 §.
1165 84 1211 114 se.
1229 84 1276 113 89.
1896 90 1948 117 225

87 156 179 200 quod
202 156 316 200 negari
338 157 470 200 nequit,
501 168 634 190 sumere
655 169 756 189 arma
778 162 811 189 et
832 168 952 200 capere
974 168 1073 189 arma
1095 155 1248 196 differre,
1278 154 1429 198 profecto
1452 156 1667 198 perspicitur,
1697 172 1828 194 sumere
1850 176 1949 199 arma

85 220 156 241 non
175 209 326 253 potuisse
348 209 458 242 forma
480 209 607 253 passini
629 208 904 252 significationem
928 220 1023 240 suam
1046 220 1188 248 exuere,
1227 219 1334 250 neque
1363 214 1429 239 tam
1453 207 1546 240 rudis
1574 208 1676 242 fuisse
1698 212 1875 255 scriptores
1898 217 1949 249 la-

85 261 192 301 tinos,
223 268 260 293 ut
282 274 352 294 non
374 263 548 306 potuerint
570 262 757 294 orationem
777 262 824 294 ita
849 260 1075 303 conformare,
1098 267 1149 301 ut,
1173 260 1231 292 ubi
1255 260 1349 292 notio
1372 261 1550 293 locutionis
1573 274 1672 296 arma
1691 277 1811 309 capere
1832 271 1949 312 requi-

86 320 231 354 reretur,
254 315 365 347 actiuo
389 315 491 346 etiam
513 316 604 348 locus
627 321 723 347 esset.

170 367 226 400 Ad
255 368 346 399 huuc
377 374 458 400 orat.
492 368 688 400 Plancianae
716 368 828 400 locum
856 374 895 400 ut
926 372 1094 406 reuertar,
1130 365 1279 409 primum
1309 372 1342 398 et
1363 378 1523 398 maxume
1550 374 1730 411 propterea.
1756 381 1948 416 sumpserat

87 419 249 452 tuendum
278 426 381 463 puto,
421 420 512 462 quod
541 420 577 452 in
600 421 741 463 repetita
763 421 913 453 eiusdem
942 420 992 452 rei
1014 418 1226 461 expositione
1255 421 1440 451 necessario
1463 421 1551 452 idem
1573 421 1715 453 uerbum
1738 423 1788 455 bis
1808 425 1863 456 hic
1885 439 1951 470 po-

85 472 234 503 nendum
258 479 346 505 erat:
371 485 450 504 nam
472 473 593 504 dicitur
615 473 664 514 id,
689 474 777 515 quod
799 473 922 505 sactum
945 472 999 511 sit,
1022 472 1096 502 iure
1119 477 1259 513 optumo
1282 470 1407 504 sactum
1433 485 1514 504 esse.
1557 473 1690 504 Deinde
1713 475 1950 517 significantius

85 523 186 555 etiam
209 524 345 567 reique,
373 537 456 568 quae
477 531 647 565 narratur,
671 526 953 557 accommodatius
976 529 1170 568 sumpserat
1192 530 1259 563 est,
1292 524 1456 566 siquidem
1478 525 1515 556 P.
1540 525 1670 568 Scipio,
1702 539 1776 559 Cunl
1800 531 1949 572 priuatus

83 575 305 609 interficiebat
328 578 383 609 Ti.
408 578 618 618 Gracchum,
651 578 777 621 aliquid
799 577 892 617 fecit,
928 577 1018 620 quod
1042 588 1142 607 nemo
1165 583 1370 619 expectarat.
1414 578 1571 620 Denique
1599 579 1712 610 notior
1734 582 1884 623 profecto
1905 585 1950 616 li..

85 628 206 660 brariis
228 629 537 672 interpretibusque
560 630 683 662 locutio
709 643 808 663 arma
832 643 951 674 capere
977 640 1076 671 quam
1097 641 1196 661 arma
1217 642 1351 663 sumere
1375 631 1456 670 fuit,
1481 631 1527 661 ita
1549 637 1603 671 ut,
1628 632 1654 663 si
1677 641 1811 676 ceperat
1834 635 1952 669 suisset

88 681 271 723 scriptum,
298 694 366 714 11011
390 683 433 715 sit
454 683 646 726 probabile,
671 694 873 725 quemquam
896 694 959 725 pro
983 694 1022 713 eo
1048 688 1241 726 sumpserat
1261 683 1468 726 scripturum
1487 683 1600 716 fuisse.
1644 685 1816 718 Postremo
1840 689 1951 732 relege

86 745 172 776 quae
194 734 327 777 Proleg.
351 736 392 767 L.
417 737 459 767 II.
485 737 522 768 C.
546 737 572 767 I.
597 737 628 777 ξ.
651 747 680 778 9.
704 748 737 778 p.
761 736 890 767 XLIII.
915 734 1044 766 monui.

176 787 352 820 Uictoriae
382 795 520 821 nostrae
550 789 676 832 grauis
712 789 933 821 aduersarios
963 793 1133 832 paratos,
1180 789 1344 821 interitus
1374 790 1488 822 nullos
1518 791 1646 823 ultores
1679 803 1749 823 esse
1780 793 1950 837 uidebant)

83 839 272 872 Lambinus
294 841 440 872 mutauit
463 841 615 873 ordinem
641 840 837 883 scripsitque
862 852 932 872 esse
954 841 1104 879 ultores,
1135 846 1171 871 ut
1192 841 1380 873 hexametri
1412 843 1593 875 clausulam
1616 845 1765 883 tolleret3
1799 852 1849 876 set
1872 846 1951 878 uide

82 891 126 923 ad
148 892 174 923 Ι.
197 893 275 925 Act.
299 893 335 925 in
355 895 452 926 Uerr.
478 906 506 936 7.
532 894 606 934 [ubi
624 893 732 924 aliena
750 893 1018 924 commemorauit
1039 893 1272 935 Garatonius].
1316 895 1399 926 Illut
1420 907 1473 926 me
1493 887 1604 938 potius
1627 903 1753 935 mouet,
1778 898 1868 939 quod
1891 911 1951 930 au-

84 944 220 976 ctoritas
244 945 395 977 codicum
418 946 562 988 legenti,
586 959 656 978 esse
678 946 807 978 ultores
829 945 999 985 aiclebcmz,
1023 957 1092 976 non
1115 945 1234 977 defuit.
1276 947 1347 978 Mei
1373 954 1481 979 tamen
1505 948 1584 979 libri
1611 949 1650 978 ab
1675 949 1793 980 ordine
1816 951 1951 993 uolgato

83 1008 154 1028 uon
177 997 360 1030 discedunt.
384 1000 644 1031 GARAToNlUs.
687 998 812 1029 Tribus
836 998 875 1028 de
891 998 1012 1029 caussis
1036 998 1256 1029 omittendum
1278 1011 1348 1030 esse
1371 1000 1501 1042 putaui.
1546 1000 1657 1032 Prima
1681 1001 1761 1032 haee
1784 1009 1840 1043 est,
1865 1005 1952 1046 quod

85 1062 153 1092 quo
176 1050 250 1083 Ioco
274 1051 423 1093 positum
445 1051 480 1082 in
502 1051 671 1094 plurumis
695 1050 864 1081 codicibus
887 1050 1072 1092 reperitur,
1099 1062 1117 1081 a
1140 1051 1189 1082 M.
1213 1051 1330 1082 Tullio
1352 1052 1501 1094 positum
1522 1064 1592 1085 esse
1615 1054 1677 1085 uix
1701 1061 1824 1096 potest,
1850 1057 1895 1086 ita
1918 1063 1951 1087 ut

82 1103 124 1134 ab
147 1103 330 1146 interprete
353 1103 517 1134 adiectum
542 1115 612 1134 esse
633 1103 691 1134 uel
720 1102 806 1133 hanc
829 1102 870 1133 ob
894 1113 1042 1133 caussam
1065 1103 1241 1144 probabile
1264 1103 1324 1141 sit;
1364 1104 1485 1144 altera,
1522 1105 1612 1146 quod
1635 1105 1670 1136 111
1694 1106 1806 1137 codice
1828 1108 1952 1139 Erfur-

82 1156 190 1195 tensi‚
214 1156 268 1187 cui
290 1154 433 1187 fortasse
457 1155 555 1186 etiam
578 1156 624 1195 B,
648 1155 690 1186 de
713 1166 779 1196 quo
802 1160 944 1194 tacetur,
967 1155 1111 1193 accedit,
1134 1155 1362 1197 Lambinique
1385 1158 1553 1189 codicibus
1575 1159 1703 1200 aliquot
1725 1166 1800 1190 ante
1825 1161 1952 1193 ultores

85 1209 298 1239 conlocatum
330 1208 500 1248 uidemus3
535 1219 577 1239 ex
608 1219 673 1249 qua
700 1219 737 1240 re
761 1207 871 1239 denuo
895 1207 1164 1249 interpolationis
1195 1208 1339 1250 suspicio
1363 1209 1490 1240 oriatur
1518 1218 1699 1249 necessest3
1738 1213 1837 1243 tertia
1860 1213 1952 1253 haec,

85 1260 177 1303 quod
200 1261 307 1292 multo
331 1260 481 1292 uiuidior
505 1273 543 1292 eo
568 1261 691 1292 omisso
716 1260 824 1291 oratio
849 1260 973 1291 existit.
1018 1260 1107 1291 Nam
1121 1266 1290 1303 paratum
1315 1262 1465 1304 aliquem
1488 1264 1605 1295 uidere
1627 1264 1806 1295 manifesto
1826 1266 1865 1295 ab
1882 1278 1953 1309 pa-

83 1319 203 1345 ratum
223 1314 375 1356 aliquem
399 1325 470 1345 esse
490 1314 608 1346 uidere
630 1313 676 1344 ita
699 1312 830 1351 differt,
865 1318 901 1343 ut
924 1312 988 1343 hoc
1008 1312 1239 1344 tantummodo
1263 1319 1373 1345 mente
1396 1315 1514 1346 uidere
1541 1316 1612 1347 siue
1635 1318 1852 1360 intellegere,
1885 1330 1952 1361 pa-

83 1372 200 1397 ratum
230 1366 382 1408 aliquem
411 1378 499 1404 esse,
538 1365 615 1396 illut
646 1377 728 1396 uero
759 1365 867 1397 oculis
893 1371 1063 1408 paratum
1086 1366 1236 1408 aliquem
1260 1367 1378 1398 uidere
1406 1373 1461 1398 aut
1484 1375 1592 1401 mente
1609 1376 1778 1412 paratum
1800 1371 1950 1413 aliquem

83 1418 204 1450 uidere
233 1416 406 1458 significet.
452 1417 522 1450 Cfr.
556 1418 656 1450 huius
686 1424 766 1450 orat.
800 1418 837 1449 C.
859 1418 994 1449 XXIII.
1026 1419 1055 1459 §-
1080 1419 1131 1450 56.
1168 1431 1250 1462 quos
1273 1431 1335 1461 ego
1360 1421 1455 1451 testis
1484 1422 1583 1453 uideo
1600 1428 1756 1465 puratos.
1800 1422 1949 1464 Philipp.

82 1470 153 1510 IV,
183 1471 214 1501 5.
241 1469 380 1513 fac-iam
404 1471 537 1514 igitar,
570 1477 609 1503 ut
631 1472 843 1515 imperatores
869 1472 1041 1502 instructa
1065 1473 1138 1503 acie
1160 1473 1288 1511 solent,
1321 1484 1525 1515 quamquam
1544 1476 1798 1516 paratis-samos
1821 1475 1948 1507 milites

82 1523 131 1555 ad
145 1523 396 1566 praeliandum
419 1525 582 1563 uideant,
610 1531 649 1556 ut
671 1537 725 1556 eos
749 1530 862 1556 tamen
884 1525 1122 1556 adhortentur.
1148 1525 1225 1555 ibid.
1250 1525 1354 1563 XIII,
1381 1537 1427 1556 11.
1461 1527 1626 1558 nimirum
1649 1534 1736 1559 recte
1759 1540 1842 1559 uene
1859 1539 1948 1559 leam

81 1576 257 1620 appellas,
286 1589 307 1608 a
330 1589 395 1620 quo
419 1576 482 1607 tibi
498 1583 716 1620 praesentem
731 1583 868 1621 pestem
890 1578 986 1608 uides
1009 1583 1243 1620 comparatam.
1286 1577 1410 1608 Contra
1432 1589 1495 1619 pro
1519 1579 1563 1610 A.
1588 1580 1744 1610 Cluentio
1770 1580 1807 1610 C.
1834 1580 1946 1611 LVII.

83 1630 114 1671 §.
141 1630 210 1671 157.
251 1630 328 1673 qais
356 1630 398 1661 de
421 1629 521 1672 plebe
542 1630 701 1663 Romana
731 1630 963 1663 testimonium
985 1630 1077 1661 dixit
1100 1642 1279 1673 umquam,
1316 1631 1372 1662 cni
1393 1643 1461 1663 11011
1483 1632 1544 1664 lzoc
1560 1633 1757 1675 periculam
1784 1633 1825 1665 T.
1846 1632 1946 1664 Attio

82 1688 223 1715 auctore
239 1688 409 1726 paratum
428 1694 498 1713 esse
520 1683 696 1714 uideatis?

167 1737 197 1777 §.
222 1735 273 1777 89.
319 1736 361 1775 Q.
383 1734 540 1776 Metello)
584 1735 796 1778 Saepissnme
818 1747 852 1767 se
877 1735 992 1767 Cicero
1019 1746 1094 1765 cum
1119 1735 1162 1776 Q.
1186 1736 1326 1767 Metello
1352 1737 1531 1769 Numidico
1562 1744 1731 1780 conparat.
1775 1738 1863 1771 Uide
1885 1749 1947 1781 pro

81 1788 190 1820 Sestio
225 1789 263 1820 C.
286 1788 386 1820 XVI.
417 1788 447 1830 ς.
471 1787 522 1829 57.
554 1788 592 1819 C.
615 1789 763 1821 XLVII.
798 1789 827 1830 ς.
859 1800 929 1821 101.
961 1788 996 1819 111
1026 1788 1138 1819 Pison.
1170 1789 1207 1819 C.
1231 1789 1294 1821 IX.
1323 1791 1352 1829 §.
1377 1800 1427 1821 20.
1457 1801 1520 1832 pro
1548 1791 1651 1821 Balbo
1687 1792 1724 1822 C.
1755 1792 1799 1824 V.
1836 1792 1866 1833 ἕ.
1897 1803 1946 1823 11.

81 1841 121 1873 ad
143 1841 225 1874 Diu.
249 1842 281 1882 I,
306 1854 354 1884 9..
1404 1843 1407 1845 ’

164 1895 294 1935 Quem,
329 1901 368 1927 ut
384 1899 484 1938 potes
510 1907 551 1927 ex
572 1894 692 1926 multis
714 1895 856 1934 audire,
897 1894 958 1938 qui
980 1899 1054 1926 tum
1076 1893 1284 1938 aclfneruizt,
1318 1901 1450 1926 constat
1475 1897 1706 1928 inuitissumis
1738 1898 1826 1929 uiris
1851 1897 1944 1929 bonis

81 1948 231 1991 cessisse)
278 1948 332 1979 Sic
355 1947 485 1990 optumi
507 1947 602 1986 libri,
645 1948 769 1990 quippe
798 1947 1069 1990 prudentissume
1100 1946 1307 1988 interpolati.
1352 1949 1442 1980 Nam
1471 1960 1513 1980 ex
1536 1950 1812 1991 interpretatione
1834 1956 1945 1981 tamen

83 2012 153 2032 esse
175 2000 253 2032 illut
276 2007 409 2033 constat
434 2012 509 2031 cum
533 2012 576 2031 ex
602 1999 729 2031 incerta
753 2001 822 2031 eius
845 2000 937 2031 uocis
960 2000 1035 2031 sede
1058 1999 1218 2042 suspicari
1241 1999 1332 2038 licet,
1363 2001 1528 2042 (plerique
1551 2002 1640 2032 enim
1666 2002 1827 2034 exhibent
1852 2003 1944 2034 inui-

83 2054 227 2087 tissimis
248 2055 336 2086 uiris
360 2059 491 2086 constat
514 2053 621 2093 bonis)
653 2058 725 2083 tum
756 2064 773 2083 e
796 2053 969 2084 sententia.
1014 2053 1091 2084 Nisi
1122 2052 1212 2083 enim
1240 2053 1456 2083 uehementer
1484 2053 1600 2093 fallor,
1638 2067 1800 2097 perquam
1829 2056 1942 2097 inepte

81 2107 118 2139 111
141 2106 255 2137 eadem
277 2118 314 2138 re
337 2106 522 2148 iunguntur
545 2118 585 2138 ex
599 2106 719 2137 multis
742 2106 864 2137 anclire
885 2112 980 2148 potes
1004 2111 1036 2136 et
1057 2110 1199 2138 constat.
1244 2105 1382 2136 Sublato
1406 2106 1469 2136 hoc
1492 2108 1659 2148 exquisita
1682 2108 1790 2138 oritur
1813 2114 1845 2138 et
1862 2118 1942 2138 uere

82 2159 304 2193 Ciceroniana
326 2164 509 2190 structura:
535 2172 651 2203 quem,
675 2165 714 2190 at
731 2164 830 2202 potes
853 2171 892 2190 ex
915 2160 1034 2191 multis
1057 2159 1199 2196 andire,
1225 2158 1285 2200 qui
1309 2164 1381 2189 tum
1403 2158 1611 2201 aclfuermzt,
1634 2161 1863 2192 inuitisszcmis
1886 2161 1941 2192 1ιί-

81 2215 131 2248 ris
154 2214 249 2246 bonis
272 2213 419 2245 cessisse.
464 2211 602 2254 Saepius
626 2211 717 2242 enim
741 2211 939 2242 constructio
964 2224 981 2241 e
1004 2211 1144 2242 relatiuo
1168 2221 1328 2251 suspensa
1351 2222 1418 2241 non
1442 2211 1642 2250 absoluitur,
1674 2219 1720 2244 set
1745 2213 1784 2243 ad
1808 2224 1939 2255 proxu-

81 2279 177 2300 mum
198 2278 233 2298 se
256 2264 493 2297 accommodat.
538 2264 628 2295 Infra
652 2265 689 2296 C.
711 2263 933 2294 XXXVIII-2
958 2265 1058 2296 Stare
1081 2264 1170 2295 enim
1195 2275 1307 2293 omnes
1330 2263 1495 2303 debemus,
1519 2271 1693 2308 tamquam
1714 2266 1749 2296 in
1773 2265 1848 2296 orbe
1871 2265 1939 2296 ali-

82 2334 146 2366 quo
171 2321 222 2351 rei
237 2318 420 2362 publicae,
452 2318 512 2360 qui
534 2319 694 2361 quoniam
717 2322 895 2354 uersatur,
928 2329 1001 2348 eam
1025 2317 1175 2359 deligere
1193 2322 1330 2359 partem
1353 2322 1429 2354 ete„
1462 2316 1519 2347 ubi
1544 2317 1626 2347 bene
1648 2317 1732 2347 hanc
1756 2317 1935 2348 formulam

82 2372 228 2405 defendit
252 2370 466 2402 Garatonius.
512 2371 581 2402 Cio.
608 2371 648 2402 de
675 2370 773 2403 Offic.
797 2371 829 2410 Ι,
855 2381 883 2411 7,
908 2370 958 2401 §.z
982 2370 1039 2401 Set
1063 2370 1224 2412 quoniam
1246 2381 1313 2402 non
1335 2368 1429 2400 nobis
1451 2370 1560 2401 solnm
1582 2369 1657 2401 nati
1678 2382 1795 2402 sumus
1816 2387 1858 2393 -
1883 2376 1938 2402 at-

1488 2426 1523 2452 41
