2264 2746
807 81 831 110 C
852 81 880 110 A
900 82 938 111 P.
960 81 1015 110 IV.
1042 79 1068 121 §.
1089 86 1124 113 10
1142 96 1180 104 —·
1199 87 1243 114 11.
1924 92 1960 117 (59

172 158 268 198 Quid
297 158 419 200 cuique
449 169 472 189 a
494 168 530 189 re
546 169 584 201 P·
607 156 770 189 uideatur
803 156 930 199 deberi)
976 156 1176 199 Legendum
1201 168 1244 188 ex
1267 155 1399 188 Erfurt.
1424 162 1458 188 et
1479 156 1600 188 Bauar.
1630 159 1715 202 quid
1737 160 1858 203 cuique
1880 173 1901 191 a
1925 172 1961 191 re

79 224 117 256 p.
140 211 312 243 debeatur.
356 210 487 241 Firmat
509 220 594 240 unus
619 208 734 240 Oxou.
759 210 917 241 omittens
948 210 1082 249 deberi,
1119 216 1157 241 ut
1189 222 1231 241 ex
1261 210 1426 242 debeatur
1455 216 1570 241 ortum
1598 212 1762 243 uideatur
1791 218 1960 254 appareat.

85 265 343 296 GARAToNIUS.
389 261 487 294 Libri
510 261 601 292 illius
626 261 832 294 oxoniensis
856 263 949 294 nulla
971 275 1110 306 prorsus
1133 263 1312 294 auctoritas
1335 269 1394 295 est.
1441 265 1601 295 Ceterum
1624 264 1703 295 uide
1725 276 1810 306 quae
1827 265 1960 307 Proleg.

81 316 159 348 Lib.
174 317 216 347 II.
243 316 280 347 C.
304 316 328 346 I.
355 317 384 357 ς.
409 316 438 347 5.
462 327 496 357 p.
519 314 657 345 XXXI.
682 314 766 345 dixi.

167 369 228 400 Sin
255 375 370 400 atatem
392 366 519 410 mauis)
543 367 629 398 Sunt
654 366 711 409 qui
736 367 894 408 doceant,
926 368 1126 411 particulam
1151 369 1205 399 sin
1231 366 1360 398 anteire
1382 380 1516 411 semper
1540 368 1662 400 debere
1684 369 1823 401 alteram
1847 370 1887 401 si.
1935 369 1963 400 li

82 433 165 453 uero
188 420 265 452 satis
289 420 492 451 refelluntur
515 425 588 450 tum
611 419 674 450 hoc
698 420 782 460 loco,
808 427 879 452 tum
904 433 930 452 e.
950 422 1011 454 VI.
1036 422 1089 452 sin
1113 423 1174 454 hoc
1190 433 1358 464 persaepe
1380 422 1519 460 accidit,
1542 428 1615 452 tum
1632 422 1725 453 Caes.
1745 423 1783 454 B.
1802 423 1839 454 C.
1858 424 1883 462 Ι,
1911 423 1962 454 52.

82 476 136 506 sin
169 475 289 506 timore
320 473 518 516 defizgicmt.
556 472 758 504 ORJQLMt's.
804 475 915 505 Nemo
944 475 1026 506 istut
1058 474 1160 505 hodie
1190 474 1297 504 docet.
1344 471 1415 503 Cfr.
1438 474 1643 505 Ramshorn.
1677 476 1739 506 Gr.
1762 476 1804 506 L.
1836 476 1962 517 §.190‚

81 538 115 569 p.
139 528 212 568 591.
255 526 312 556 Set
335 526 413 564 hoc,
438 525 528 566 quod
552 525 676 557 addere
700 526 841 558 debebat
866 527 1033 566 Orellius,
1064 531 1243 565 certumst,
1275 525 1398 556 debere
1422 536 1477 564 ea,
1510 533 1586 567 post
1610 539 1693 569 quae
1716 534 1875 570 sequatur
1897 529 1964 566 sin,

81 578 234 621 quamuis
266 577 338 620 ipsa
369 578 400 609 si
422 579 587 620 particula
617 579 652 609 in
682 579 722 610 iis
755 591 825 610 11011
847 580 891 611 sit
915 580 1044 622 posita,
1082 580 1184 610 talem
1208 584 1319 609 tamen
1345 578 1546 609 seutentiam
1570 580 1760 621 continere,
1798 581 1851 612 cui
1873 587 1964 612 recte

82 630 272 673 sequentia,
308 629 343 660 in
369 631 489 672 quibus
513 633 567 662 ,ςίιι
591 632 755 674 particula
778 632 936 674 positast,
975 638 1203 673 opponantur.
1251 631 1353 672 Quod
1378 637 1412 662 et
1434 630 1469 661 in
1492 631 1583 661 hunc
1601 631 1713 664 locum
1737 633 1840 672 cadit,
1877 633 1964 664 etin

82 683 232 725 reliquos
256 682 296 713 ab
322 682 454 713 Orellio
477 682 626 723 adlatos,
655 684 862 726 omninoque
884 684 919 714 in
945 683 1068 721 omnis,
1096 683 1131 714 in
1156 682 1276 724 quibus
1301 684 1355 714 sin
1378 683 1530 725 positast.

165 737 195 778 §.
223 747 270 767 11.
316 736 489 767 Nos-tram
516 742 565 767 est
587 742 720 774 (tutem,
743 736 911 780 nostrum)
958 735 1046 768 Uide
1068 736 1200 778 Proleg.
1226 736 1304 768 Lib.
1323 736 1366 767 II.
1392 736 1430 766 C.
1454 736 1479 765 Ι.
1506 736 1535 776 §.
1561 734 1590 766 8.
1613 746 1647 778 p.
1672 736 1898 770 XX'XVIII..

165 789 236 829 Qui
269 789 304 821 in
329 790 393 820 liar
416 794 614 832 tempestate
636 789 758 832 populi
789 790 957 820 iactemur
984 788 1225 834 afflat-tibus)
1271 787 1554 826 Coniunctiuom,
1592 800 1693 829 quem
1723 791 1854 832 optumi
1886 791 1965 822 libri

81 848 237 880 tuentur,
275 840 362 871 male
387 840 571 880 Graeuius,
609 841 785 873 Ernestius
808 842 934 884 aliique
957 841 1141 872 indicatiuo
1165 840 1441 884 postponendum
1470 847 1646 883 putarunt.
1691 842 1742 873 Eo
1769 844 1878 885 posito
1902 844 1966 874 hoc

83 900 216 926 tantum
239 893 366 924 diceret
391 893 527 924 Cicero:
566 893 729 925 iactamur
751 906 830 933 nos,
869 894 927 936 qui
950 894 1096 936 petimus
1119 895 1284 933 honores,
1322 893 1358 924 in
1383 899 1581 936 tempestate
1602 895 1740 937 populi,
1777 901 1811 926 et
1833 902 1882 926 est
1903 907 1967 926 no-

83 953 210 987 strum,
246 946 366 989 populi
397 947 587 977 uoluntates
617 946 750 977 modice
775 945 877 978 ferre.
925 948 1053 978 Contra
1085 947 1318 978 coniunctiuos
1342 947 1370 978 si
1392 947 1549 989 ponitur,
1589 958 1738 979 caussam
1761 947 1842 978 haec
1866 948 1967 978 uerba

84 999 277 1038 continent,
316 1010 375 1028 cur
398 997 530 1029 modice
553 997 712 1030 serendae
735 999 802 1030 sint
830 1000 950 1042 populi
973 999 1183 1039 uoluntates,
1216 1011 1253 1030 ac
1276 999 1443 1031 sententia
1465 999 1530 1030 loci
1554 999 1635 1030 haec
1658 1006 1725 1032 est:
1760 1012 1820 1031 nos
1843 1006 1967 1040 autem,

83 1064 160 1084 cum
183 1052 218 1082 in
243 1057 309 1082 tam
332 1050 440 1081 libero
464 1052 593 1093 populo
618 1052 793 1091 uiuamus,
829 1051 921 1083 ferre
944 1052 1045 1083 etiam
1069 1052 1139 1083 eius
1166 1052 1357 1084 uoluntates
1380 1051 1513 1083 modice
1537 1051 1709 1083 debemus.
1756 1053 1867 1094 Quam
1891 1065 1969 1084 sen—

85 1103 224 1136 tentiam
248 1103 357 1134 multo
384 1109 476 1145 patet
500 1104 668 1146 aptiorem
692 1117 773 1137 esse.
818 1106 940 1148 Neque
964 1117 1045 1136 uero
1073 1105 1252 1147 quisquam
1276 1104 1447 1136 editorum
1471 1105 1725 1136 coniunctiuom
1748 1105 1968 1148 repudiasset,

81 1156 110 1189 si
132 1156 174 1188 ad
195 1155 520 1198 frequentissumum
541 1157 639 1189 illum
662 1157 875 1200 pronominis
903 1158 1040 1189 relatiui
1070 1169 1171 1189 usum
1197 1156 1275 1187 satis
1299 1158 1533 1189 adtenderent.
1579 1157 1617 1189 Id
1640 1164 1753 1189 autem
1780 1169 1850 1189 non
1884 1157 1970 1196 fieri,

83 1221 127 1242 ex
150 1221 189 1241 eo
212 1209 436 1251 intellegitur,
465 1209 556 1251 quod
579 1211 679 1242 multi
704 1222 833 1250 eorum,
860 1210 918 1252 qui
940 1222 1030 1241 nunc
1054 1210 1159 1241 latino
1182 1221 1339 1240 sermone
1362 1216 1523 1249 utuntur,
1546 1211 1748 1252 particulam
1772 1223 1849 1242 cum
1870 1222 1971 1242 usur-

81 1268 164 1306 pant
185 1268 347 1304 sequente
369 1262 605 1303 coniunctiuo,
644 1263 703 1294 ubi
726 1264 875 1295 Romani
904 1274 1096 1306 pronomen
1120 1262 1301 1293 relatiuom
1324 1263 1437 1305 potius
1464 1275 1592 1306 ponere
1616 1269 1876 1294 consueuerunt.
1920 1264 1970 1293 Ita

83 1315 112 1347 si
135 1314 208 1357 quis
232 1315 435 1346 nostratium
459 1326 511 1355 ea,
544 1327 629 1358 quae
651 1316 770 1347 Cicero
791 1316 826 1347 in
848 1316 962 1347 Pison.
987 1327 1013 1347 c.
1037 1316 1135 1347 XIII.
1161 1314 1259 1355 dicit,
1294 1315 1399 1347 latino
1423 1328 1579 1347 sermone
1600 1315 1872 1358 pronuntiasset,
1901 1326 1971 1345 non

83 1374 123 1400 ut
145 1368 224 1401 ille:
248 1370 325 1412 quis
349 1381 410 1400 uos
432 1381 498 1400 non
525 1369 623 1400 modo
648 1370 813 1408 consules,
835 1375 885 1401 set
910 1368 1032 1400 liberos
1046 1368 1166 1412 sitisse
1182 1374 1296 1411 putet,
1319 1381 1455 1413 quoru
1465 1382 1499 1401 m
1521 1381 1614 1400 mens
1631 1367 1785 1411 suerit
1809 1380 1971 1411 oppressa

78 1422 256 1466 praemiO,
294 1422 420 1464 lingua
442 1423 612 1454 adstricta
635 1423 813 1454 merc-ede?
851 1427 884 1452 et
905 1421 1007 1464 paulo
1030 1427 1125 1464 post:
1164 1422 1346 1464 quisquam
1370 1435 1430 1453 llos
1454 1422 1606 1453 consules
1631 1428 1712 1453 tunc
1732 1420 1872 1464 fuisse,
1909 1426 1971 1451 aut

85 1487 177 1507 nunc
199 1487 270 1506 esse
295 1475 488 1505 consularis
505 1481 626 1518 putet,
664 1476 736 1518 qni
759 1476 833 1506 eius
856 1475 1030 1514 ciuitatis,
1063 1475 1099 1505 itz
1124 1486 1191 1517 qua
1215 1474 1251 1504 itt
1269 1475 1474 1518 principum
1496 1487 1637 1506 numero
1661 1474 1765 1506 uoltis
1788 1484 1874 1509 esse,
1903 1484 1970 1503 non

85 1528 198 1570 leges,
222 1539 289 1559 non
313 1527 495 1566 instituta,
518 1540 584 1559 non
607 1539 736 1566 mores,
759 1539 827 1558 non
850 1527 931 1559 iura
954 1527 1142 1558 noritis?
1164 1527 1370 1569 pronomina
1395 1527 1537 1559 relatiua
1559 1526 1735 1569 posuisset,
1759 1531 1809 1557 set
1832 1524 1973 1555 dixisset

83 1579 198 1622 potius
221 1592 298 1611 cum
324 1586 443 1612 nostra
468 1592 561 1612 mens
589 1585 669 1619 etc„
707 1585 740 1611 et
763 1592 841 1611 rum
866 1592 926 1611 uos
951 1598 990 1602 ——
1017 1580 1154 1612 noritis.
1199 1579 1363 1611 Eiusdem
1393 1580 1526 1623 generis
1549 1585 1628 1611 sunt
1649 1590 1713 1621 pro
1738 1577 1846 1609 Sestio
1869 1577 1971 1615 XIX,

38 1629 41 1631 ¹
86 1631 140 1663 44.
164 1637 321 1663 senatum
344 1633 515 1671 consules,
537 1633 655 1672 credo,
677 1633 725 1664 acl
745 1645 845 1665 arma
868 1638 1067 1671 uocassent,
1096 1633 1168 1675 qui
1192 1644 1234 1663 ne
1257 1634 1386 1665 uestitu
1412 1634 1549 1677 quidem.
1572 1631 1712 1675 defendi
1735 1642 1806 1661 rem
1827 1642 1860 1673 p.
1884 1630 1973 1660 sis-

89 1690 204 1723 sent3
238 1697 260 1716 α
284 1685 422 1716 tribuno
442 1685 551 1728 plebis
568 1692 650 1729 post
674 1687 856 1718 interitum
878 1698 992 1717 meum
1014 1686 1254 1725 dissiclissent,
1295 1687 1366 1729 (sui
1389 1688 1530 1718 eandem
1553 1686 1673 1717 horam.
1696 1695 1789 1714 meae
1806 1683 1917 1725 pestis
1939 1687 1971 1713 et

89 1749 232 1770 suorum
248 1739 487 1781 praemiorum
510 1751 579 1770 esse
602 1740 876 1771 uoluissent?
913 1745 946 1770 et
965 1739 1226 1770 innumerabilia
1256 1739 1321 1769 alia
1351 1740 1518 1782 exempla.
1541 1755 1582 1762 —
1627 1737 1787 1767 Ceterum
1813 1734 1876 1764 erit
1898 1732 1972 1764 sor-

86 1796 183 1830 tasse,
210 1790 264 1821 cui
286 1790 493 1833 praepositio
517 1793 552 1823 in
575 1797 651 1822 aute
673 1792 737 1823 hac
760 1791 947 1823 omittenda
970 1791 1136 1831 uideatur,
1160 1792 1313 1823 usitatius
1329 1792 1393 1822 diei
1417 1798 1509 1823 ratus
1533 1794 1731 1832 tempestate
1754 1793 1785 1818 et
1800 1785 1972 1831 fluctibus

88 1843 231 1881 iactari,
257 1848 296 1873 ut
318 1842 351 1874 in
378 1844 439 1875 Or.
464 1844 591 1882 XXX,
626 1854 695 1885 107.
731 1845 782 1876 ita
805 1846 983 1877 iac-tantm·
999 1845 1188 1889 fluctibus,
1222 1852 1261 1877 ut
1283 1857 1471 1887 numquam
1494 1842 1685 1875 adluantur
1709 1844 1742 1870 et
1765 1838 1806 1869 de
1828 1839 1902 1869 Inu.
1927 1838 1972 1877 ΙΙ,

91 1896 149 1936 51,
183 1897 235 1938 95.
267 1903 396 1929 nautae
426 1898 568 1941 qnidam
594 1908 672 1928 cum
693 1898 842 1930 aduersa
873 1903 1073 1941 tempestate
1102 1899 1138 1929 in
1161 1899 1233 1930 alto
1266 1899 1497 1934 iaetarennw,
1534 1905 1634 1935 quam
1657 1894 1693 1925 in
1717 1896 1916 1935 tempestate
1940 1897 1972 1922 et

82 1949 253 1994 flia-tibus
275 1950 414 1981 iactari.
459 1950 575 1991 Atque
598 1949 625 1980 is
645 1949 710 1980 hoc
734 1961 867 1991 quoque
891 1950 925 1981 in
949 1962 1023 1981 rem
1045 1962 1140 1982 suam
1163 1949 1297 1981 adferre
1320 1949 1446 1992 possit,
1485 1947 1574 1989 quod
1598 1946 1803 1989 saepissume
1824 1955 1973 1986 praepo-

91 2001 248 2033 sitionem
271 2002 370 2033 istam
392 2002 595 2044 interpretes
619 2001 833 2032 addiderunt.
879 2002 950 2034 Cfr.
970 2003 1079 2034 Praef.
1093 2014 1203 2034 meam
1229 2002 1269 2032 ad
1287 2004 1387 2034 Uarr.
1401 2002 1509 2032 Lectt.
1525 1998 1597 2030 cod.
1615 1998 1688 2030 Erf.
1704 2010 1737 2041 p.
1755 1997 1907 2029 CXVIII
1922 2008 1971 2038 sq.

92 2054 325 2087 Nihilominus
357 2056 394 2086 in
420 2055 707 2098 praepositionem
730 2066 748 2085 a
772 2054 935 2086 Cicerone
965 2055 1020 2087 hic
1044 2056 1194 2087 additam
1220 2066 1289 2086 esse
1318 2053 1620 2097 persuasissumum
1646 2051 1774 2084 mihist.
1817 2050 1871 2082 Ac
1897 2049 1973 2092 pri-

92 2119 188 2139 mum
212 2108 348 2149 quidem
375 2107 466 2139 idem
490 2107 653 2149 loquendi
678 2118 780 2149 genus
802 2113 1003 2150 usurpatum
1030 2108 1185 2139 uidemus
1216 2107 1315 2138 huius
1340 2118 1389 2137 or.
1420 2117 1446 2136 e.
1478 2106 1555 2137 VH.
1590 2107 1619 2147 ξ.
1647 2117 1695 2147 17.
1739 2103 1913 2147 Equidem
1941 2102 1972 2133 si

96 2162 253 2204 quando,
279 2166 317 2193 ut
331 2159 403 2203 fit,
427 2162 537 2192 iactor
560 2161 596 2192 itt
620 2160 736 2200 turba,
760 2160 801 2191 do
825 2160 886 2191 Or.
911 2161 943 2200 I,
977 2162 1032 2200 16,
1057 2162 1107 2202 73.
1133 2161 1368 2193 tantmnmoclo
1393 2159 1428 2190 in
1451 2159 1513 2190 hoc
1535 2158 1780 2191 declamatorio
1803 2157 1848 2188 sit
1873 2167 1972 2199 opere

97 2215 264 2252 iactatus,
297 2219 330 2245 et
357 2215 461 2256 Uerg.
490 2214 578 2246 Aen.
609 2214 641 2253 I,
674 2214 746 2245 446.
780 2214 816 2245 in
846 2214 949 2245 unctis
983 2215 1119 2246 iac-tari.
1164 2212 1298 2245 Deinde
1326 2224 1408 2243 uero
1431 2211 1544 2243 sensui
1568 2211 1667 2242 etiam
1687 2208 1971 2241 accommodatius

98 2272 199 2308 puto,
228 2265 307 2296 addi
329 2266 392 2297 hoc
413 2267 487 2298 loco
510 2266 814 2310 praepositionem,
846 2277 930 2307 quae
956 2265 1073 2306 saciat,
1097 2272 1135 2297 ut
1157 2266 1238 2297 haee
1261 2265 1304 2296 sit
1325 2264 1507 2296 sementia:
1538 2269 1742 2304 nostrumst,
1775 2262 1833 2305 qui
1856 2271 1972 2293 uerse-

98 2330 176 2349 mur
199 2319 254 2349 uel
277 2318 431 2350 uiuamus
454 2319 489 2350 in
514 2319 680 2350 eiusmodi
702 2319 830 2362 populo
856 2325 889 2349 et
911 2325 1109 2361 tempestate
1133 2325 1166 2350 et
1188 2318 1343 2350 fluctibus
1368 2318 1437 2349 eius
1462 2318 1635 2349 iactemur.

187 2370 402 2415 Defetigari)
424 2372 506 2402 Bau.
529 2372 645 2404 scribit
668 2371 871 2415 defetigari,
895 2370 935 2402 de
959 2383 1024 2413 quo
1048 2372 1149 2404 silent
1173 2371 1409 2414 orthographi3
1434 2377 1483 2402 set
1505 2370 1583 2402 uide
1605 2370 1749 2401 Pareum
1771 2368 1858 2400 Lex·
1885 2365 1970 2398 Crit-
