2264 2746
823 140 848 168 c
868 139 896 167 A
918 140 959 168 P.
998 140 1109 169 xxv.
1136 137 1163 178 §.
1189 143 1235 170 62.
1911 142 1964 169 107

85 219 144 249 bus
168 222 201 248 et
223 213 417 247 cohortibus
441 212 544 246 fuisse
566 220 721 254 tectores,
743 225 812 245 non
826 213 903 246 satis
924 214 1041 256 liquet.
1086 214 1241 245 Fortasse
1263 213 1302 243 ad
1325 211 1494 243 machinas
1516 211 1651 242 bellicas
1675 217 1840 242 tectorum
1863 223 1966 254 opera

81 276 161 304 sunt
182 270 246 301 usi.
292 267 384 299 Hinc
411 266 664 308 coniunguntur
693 278 768 298 cnm
793 266 896 299 fabris
920 267 956 298 in
979 267 1211 310 inscriptione.
1250 267 1457 298 Gnmmrs.
1505 263 1772 306 Oudendorpius
1804 264 1845 295 ad
1871 266 1962 297 Suet.

85 325 127 356 de
154 323 289 355 inlustr.
315 320 470 351 Gramm.
500 320 634 351 XXIII.
664 319 846 362 legendum
874 320 929 351 hic
961 326 1058 363 putat
1088 326 1232 358 tectore,
1268 330 1345 350 cum
1370 318 1404 348 id
1428 317 1499 360 ipse
1521 316 1557 348 in
1581 317 1651 348 cod.
1674 317 1774 348 etiam
1798 317 1964 349 Uossiano

83 375 286 420 reppererit.
310 373 474 404 Ernestus
496 378 613 414 postea
634 372 721 404 idem
745 373 891 404 sentiens
913 373 1042 416 recepit
1064 379 1200 411 tectore,
1224 371 1315 414 quod
1339 370 1405 401 uiri
1422 381 1489 400 non
1504 370 1649 401 emerint
1671 376 1829 408 textores,
1854 370 1967 400 omni—

83 441 197 472 noque
221 434 335 461 texere
358 426 444 457 telas
467 423 572 456 fuerit
594 436 678 468 opus
701 426 806 467 magis
829 426 1007 456 muliebre.
1053 427 1174 467 Neque
1192 425 1324 463 dubito,
1349 423 1430 465 quin
1453 429 1543 453 recte
1566 421 1694 462 fecerit,
1719 429 1793 454 tum
1814 423 1968 454 lectionis

85 489 159 514 tum
182 479 302 512 codicis
334 477 408 510 Erf.
438 478 643 521 praestantia
672 485 858 521 permotus.
904 480 1155 510 conmutantur
1179 484 1292 509 autem
1315 475 1419 507 uerba
1442 475 1505 506 ista
1526 487 1595 506 11011
1618 487 1715 515 raro,
1750 482 1789 507 ut
1810 482 1903 519 patet
1926 487 1967 507 ex

86 535 266 566 doctorum
288 530 562 562 adnotationibus
584 530 625 561 ad
650 531 751 563 Ouid.
778 532 878 564 XIV.
908 532 1048 563 Metam.
1072 530 1145 562 551.
1175 536 1208 561 et
1230 530 1336 562 Drak.
1360 528 1402 560 ad
1424 529 1504 560 Liu.
1527 529 1691 565 LXXV,
1723 532 1773 564 24.
1819 529 1858 560 In
1882 529 1970 559 cele-

83 587 137 618 bri
168 596 303 628 quoque
332 583 446 626 lapide
469 584 611 615 Antiate
640 591 723 627 aput
750 586 875 617 Murat.
901 584 1035 616 CCCV.
1067 582 1179 613 uideas
1203 592 1437 614 AGATIIOPUS.
1462 591 1543 612 TEC.
1569 580 1733 623 explicari
1757 587 1881 621 tector3
1921 588 1971 613 set

84 649 148 681 pro
172 637 307 679 uolgata
331 635 460 679 lapides
483 636 565 668 haut
595 649 688 669 secus
711 637 838 668 adferri
861 641 1014 679 possunt.
1064 636 1192 667 Textor
1216 641 1265 666 est
1290 641 1372 677 aput
1396 635 1498 666 Grut.
1522 634 1645 665 DCLI.
1670 634 1700 665 4.
1735 636 1864 666 textrix
1890 641 1972 678 aput

83 690 221 722 Reiues.
242 690 306 720 XI.
331 701 403 730 77..
449 690 487 720 111
511 690 690 730 Uitruuio,
731 702 833 732 quem
866 690 947 720 citat
976 687 1261 730 Oudendorpius,
1298 693 1389 718 recte
1418 686 1486 718 Msi
1519 691 1552 716 et
1580 687 1737 730 princeps
1767 687 1868 719 editio
1893 688 1973 719 Sul-

88 743 153 786 piti
176 743 264 781 VII,
297 743 326 773 5.
361 742 543 782 exhibent,
574 742 787 775 Graecorum
810 749 975 780 tec-tores3
1014 747 1047 772 at
1071 742 1157 779 VII,
1192 741 1259 780 14„
1295 740 1449 782 quamuis
1478 739 1511 770 in
1536 739 1653 769 eadem
1686 739 1737 770 ed.
1769 740 1861 770 etin
1884 741 1971 772 Uen.

84 795 338 827 MCDXCVH.
362 795 422 834 sit,
462 795 552 836 quod
578 797 746 827 Iocundus
776 796 937 834 retinuit,
977 801 1119 826 tectores
1143 806 1244 837 quom
1269 794 1392 825 uolunt
1420 793 1466 823 sit
1488 790 1648 824 Atticum
1671 792 1822 833 imitari,
1860 799 1972 825 tamen

85 858 201 878 sensus
224 847 390 889 postulat,
414 853 452 878 ut
475 860 551 879 cum
575 849 760 880 Philandro
784 850 934 891 legamus
958 848 1132 883 tinctores,
1156 846 1247 888 quod
1270 845 1432 888 praetulit
1455 845 1555 876 etiam
1579 845 1630 875 CI.
1659 844 1831 876 Galianus.
1875 846 1974 888 Aput

86 899 243 931 Frontin.
275 899 316 931 de
345 900 500 942 Aquaed.
531 907 594 932 art.
622 902 767 934 CXVII.
798 913 831 945 p.
856 912 927 933 202.
951 900 1003 931 ed.
1028 899 1146 930 Poleni
1173 906 1315 931 tectores
1337 899 1558 929 nominantur
1580 897 1670 928 inter
1693 896 1827 939 opifices
1850 910 1974 940 aquae-

85 952 265 988 ductuum3
290 952 348 994 qui
371 953 463 984 locus
488 959 560 985 erat
575 953 711 985 Cuiacio
734 960 1023 997 peropportunus.
1067 951 1240 983 Brodaeus
1255 952 1302 984 X.
1325 951 1469 982 Miscell.
1493 951 1523 981 4.
1550 950 1664 991 legum
1686 950 1794 992 capita
1818 952 1975 993 conlegit,

88 1005 210 1047 quibus
234 1006 345 1048 agitur
368 1006 408 1036 de
431 1006 627 1038 tectoribus.
672 1007 726 1038 De
749 1007 933 1039 tectoribus
955 1006 1024 1049 agit
1045 1005 1146 1036 etiam
1171 1004 1212 1035 de
1235 1004 1316 1036 Uita
1339 1004 1495 1046 Inscript.
1519 1004 1703 1034 Beneuent.
1727 1014 1761 1044 p.
1785 1004 1975 1036 XXXVI..

91 1060 352 1091 GARATONIUS.
400 1059 588 1091 Graeuium
621 1059 655 1091 h.
679 1059 702 1090 l.
733 1070 801 1090 non
833 1065 1011 1101 quattuor,
1044 1064 1095 1090 set
1123 1057 1230 1089 tribus
1250 1062 1383 1088 tantum
1412 1055 1690 1098 inscriptionibus
1719 1056 1854 1088 ineditis
1878 1069 1976 1088 usum

89 1124 160 1144 esse
184 1111 362 1151 Gudiam's,
389 1123 426 1143 ae
449 1112 595 1155 primam
620 1111 758 1154 quidem
779 1123 870 1143 1111110
892 1112 959 1154 legi
982 1123 1035 1154 ap.
1059 1110 1151 1143 Gud.
1179 1110 1247 1152 149,
1272 1111 1314 1148 5.,
1338 1108 1519 1140 secundam
1546 1121 1593 1150 17,
1619 1120 1660 1147 2.‚
1684 1109 1818 1140 tertiam
1842 1110 1910 1145 165,
1933 1110 1976 1149 4.,

89 1171 261 1206 quartam,
290 1176 391 1207 quam
412 1165 696 1208 praetermiserit,
723 1165 798 1203 165,
823 1165 871 1203 8.,
895 1166 1027 1197 notauit
1049 1165 1116 1196 iam
1140 1162 1313 1195 Hesselius
1336 1161 1370 1192 111
1391 1161 1488 1193 Indd.
1515 1161 1626 1195 Gud.:
1650 1168 1700 1193 set
1722 1167 1760 1193 ut
1781 1162 1977 1193 adulescen-

89 1223 138 1248 tes
168 1217 318 1256 doceam,
358 1229 459 1259 quam
491 1224 586 1249 caute
615 1218 823 1249 uersandum
854 1218 898 1250 sit
927 1218 1067 1249 omnino
1098 1218 1133 1248 111
1158 1215 1438 1258 Inscriptionibus
1476 1221 1557 1246 uett.
1591 1215 1633 1246 ad
1662 1221 1774 1258 partes
1806 1215 1976 1254 necandis,

89 1270 191 1314 paulo
214 1269 320 1301 fusius
345 1271 386 1301 de
408 1271 449 1303 iis
474 1271 631 1302 omnibus
656 1271 828 1302 disseram.
875 1271 988 1303 Prima
1010 1270 1123 1301 statim
1147 1269 1253 1311 (Gud.
1282 1268 1355 1310 119,
1380 1267 1425 1311 5.)
1450 1274 1499 1298 est
1525 1279 1542 1298 e
1564 1268 1683 1309 Ligori
1706 1267 1850 1307 fabrica,
1882 1267 1978 1298 ideo-

91 1334 156 1364 que
179 1322 306 1354 nullius
337 1324 438 1366 plane
462 1324 540 1355 fidei
564 1324 619 1355 uel
642 1323 868 1359 auctoritatis;
907 1323 1013 1354 11111110
1041 1324 1218 1355 Tea-torem
1240 1321 1571 1359 Praetor-umorum,
1609 1320 1699 1362 quod
1723 1321 1757 1351 in
1782 1331 1816 1351 se
1840 1320 1977 1362 quidem

89 1382 278 1418 spectatum
304 1376 451 1418 probum
476 1383 543 1416 est,
580 1375 818 1407 fraudulentus
842 1376 901 1406 ille
921 1376 1102 1406 circulator
1124 1374 1328 1417 surripuisse
1350 1372 1487 1403 uidetur
1510 1384 1553 1404 ex
1576 1373 1675 1404 titulo
1703 1380 1820 1416 postea
1841 1385 1859 1404 a
1884 1374 1979 1405 Gru-

90 1435 164 1460 1010
189 1428 267 1469 517,
293 1440 321 1469 7.
346 1429 455 1469 edito,
482 1429 540 1460 ubi
563 1440 646 1471 pro:
671 1429 811 1461 Lictori
833 1429 1096 1460 Praetorianor.
1124 1427 1209 1470 lapis
1232 1427 1304 1469 ipse
1330 1426 1430 1467 longe
1456 1425 1573 1467 utique
1598 1426 1719 1457 melius
1743 1427 1866 1457 habere
1893 1426 1978 1458 dici-

92 1488 166 1513 tur:
193 1481 331 1512 Tectori
355 1482 624 1513 Praetorianor..
670 1482 775 1513 Fraus
798 1493 880 1512 uero
904 1481 1023 1523 Ligori
1047 1479 1225 1512 manifesto
1250 1490 1320 1510 sese
1342 1478 1459 1520 prodit
1481 1478 1553 1520 ipsa
1576 1479 1634 1510 illa
1656 1485 1736 1510 nota
1758 1480 1798 1512 U.
1813 1480 1868 1513 C.:
1892 1492 1979 1522 quo-

91 1534 194 1566 modo
219 1533 326 1572 enim,
353 1540 386 1565 et
410 1546 475 1576 quo
499 1535 636 1566 tandem
660 1535 792 1566 saeculo
815 1540 923 1565 tector
945 1534 1001 1564 uel
1024 1533 1177 1576 ipsorum
1198 1532 1512 1576 praetorianorum,
1544 1533 1608 1563 Uir
1631 1533 1870 1564 clarissimus?
1912 1533 1979 1565 Al-

91 1593 162 1619 tera
189 1599 241 1628 17,
270 1597 299 1617 2.
322 1598 438 1618 rursus
463 1594 512 1619 est
535 1588 739 1631 Ligoriana,
765 1587 893 1630 pariter
916 1586 1152 1630 suppositicia:
1184 1596 1262 1616 113111
1286 1584 1312 1614 is
1336 1583 1571 1615 incredibilem
1603 1585 1743 1616 deorum
1773 1585 1979 1627 dearumque

92 1641 227 1672 turbam
250 1651 313 1683 pro
337 1640 447 1671 lubitu
471 1641 591 1672 cotidie
614 1641 761 1680 creabat,
795 1640 935 1682 singulis
959 1639 1108 1682 epitheta
1129 1650 1148 1668 a
1170 1636 1363 1668 nominibus
1387 1637 1539 1678 gentiunt
1562 1638 1618 1668 uel
1641 1637 1847 1669 familiarum
1872 1639 1980 1669 dedu-

94 1700 146 1724 cta
172 1692 343 1735 adfingens
367 1693 405 1724 ad
430 1695 627 1737 exemplum
650 1705 729 1725 sane
752 1705 988 1736 germanarum
1010 1693 1140 1734 aliquot
1162 1690 1441 1732 inscriptionum,
1483 1691 1767 1730 quemadmodum
1792 1703 1824 1722 u.
1849 1703 1876 1722 c.
1907 1703 1982 1723 cer-

95 1746 254 1777 tissumus
288 1752 337 1777 est
366 1748 503 1790 Iupiter
533 1760 605 1791 opr.
635 1760 726 1785 max.
757 1747 938 1790 Purpurio
966 1757 1019 1788 ap.
1053 1744 1192 1777 Odoric.
1228 1755 1262 1785 p.
1300 1742 1375 1781 185,
1412 1743 1460 1781 5.,
1503 1743 1671 1775 Siluanus
1700 1744 1867 1776 Staianus
1900 1750 1982 1788 aput

93 1799 185 1831 Mur.
212 1811 266 1840 71,
295 1811 321 1830 1.
346 1805 426 1830 cet..
473 1801 604 1832 Uanam
636 1800 740 1842 igitur
762 1799 799 1830 in
825 1799 945 1830 eodem
967 1799 1068 1830 titulo
1099 1796 1307 1829 emendando
1338 1807 1477 1838 operam
1500 1796 1682 1838 insumpsit
1704 1796 1841 1835 Saxius,
1875 1797 1981 1828 Peric¹

95 1851 264 1883 animadu.
290 1863 323 1894 p.
347 1853 398 1884 55.
422 1853 496 1884 loco
522 1860 688 1886 tectorum
707 1864 902 1894 proponens
927 1854 1123 1884 tinctor-mn.
1168 1849 1287 1881 Tertia
1311 1848 1402 1880 Gud.
1430 1849 1499 1887 165,
1523 1849 1553 1882 4.
1576 1848 1694 1879 itidem
1718 1854 1766 1879 est
1788 1850 1982 1892 Ligoriana,

96 1906 189 1937 cuius
213 1904 304 1936 fraus
328 1906 449 1937 harum
474 1918 589 1937 rerum
613 1917 717 1948 gnaro
742 1917 759 1936 e
781 1906 901 1948 primis
925 1904 1038 1937 statim
1061 1903 1174 1934 uerbis
1198 1903 1324 1933 elucet:
1348 1902 1527 1934 Laetitiae
1550 1903 1708 1945 signum.-
1731 1903 1811 1934 talia
1834 1904 1924 1936 enim
1946 1905 1983 1936 in

96 1958 378 2001 Inscriptionibus
404 1959 570 1998 inaudita,
599 1971 616 1990 e
639 1958 788 1990 nummis
811 1959 846 1989 in
872 1959 946 1990 illas
970 1957 1195 1990 transferebat
1217 1957 1319 1987 homo
1344 1955 1618 1986 uersutissumus.
1665 1956 1766 1996 Quid,
1792 1957 1882 1998 quod
1907 1958 1983 1989 Gu-

99 2012 173 2043 dius
196 2023 259 2054 pro
288 2012 421 2043 Tertor.
452 2011 552 2043 habet
580 2014 736 2050 Rector„
773 2012 827 2042 cui
856 2011 1013 2054 quidem,
1052 2010 1252 2041 obseruante
1275 2007 1450 2046 Hesselio,
1488 2008 1655 2040 Graeuius
1691 2009 1725 2040 in
1753 2010 1857 2041 Basili
1881 2010 1983 2042 Fabri

98 2065 273 2096 Thesauro
297 2076 330 2095 u.
355 2066 478 2096 Tector
503 2065 677 2096 substituit
700 2064 732 2095 id
759 2064 888 2107 ipsum:
927 2066 1071 2102 Tertor3
1099 2062 1239 2099 frustra,
1271 2061 1305 2092 ni
1331 2059 1449 2092 fallor:
1480 2061 1659 2103 Ligorium
1685 2062 1775 2093 enim
1799 2063 1899 2105 plane
1923 2064 1983 2095 de-

98 2118 193 2148 cebat
214 2117 422 2160 Praefectus
443 2119 594 2150 militum
618 2123 649 2149 et
663 2117 851 2161 fabrorum
875 2124 996 2149 rer-tor.
1042 2115 1290 2157 Requireretur
1314 2114 1403 2144 enim
1427 2114 1559 2155 potius:
1589 2115 1794 2158 Praefectus
1817 2118 1982 2156 militum,

89 2172 297 2216 fabrorum,
324 2177 510 2211 tectorum,
534 2172 606 2202 uel:
631 2171 784 2202 militum
797 2170 987 2213 fabrorum
1009 2175 1040 2201 et
1064 2174 1249 2205 tec—torma„
1272 2167 1299 2198 si
1324 2167 1460 2208 quidem
1484 2167 1668 2198 absurdum
1692 2174 1740 2199 est
1763 2171 1926 2209 militum,
1951 2177 1983 2202 et

89 2224 298 2269 fabrorum,
335 2230 512 2257 tectorum.
558 2225 706 2265 Quartae
730 2224 876 2265 denique
897 2234 916 2253 a
940 2222 1089 2255 Graeuio
1114 2220 1386 2263 praetermissae,
1423 2220 1511 2251 Gud.
1539 2221 1615 2259 165,
1648 2220 1696 2260 8.,
1730 2222 1780 2255 M.
1803 2224 1981 2266 Egestins.

100 2278 150 2310 M.
176 2277 246 2308 Fil.
271 2276 350 2309 Gal.
372 2278 566 2310 Faustinus
593 2279 725 2310 Testor.
756 2276 797 2308 U.
822 2278 911 2319 Leg.
943 2276 1042 2319 Ulp„
1076 2274 1163 2305 nihil
1186 2279 1275 2304 certe
1298 2272 1380 2303 aliut
1408 2273 1536 2315 opponi
1558 2279 1686 2316 potest,
1715 2274 1779 2305 nisi
1803 2276 1893 2317 quod
1917 2276 1983 2307 mi-

100 2341 178 2360 rum
201 2329 279 2360 illut
304 2330 461 2372 Ege-nii,
484 2333 524 2363 ab
549 2337 700 2375 egestate
722 2330 842 2372 procul
866 2329 968 2360 dubio
993 2327 1203 2365 deriuatum,
1230 2331 1268 2356 ut
1287 2326 1414 2368 Egerii
1436 2326 1593 2365 Liuiani,
1618 2337 1636 2357 a
1658 2327 1761 2358 uerbo
1787 2340 1895 2371 egere,
1918 2340 1983 2359 no-

98 2394 177 2413 111011
200 2393 281 2424 prae
304 2394 339 2414 se
361 2382 443 2423 fert,
474 2396 584 2426 neque
605 2390 687 2426 aput
711 2384 829 2421 Grut.,
861 2393 971 2423 neque
993 2386 1074 2423 aput
1097 2380 1223 2411 Murat.
1248 2379 1403 2417 obuiom3
1438 2379 1526 2421 quod
1551 2379 1702 2422 quintam
1726 2380 1891 2421 legionem
1917 2380 1983 2413 Ul-

100 2434 191 2477 piam
215 2435 384 2475 nominat,
418 2448 520 2478 quom
543 2437 623 2468 alias
647 2435 820 2478 trigesima
845 2441 894 2466 est
924 2434 1042 2476 Ulpia;
1073 2433 1163 2474 quod
1189 2433 1334 2474 denique
1359 2444 1425 2463 una
1449 2444 1525 2464 cum
1548 2433 1688 2473 reliquis
1713 2432 1854 2464 debetur
1875 2433 1983 2475 Ligo-
