2264 2746
865 107 903 135 L.
932 106 972 135 11.
1017 107 1051 136 c.
1080 107 1103 136 1.
1151 105 1178 147 §.
1207 110 1234 138 8.
1838 113 1993 146 xxxix

117 182 269 220 scriptore
288 187 333 210 set
352 180 541 219 particulam.
570 180 709 209 Huiusce
726 191 801 209 uero
822 192 904 217 usus,
924 181 949 209 si
970 187 1100 220 poterat,
1122 182 1307 211 Garatonius
1323 183 1462 222 exempla
1478 184 1618 223 proferre
1634 185 1779 223 debebat3
1800 194 1872 226 aput
1887 198 1990 228 poetas

118 230 239 268 quidem
260 229 430 258 tralaticius
450 234 511 264 est,
531 228 629 256 ueluti
649 234 772 267 praeter
796 230 879 258 locos
900 241 915 258 a
937 230 1152 258 Ruddimanno
1174 231 1196 259 Ι.
1220 242 1249 269 p.
1272 233 1335 259 324.
1363 232 1478 260 adlatos
1500 233 1663 261 obseruaui
1683 244 1730 272 ap.
1751 235 1892 274 Propert.
1914 240 1942 275 I,
1962 242 1990 277 4,

119 287 161 306 11.
184 277 301 305 Tibull.
324 278 352 313 Ι,
374 287 405 315 7,
424 277 469 305 46.
497 281 564 304 cct..
603 277 673 304 Hoc
694 277 762 305 loco
784 287 854 305 sane
876 288 914 306 ex
935 278 1115 315 glossemate
1136 280 1213 306 male
1235 280 1396 307 conlocato
1418 280 1449 308 in
1472 281 1591 309 codices
1612 281 1709 309 uenit.
1748 283 1855 312 Etiam
1875 289 1989 326 recepi²

117 325 174 353 etsi
202 325 277 354 haut
302 326 392 364 plane
419 324 654 352 neccssa1·ium.“
692 324 794 352 Aliam
822 324 922 352 (1011110
952 324 1042 353 liuius
1073 326 1131 353 loci
1162 327 1341 354 emendandi
1373 328 1452 356 uiam
1475 329 1566 357 iniuit
1586 329 1716 365 Bakhzs,
1743 329 1817 360 hacc
1838 335 1989 365 scribens:

117 373 276 408 „Orellius
296 384 358 401 non
378 372 524 411 postponi
545 378 589 401 set
609 372 791 410 particulam
812 372 872 400 nisi
894 384 908 401 a
929 374 1030 411 poetis
1052 374 1203 408 ostendit;
1239 379 1332 402 recte.
1375 375 1489 403 [crum
1511 377 1700 415 castigandus
1721 377 1806 407 locus
1827 386 1872 409 est
1891 383 1987 412 altero

117 423 240 460 aliquid
257 422 393 450 sublato:
422 421 536 458 quare?
565 421 636 458 quia
656 420 833 448 huiusmodi
854 422 1013 450 uocabulis
1034 428 1098 450 tum
1120 421 1218 449 utitur
1240 421 1366 457 Cicero,
1395 423 1448 450 ubi
1469 434 1535 451 suas
1557 425 1623 462 ipse
1643 425 1746 453 laudes
1766 427 1903 456 modeste
1923 440 1988 458 me-

115 480 234 498 morare
255 470 337 505 uolt,
364 470 396 497 iu
417 469 518 498 Mario
538 469 642 496 nullus
670 468 721 496 hie
751 469 835 497 locus
864 474 917 497 est.
958 470 1111 497 Excitabo
1137 469 1197 497 tria
1217 470 1358 508 exempla
1386 480 1423 498 cx
1452 471 1507 499 hac
1536 473 1600 510 ipsa
1629 474 1768 502 oratione
1797 475 1987 515 deprompta,

116 530 132 547 e
149 518 258 556 quibus
273 517 463 554 intellegitur
482 516 555 545 talia
576 526 644 543 cum
664 516 874 544 moderatione
896 522 926 545 ct
947 517 1095 545 modestia
1116 516 1192 544 dici:
1215 517 1286 554 Cap.
1306 526 1345 545 10.
1366 519 1489 556 aliquid
1507 522 1679 549 adtulimus
1700 524 1792 550 etiam
1812 534 1873 552 nos.
1913 525 1986 564 Cap.

117 568 158 596 13,
186 568 324 604 asperius
351 567 470 594 locutas
498 570 540 591 est
570 565 694 601 aliquid
719 566 898 602 aliquando.
939 566 1012 603 Cap.
1036 565 1077 592 14.
1107 574 1161 601 ego
1191 565 1265 601 quia
1287 566 1355 591 (lico
1376 566 1501 604 aliquid
1518 569 1693 605 aliquando.
1735 570 1815 599 Tum
1834 582 1986 602 reuocan-

115 615 185 643 dum
206 621 266 647 set,
288 613 436 641 sollemne
459 612 490 639 in
511 612 568 640 ista
589 612 803 650 oppositione3
825 614 878 640 cfr.
901 623 965 651 cap.
991 622 1030 640 11.
1052 611 1103 638 fin.
1126 621 1189 647 cap.
1215 620 1254 638 12.
1278 610 1375 638 init..“
1416 614 1525 651 Neque
1556 625 1657 643 caussa
1678 616 1768 645 huius
1796 621 1985 650 emendatio-

113 662 179 697 nis,
208 671 305 699 neque
327 661 500 688 emendatio
522 661 586 698 ipsa
607 660 732 698 probari
754 665 865 698 potest.
906 659 1044 688 Modesto
1066 658 1148 685 enim
1170 656 1228 685 hoc
1257 658 1324 686 loco
1348 659 1384 686 de
1405 670 1436 687 se
1459 662 1543 699 loqui
1565 662 1764 700 Cleeroneln,
1798 668 1849 695 uel
1869 670 1984 698 uerbo·-

112 721 179 738 rum
200 709 371 737 conlocatio
393 709 464 736 satis
486 718 638 745 superque
659 708 804 735 ostendit.
842 707 965 734 Deinde
986 716 1060 734 uero
1083 716 1150 733 cum
1172 705 1204 732 in
1226 706 1377 735 eiusmodi
1400 709 1493 744 locis,
1529 709 1626 748 qualis
1657 710 1707 738 hic
1730 718 1792 749 est,
1827 725 1889 744 non
1910 719 1983 756 quid

112 757 206 786 scribi
227 757 262 784 ab
284 761 408 783 anctore
429 756 584 794 potuerit,
622 761 667 783 set
688 756 761 793 quid
781 755 930 792 scriptum
960 755 1055 782 fuisse
1084 754 1205 782 codices
1227 761 1372 791 arguant,
1411 767 1477 784 cum
1500 768 1640 785 maxume
1661 760 1913 794 considerandum
1933 767 1984 804 sit,

111 806 203 834 facile
228 804 405 843 apparebit,
434 814 485 831 cos
511 803 626 831 nullam
654 802 747 840 magis
768 802 948 830 confirmare
976 802 1176 840 scripturam,
1212 813 1299 840 quam
1327 814 1402 840 quae
1424 805 1459 832 ab
1482 804 1603 833 Orellio
1625 807 1781 844 probatast
1802 816 1831 838 et
1850 820 1982 852 recepta.

111 854 190 881 Nam
212 853 344 891 primum
367 852 481 890 duplex
501 851 626 888 aliquid
645 855 675 878 et
696 850 727 877 in
748 850 771 877 Β
794 854 839 877 est
860 854 890 877 ct
911 849 943 877 in
964 850 1032 878 sani.
1062 850 1170 878 tertiae
1192 851 1350 878 codicibus
1372 853 1547 889 nonnullis;
1576 864 1663 882 nemo
1685 861 1784 885 autem
1804 868 1867 887 non
1887 861 1982 898 uidet,

111 901 208 929 multo
229 900 453 937 inprobabilius
474 908 547 932 esse,
570 897 602 924 id
623 897 653 924 in
675 897 717 924 eis
739 896 906 932 codicibus,
928 898 979 936 qui
1001 897 1124 933 habent,
1145 899 1181 926 ab
1204 899 1427 937 interpretibus
1448 900 1495 928 bis
1515 901 1651 939 positum
1672 913 1753 940 csse,
1775 916 1861 943 quam
1882 908 1914 936 in
1935 911 1980 947 iis,

112 949 164 986 qui
186 958 247 975 non
268 947 398 982 habent,
435 956 539 974 errore
559 945 651 972 semel
673 944 817 973 omissum
839 955 912 973 essc.
952 945 1077 973 Deinde
1097 952 1141 974 set
1169 947 1350 984 particulam
1374 948 1431 975 soli
1454 949 1477 975 B
1499 954 1529 976 et
1552 950 1577 977 Ε
1600 950 1729 987 habent,
1765 963 1840 991 quos
1861 957 1980 986 codices

111 1002 143 1024 et
162 995 294 1024 uidimus
316 995 372 1022 iam
394 992 686 1031 interpolationibus
708 1003 796 1031 saepe
817 993 899 1021 solos
920 998 1025 1021 auctos
1053 1003 1134 1028 esse,
1163 999 1193 1021 ct
1213 995 1307 1032 magis
1329 995 1419 1022 ctiam
1442 995 1522 1024 infra
1549 997 1732 1027 uidebimus.
1771 1000 1934 1040 Denique,
1955 1007 1979 1034 si

110 1044 186 1073 Baki
207 1041 427 1071 correctionem
447 1040 620 1078 probamus,
641 1051 767 1078 prorsus
797 1041 961 1069 obscurum
982 1047 1092 1076 manet,
1115 1043 1194 1070 unde
1217 1043 1352 1071 omnium
1375 1044 1514 1072 codicum
1535 1046 1670 1074 familiae
1690 1047 1800 1076 tertiae
1820 1051 1979 1089 scriptura,

109 1098 138 1120 et
156 1101 212 1129 pro
234 1095 313 1117 certe
338 1087 555 1124 scribentium,
591 1094 658 1116 orta
682 1089 730 1117 sit.
771 1089 881 1126 Neque
910 1089 992 1117 0111111
1014 1089 1137 1117 Oxonn.
1160 1090 1230 1118 illos
1260 1091 1334 1119 duos
1356 1101 1502 1127 numero,
1532 1093 1563 1120 in
1586 1095 1697 1132 quibus
1718 1096 1743 1123 si
1765 1101 1810 1124 est
1830 1106 1927 1134 certe,
1947 1101 1979 1129 id

107 1138 187 1178 quod
207 1138 261 1166 uix
282 1136 441 1171 credibile,
462 1146 500 1164 ex
520 1136 605 1164 felici
628 1136 825 1164 librariorum
846 1137 1040 1164 correctione
1061 1148 1118 1175 pro
1140 1145 1168 1165 et
1188 1138 1367 1167 restitutum
1389 1150 1453 1167 esse
1474 1150 1536 1168 non
1558 1141 1675 1170 dubito.
1716 1143 1833 1174 Contra
1854 1153 1978 1186 optume

105 1187 191 1215 illius
211 1184 404 1222 corruptelae
425 1183 510 1221 origo
531 1183 736 1222 perspicitur,
768 1185 794 1212 si
815 1195 884 1213 cum
906 1185 1027 1213 Orellio
1058 1187 1194 1223 aliquid,
1231 1188 1355 1225 aliquid
1374 1195 1453 1216 certe
1474 1194 1531 1216 etc.
1553 1200 1568 1217 a
1589 1189 1697 1218 Tullio
1718 1192 1867 1230 scriptum
1887 1201 1978 1233 puta-

104 1245 171 1263 mus
198 1233 329 1271 ideoque
355 1238 399 1260 set
426 1231 609 1270 particulam
636 1231 672 1258 ab
701 1231 871 1270 interprete
892 1243 984 1271 super
1011 1241 1092 1262 certe
1112 1234 1144 1262 in
1166 1235 1271 1262 codice
1292 1235 1436 1274 principe
1457 1237 1552 1264 fuisse
1572 1238 1703 1275 positam
1724 1241 1893 1271 statuimus.
1932 1244 1977 1273 Ea

103 1281 203 1308 denuo
225 1290 241 1307 a
269 1279 498 1318 neglcgentiore
526 1279 580 1307 1110
608 1279 754 1314 1111111110,
788 1280 852 1308 leui
879 1291 984 1308 errore
1012 1281 1043 1309 in
1065 1288 1093 1310 et
1113 1287 1244 1318 mutata,
1279 1294 1336 1323 pro
1358 1284 1491 1321 genuina
1511 1296 1587 1312 uoce
1609 1292 1777 1325 rcceptast,
1811 1299 1877 1318 cuni
1899 1292 1976 1320 alter

101 1327 247 1356 librarius
268 1328 353 1365 isque
374 1327 553 1364 diligentior
574 1331 604 1354 ct
624 1327 752 1363 glossam
780 1332 810 1355 et
830 1338 954 1364 uocem,
986 1340 1062 1367 quae
1083 1330 1237 1368 explicata
1258 1336 1339 1365 crat,
1368 1342 1454 1360 more
1475 1343 1529 1360 suo
1552 1333 1716 1363 Tullianae
1737 1336 1871 1366 orationi
1891 1339 1974 1368 intu—

101 1375 195 1404 lisset..
234 1377 287 1404 Set
306 1381 405 1404 autem
426 1375 606 1414 particulam
628 1384 717 1412 saepe
738 1384 807 1402 cum
828 1381 856 1402 et
876 1378 1033 1406 confusam
1055 1389 1135 1413 csse,
1155 1388 1245 1406 nemo
1267 1378 1372 1407 nescit.

174 1438 292 1467 Uerum
315 1448 493 1476 quamquam
514 1436 773 1472 certissumumst,
794 1437 825 1465 in
846 1438 1002 1477 plerisque
1022 1441 1128 1469 saltem
1150 1451 1255 1468 eorum
1278 1441 1433 1477 locorum,
1462 1454 1538 1481 quos
1559 1443 1658 1471 adhuc
1678 1445 1827 1482 tractam,
1854 1448 1971 1477 nullum

99 1498 139 1515 ex
157 1488 182 1515 B
203 1492 234 1514 et
252 1487 278 1514 E
299 1486 397 1524 recipi
419 1485 547 1513 uerbum
567 1494 673 1522 posse,
707 1490 740 1512 ut
760 1495 822 1513 non
843 1486 935 1522 aliut,
974 1488 1054 1526 quod
1076 1489 1107 1517 in
1129 1489 1271 1517 omnibus
1292 1489 1381 1517 libris
1413 1491 1562 1529 scriptum
1591 1497 1691 1528 extet,
1728 1493 1890 1522 delendum
1917 1497 1971 1524 sit:

99 1540 199 1564 tamen
218 1534 349 1572 ingenue
369 1533 535 1568 fatendum,
554 1532 688 1571 reperiri
710 1533 800 1561 ctiam
821 1534 906 1562 locos
925 1545 988 1562 non
1008 1546 1132 1573 paucos,
1155 1537 1187 1565 111
1208 1537 1319 1575 quibus
1342 1548 1418 1576 quae
1438 1538 1573 1567 familiae
1593 1540 1704 1568 tertiae
1726 1541 1846 1571 codices
1867 1554 1970 1572 onmes

100 1582 247 1610 omittunt
267 1582 360 1609 uerba
380 1591 417 1608 ex
438 1581 462 1609 B
483 1586 514 1609 et
533 1581 559 1609 E
581 1581 763 1608 auctoritate
790 1582 963 1609 necessario
991 1583 1090 1621 recipi
1119 1584 1251 1613 debeant
1271 1585 1328 1620 ita,
1360 1590 1395 1614 ut
1415 1586 1513 1614 ullum
1534 1587 1565 1615 in
1586 1587 1703 1616 uicinia
1721 1589 1857 1627 positum
1878 1602 1969 1619 uoca-

99 1630 206 1658 bulum
225 1628 287 1657 loci
308 1629 460 1657 sententia
479 1629 596 1667 expelli
615 1633 709 1656 uetet.
748 1628 910 1657 Eiusmodi
931 1630 993 1658 loci
1014 1630 1046 1658 hi
1068 1637 1154 1660 sunt:

173 1691 207 1720 C.
228 1691 268 1718 V.
289 1689 316 1730 §.
340 1701 381 1719 12.
420 1702 537 1728 semper
563 1702 594 1719 se
621 1691 699 1719 dicet
727 1693 836 1729 rogari
862 1694 1012 1727 uoluisse,
1044 1704 1161 1731 semper
1185 1694 1268 1723 sibi
1293 1697 1474 1732 supplicari.
1514 1696 1597 1724 Fam.
1625 1697 1734 1725 tertiae
1764 1699 1883 1728 codices
1909 1701 1968 1730 ¹sibi

96 1740 252 1768 omittunt.

172 1787 206 1816 C.
228 1787 267 1814 V.
288 1785 314 1825 §.
340 1787 380 1814 13.
418 1786 544 1813 Aediles
570 1788 752 1824 quicumque
781 1794 889 1823 erunt,
926 1789 1006 1817 idem
1031 1789 1109 1817 mihi
1134 1796 1231 1818 sunt
1257 1791 1419 1818 iudices
1444 1793 1613 1827 parati:
1646 1791 1967 1830 tribuniplebis

93 1836 308 1875 permagni
339 1836 513 1862 interest
546 1836 614 1870 qui
639 1836 731 1864 sint.
776 1835 905 1872 Quare
936 1843 1007 1864 aut
1033 1838 1154 1865 redde
1181 1838 1294 1874 milii,
1329 1839 1412 1876 quod
1435 1839 1620 1867 ostenderas.
1660 1839 1744 1867 Idem
1771 1842 1867 1870 uerba
1891 1851 1965 1872 sunt

95 1885 211 1914 iudices
229 1898 267 1903 —
289 1882 380 1909 redde
401 1880 478 1908 milti
497 1881 652 1910 omittunt.

170 1931 204 1960 C.
224 1929 316 1958 XIV.
337 1928 364 1968 §.
384 1929 430 1957 33.
471 1939 513 1956 an
539 1930 622 1967 quod
644 1931 825 1959 reiectae
853 1933 1012 1960 auctiones
1039 1932 1162 1960 essent?
1192 1934 1284 1961 immo
1303 1944 1390 1967 uero,
1417 1936 1538 1972 inquit,
1567 1935 1649 1972 quod
1665 1935 1839 1973 legatione&
1879 1936 1963 1966 Idem

95 1981 225 2009 reiectae
245 1978 400 2006 omittunt.

170 2027 203 2055 C·
223 2026 315 2054 XVI·
336 2023 362 2063 §¹
383 2025 428 2062 39'
467 2024 647 2059 Dabimus,
682 2028 758 2063 quin
778 2037 830 2055 eas
849 2028 963 2063 tribus,
992 2030 1026 2057 in
1046 2028 1156 2067 quibu-5·
1176 2039 1307 2067 magnas
1331 2028 1569 2056 necessitudines
1587 2027 1679 2055 habet
1699 2029 1868 2065 Plancius,
1894 2042 1963 2060 eum

96 2076 148 2104 ille
176 2085 236 2102 non
262 2074 408 2109 ediderit,
435 2073 587 2101 iudicarit
613 2073 721 2111 officiis
747 2073 786 2101 ab
811 2073 867 2103 lzoe
893 2075 1088 2110 obseruatus,
1122 2087 1183 2104 non
1209 2078 1377 2113 largitione
1405 2075 1651 2113 corruptas?
1688 2075 1772 2103 Idem
1801 2085 1961 2115 corruptas

97 2123 252 2151 omittunt.

171 2170 204 2198 C.
225 2169 334 2197 XXV.
356 2167 382 2208 §.
404 2168 448 2197 60.
489 2168 566 2205 Quis
586 2175 725 2197 nostrum
743 2179 774 2196 se
794 2168 886 2203 dicit,
915 2169 974 2197 M.'
995 2170 1103 2204 (barto,
1123 2173 1193 2208 quis
1213 2171 1243 2198 C.
1264 2170 1427 2204 Fabricio,
1460 2172 1529 2208 quis
1548 2172 1587 2199 P.
1607 2170 1718 2198 Duilio
1734 2173 1867 2208 parem?
1894 2177 1960 2212 quis

98 2219 195 2246 Atilio
215 2218 373 2251 Calatino,
393 2219 461 2255 quis
482 2218 535 2246 Cn.
557 2223 586 2245 et
604 2218 643 2245 P.
664 2217 876 2253 Scipionibus,
898 2218 966 2254 quis
986 2217 1157 2254 Africano,
1177 2219 1345 2252 Marcello,
1365 2218 1543 2246 Illarumo?
1570 2224 1702 2246 tamen
1722 2220 1837 2247 eusdem
1856 2231 1960 2249 sumus

97 2265 243 2293 honorum
259 2270 396 2303 gradus,
417 2275 490 2302 quos
508 2265 574 2300 illi,
595 2265 742 2292 adsecuti.
783 2264 868 2291 Idem
888 2270 991 2292 lamen
1011 2265 1167 2292 omittunt.

173 2322 205 2350 C.
226 2323 383 2350 XXVIII.
404 2321 431 2361 §.
452 2322 496 2360 69.
535 2323 577 2350 Et
596 2333 649 2361 ego
668 2324 732 2360 ipse
752 2332 920 2360 numquam
946 2323 1015 2350 illos
1035 2324 1169 2359 aspicio,
1199 2325 1292 2360 quin,
1325 2334 1408 2351 cum
1432 2334 1489 2360 per
1508 2324 1590 2351 hun(-
1610 2335 1657 2352 me
1676 2323 1725 2352 his
1744 2332 1958 2353 eon-seruatum

98 2379 158 2398 esse
177 2371 378 2405 meminerim,
403 2371 496 2399 liuius
515 2373 659 2400 meritum
682 2372 716 2399 in
736 2381 782 2398 me
802 2371 951 2399 recorder.
990 2369 1074 2398 Idem
1094 2381 1178 2403 cum,
1205 2371 1334 2399 fortasse
1354 2382 1444 2409 quom
1463 2371 1495 2399 in
1511 2372 1616 2400 codice
1636 2372 1778 2410 principe
1798 2373 1956 2411 scriptum,

98 2415 253 2444 omittunt.
