2264 2746
221 96 276 124 222
868 83 1447 114 COMMENTARIUS.

223 164 316 208 quod
337 163 454 196 multis
476 161 641 205 exemplis
665 159 775 192 edocti
797 157 954 190 librarios
979 158 1188 201 antiquiores
1209 157 1333 190 scimus
1354 163 1434 189 nota
1455 169 1521 202 que
1540 156 1584 189 ad
1607 156 1716 190 omnis
1738 168 1832 189 casus
1855 159 2008 201 obliquos
2031 171 2096 191 no-

225 218 327 251 minis
351 217 542 262 quaestoris
567 212 802 256 significandos
825 223 903 242 usos
927 222 1009 243 esse.
1054 210 1125 243 Cfr.
1149 211 1361 244 Niebuhrius
1385 210 1428 242 ad
1450 210 1571 253 fragm.
1597 222 1646 241 or.
1669 221 1733 252 pro
1757 210 1899 241 Fonteio
1925 222 1960 253 p.
1982 212 2053 243 54..

307 271 508 304 Lictorihus
530 267 697 308 dimissis)
741 264 936 298 Lictoribus
960 264 995 295 in
1012 263 1098 295 urbe
1120 276 1190 295 non
1212 264 1393 296 utebantur
1419 270 1622 307 quaestores,
1644 268 1684 293 ut
1704 262 1752 293 ait
1767 262 1900 294 Gellius
1923 262 1982 293 lib.
2000 263 2098 295 XIII.

227 336 254 356 c.
279 336 329 363 ’.κς
356 324 391 355 in
415 319 591 365 prouincia
613 331 668 350 eos
694 319 817 350 habere
839 317 946 356 licuit,
971 317 1062 359 quod
1085 316 1140 348 hic
1161 317 1254 348 locus
1277 317 1432 356 declarat,
1459 316 1513 348 cui
1534 314 1712 357 suffragari
1735 314 1894 346 uidentur
1917 315 1976 345 illa
1998 315 2101 347 uerba

226 377 268 408 ad
292 373 528 408 Cornificium:
553 372 635 404 illut
658 384 724 403 non
747 371 895 403 nimium
914 370 1041 415 probo,
1064 369 1157 413 quod
1177 370 1294 410 scribi,
1317 382 1383 414 quo
1406 370 1462 401 illi
1484 369 1599 401 animo
1619 368 1781 412 aequiore
1794 367 1949 412 ferrent,
1973 373 2005 399 te
2029 368 2101 399 tuis

226 431 332 463 etiam
355 425 482 470 legatis
505 425 643 456 lictores
666 424 846 456 ademisse.
890 424 980 455 Nam
1009 423 1037 455 si
1059 422 1177 464 legatis
1203 422 1337 454 lictores
1360 422 1576 461 tribuuntur,
1605 432 1666 452 cur
1688 432 1758 452 non
1782 420 2014 464 quaestoribus
2037 420 2104 452 ho-

226 493 309 514 nore
330 477 602 523 praestantibus‘?
640 483 690 508 est
712 477 804 508 enim
832 476 960 518 legatus
986 473 1076 506 infra
1104 481 1337 518 quaestorem,
1372 482 1410 508 ut
1431 475 1467 507 in
1490 474 1635 519 epistula
1657 473 1700 505 ad
1721 473 1771 506 Μ.
1796 473 1968 514 Caelium,
2006 479 2039 506 et
2060 472 2103 505 ad

229 535 432 566 Thermum.
478 531 694 563 Mixmcs.

309 584 512 628 Insignibus
535 584 695 623 abiectis,
718 587 812 615 ueste
833 580 984 623 mutata)
1028 581 1241 614 Ornamenta
1269 580 1457 624 quaestoris
1491 579 1614 612 abiecit
1644 585 1678 611 et
1705 586 1915 624 praetextam
1938 578 2104 622 deposuit,

226 646 262 671 ut
283 638 452 670 monitum
475 638 542 669 iam
564 649 583 668 a
605 635 802 669 Manutiost.

314 692 344 732 §.
369 702 419 733 99.
467 691 499 723 O
522 703 593 722 rem
616 701 693 722 cum
715 688 841 720 auditu
864 686 1037 719 crudelem
1059 692 1134 720 tum
1163 687 1244 720 uisu
1267 685 1455 730 nefariam)
1502 686 1572 717 Cur
1594 684 1656 717 hos
1682 685 1879 728 amplexus,
1910 684 1969 715 has
1992 683 2106 715 laem·—

227 756 297 777 mas
321 757 392 776 rem
415 743 589 776 crudelem
615 749 648 774 et
672 741 848 785 nefariam
870 740 1042 783 appellat?
1078 752 1203 784 nempe
1227 751 1296 772 non
1325 751 1388 782 per
1410 751 1463 778 se,
1487 745 1538 770 set
1560 738 1603 770 ob
1627 749 1795 777 caussam,
1825 748 1909 779 quae
1932 742 2004 768 erat
2027 747 2107 768 cru-

227 799 310 831 delis
345 804 378 829 et
406 796 552 835 nefaria,
591 795 680 838 quod
710 794 746 825 in
769 805 823 825 eas
846 793 998 824 miserias
1026 793 1194 825 coniectus
1226 798 1296 825 erat
1326 791 1633 824 innocentissumus
1664 796 1699 823 et
1724 790 1973 822 meritissumus
2000 788 2041 820 de
2070 799 2107 821 re

231 851 364 895 publica
388 850 452 881 uir.
497 849 724 880 Enxnsnrs.

316 901 597 936 Thessalonicam
619 913 671 933 me
693 901 731 933 in
754 899 1055 944 quaestoriumque
1072 897 1256 942 perduxit)
1301 897 1557 942 Hospitium
1580 895 1823 939 quaestoris
1846 893 2108 937 significans

229 957 413 1001 proprie
439 953 669 986 secundum
693 952 949 984 uocabulum
972 952 1255 992 magistratus
1281 951 1409 982 etiam
1433 951 1526 982 loco
1549 949 1637 992 ipsi
1659 960 1813 981 nomen
1839 947 1962 978 dedit.
1986 947 2108 981 Nunc

228 1017 369 1043 autem
392 1006 551 1046 omnia,
576 1006 617 1037 in
643 1006 806 1048 quibus
831 1004 982 1036 uariae
1005 1003 1246 1045 dignitatis
1270 1004 1496 1049 praesides
1525 1003 1743 1042 habitent,
1777 999 2001 1044 praetoria
2031 1011 2110 1032 no-

230 1064 463 1096 minantur.
488 1060 651 1091 SCHOLIA
677 1059 938 1091 AMBROSIANA·
983 1056 1186 1098 Quaestores
1212 1058 1376 1089 nimirum
1399 1057 1577 1100 propriam
1602 1056 1653 1088 sui
1676 1055 1888 1098 magistratus
1911 1053 2050 1085 domum
2072 1053 2110 1085 in

229 1115 415 1160 prouinciis
439 1112 616 1150 habebant,
641 1117 676 1141 ut
699 1110 800 1141 etiam
815 1121 858 1141 ex
881 1109 984 1141 Liuio
1003 1115 1140 1142 constat.
1183 1111 1234 1142 Ea
1256 1122 1338 1142 uero
1362 1111 1609 1154 quaestorium,
1634 1109 1740 1140 donec
1762 1105 2111 1151 prouincialisquae-

229 1176 320 1201 stura
342 1167 483 1205 mansit,
523 1171 572 1196 est
600 1163 780 1206 appellata.
825 1162 1083 1193 Prouinciarum
1106 1163 1276 1205 praesides
1300 1174 1488 1205 numquam
1509 1162 1649 1200 sublati3
1696 1167 1747 1192 set
1774 1160 1835 1192 sub
1859 1159 2108 1202 inperatoribus

229 1223 367 1254 nomina
390 1230 526 1256 eorum,
550 1216 744 1259 dignitates,
771 1221 1018 1258 potestatesque
1041 1214 1244 1252 inmutataeg
1275 1215 1392 1256 legati,
1420 1221 1453 1245 et
1478 1214 1641 1256 praefecti
1661 1212 1880 1255 Augustales,
1903 1219 2105 1255 procurato-

229 1287 281 1307 res
307 1273 474 1311 Caesaris,
498 1269 706 1308 consulares,
730 1274 952 1306 correctores,
976 1267 1118 1309 aliisque
1141 1267 1335 1298 nominibus
1358 1266 1634 1309 appellabantur3
1664 1265 1875 1308 praetorium
1897 1276 2022 1297 nomen
2047 1265 2110 1297 ob-

231 1326 352 1359 soleuit
376 1336 505 1363 eorum,
530 1322 589 1365 qui
612 1321 805 1363 prouincias
829 1321 1008 1363 regebant3
1034 1321 1111 1352 illut
1133 1327 1246 1351 autem
1271 1319 1401 1357 domus,
1428 1319 1463 1349 in
1486 1318 1607 1360 quibus
1630 1318 1797 1361 praesides
1821 1318 2027 1360 quicumque
2049 1319 2111 1350 ha-

233 1380 386 1416 bitarent,
410 1389 479 1408 non
494 1376 690 1407 amiserunt.
726 1375 834 1405 Immo
848 1375 1031 1418 praetoria
1046 1373 1133 1404 dicta
1144 1379 1223 1404 sunt
1237 1372 1418 1414 aliquando
1433 1371 1535 1402 etiam
1551 1371 1624 1402 loca
1638 1371 1703 1402 iuri
1719 1371 1866 1402 dicundo
1881 1370 2017 1414 publice
2029 1382 2112 1402 con-

231 1433 356 1470 stituta,
376 1430 418 1461 de
431 1429 551 1472 quibus
564 1427 761 1458 Perizonius
776 1438 809 1469 p.
824 1428 874 1458 65.
889 1427 959 1458 eius
974 1426 1063 1465 libri,
1081 1438 1147 1468 quo
1165 1425 1406 1468 copiosissume
1425 1423 1466 1455 de
1478 1424 1648 1467 praetorio
1668 1424 1834 1457 disseruit.
1852 1425 2113 1457 GARATONIL'S.

318 1485 373 1517 De
390 1488 554 1528 praetore
580 1481 819 1521 Illacecloniae)
864 1479 945 1510 Fuit
966 1480 1008 1511 L.
1032 1479 1212 1521 Apuleius.

319 1539 388 1575 Set,
413 1538 443 1568 si
465 1534 674 1576 acciderent)
718 1534 755 1564 F.
780 1533 924 1566 Ursinus
941 1539 1016 1575 post
1038 1539 1089 1564 set
1111 1530 1296 1564 desiderari
1321 1531 1382 1576 qui
1396 1529 1540 1570 monuit,
1565 1541 1632 1572 quo
1654 1529 1859 1574 pronomine
1880 1529 1979 1562 facile
2001 1542 2115 1564 carere

236 1602 429 1634 possumus,
453 1600 529 1619 cum
553 1587 655 1618 modo
679 1599 746 1619 non
771 1587 832 1630 qui
854 1586 1083 1629 praecesserit.

322 1645 352 1686 ς.
381 1653 450 1674 100.
495 1640 581 1673 Cam
605 1641 653 1671 acl
673 1653 725 1672 me
748 1641 793 1672 L.
820 1639 975 1678 Tubero,
997 1652 1092 1671 meus
1116 1638 1346 1677 necessarius,
1371 1638 1432 1681 qui
1445 1636 1565 1682 fratri
1586 1650 1659 1670 meo
1683 1637 1820 1681 legatus
1834 1636 1987 1682 fitis-set,
2016 1638 2113 1672 dece-

236 1700 318 1730 dens
343 1709 382 1728 ex
406 1695 495 1727 Asia
518 1694 681 1735 uenisset)
726 1694 805 1735 Quo
828 1699 982 1736 tempore
1006 1694 1047 1724 L.
1063 1692 1200 1723 Tubero
1224 1692 1263 1722 ad
1287 1702 1365 1721 eum
1389 1690 1531 1727 uenerit,
1555 1691 1679 1733 conligi
1701 1697 1813 1734 potest
1836 1702 1879 1722 ex
1899 1691 1959 1722 ΙΙΙ.
1983 1691 2022 1722 ad
2039 1692 2112 1724 Att.

237 1763 287 1793 9.:
311 1749 351 1790 Q.
367 1747 488 1792 frater
513 1759 613 1791 quom
636 1758 676 1778 ex
700 1746 789 1779 Asia
821 1747 1033 1778 discessisset
1055 1751 1136 1777 ante
1159 1745 1246 1778 Kal.
1264 1744 1392 1782 Maias,
1416 1749 1449 1776 et
1471 1743 1629 1776 Athenas
1653 1744 1804 1776 uenisset
1825 1743 1959 1777 Idibus.
2003 1744 2114 1776 Thes-

237 1802 417 1835 salonicam
447 1801 575 1843 legatus
605 1799 696 1830 illius
722 1799 860 1829 Tubero
894 1810 1009 1830 mense
1036 1798 1134 1830 lunio
1162 1797 1261 1828 facile
1283 1796 1492 1840 peruenerit.
1549 1797 1600 1828 Ibi
1625 1797 1743 1829 Cicero
1766 1802 1915 1828 retentus
1938 1808 1957 1827 a
1978 1796 2114 1829 Plancio

239 1857 319 1887 haut
349 1861 461 1885 tamen
492 1853 648 1884 lubenter
677 1851 944 1882 commorabatur.
989 1852 1050 1883 ΙΙΙ.
1075 1851 1117 1882 ad
1140 1851 1212 1884 Att.
1248 1852 1295 1882 14.
1322 1851 1400 1882 Kal.
1425 1849 1582 1889 Sextilis,
1623 1850 1695 1882 iam
1716 1850 1954 1888 extrudimur,
1993 1848 2114 1891 inquit,

241 1921 304 1939 non
330 1920 351 1939 a
375 1907 541 1938 Plancio.-
575 1918 656 1937 nam
680 1906 709 1936 is
733 1906 869 1948 quidem
894 1906 1038 1944 retinet3
1075 1909 1126 1936 set
1146 1904 1187 1936 al>
1211 1904 1285 1948 ipso
1309 1905 1392 1936 loco.
1436 1904 1588 1935 Incertus
1614 1902 1749 1942 deinde,
1786 1915 1852 1946 quo
1875 1913 1910 1933 se
1933 1899 2114 1942 conferret,

244 1961 283 1990 de
305 1959 458 1990 abeundo
482 1958 621 1990 adsidue
651 1958 831 2000 cogitabat,
863 1958 931 1996 III,
966 1959 1013 1989 15.
1042 1958 1108 1989 16..
1154 1958 1306 1988 Tandem
1332 1958 1433 1990 XVI.
1457 1957 1534 1989 Kal.
1559 1956 1717 1988 Octobris
1746 1956 1842 1999 epist.
1869 1966 1917 1997 19.
1942 1954 2025 1987 Asia
2048 1955 2116 1988 iam

245 2013 365 2043 omissa
388 2018 420 2043 et
444 2012 569 2054 Cyzico
593 2012 628 2043 in.
650 2011 823 2054 Epirum,
845 2010 974 2052 inquit,
996 2011 1044 2043 acl
1066 2016 1099 2042 te
1121 2011 1168 2052 (in
1190 2011 1299 2044 Attici
1322 2010 1432 2053 agros)
1455 2011 1566 2042 statui
1587 2023 1641 2043 me
1663 2009 1828 2052 conferre.
1874 2008 2116 2040 Uerumtamen

245 2076 313 2095 non
340 2065 488 2095 discessit
509 2076 529 2095 a
550 2063 686 2094 Plancio
710 2063 775 2094 nisi
797 2069 875 2106 post
897 2063 973 2095 Idus
996 2064 1223 2105 Nouembris,
1263 2076 1341 2096 cum
1370 2069 1510 2106 repente
1532 2062 1786 2106 Dyrrhachium
1816 2060 1925 2091 rediit.
1971 2060 2023 2092 Eo
2047 2060 2114 2093 iam

246 2123 446 2159 peruenerat
467 2117 529 2148 VI.
556 2116 631 2148 Kal.
654 2116 864 2155 Decembris,
890 2128 957 2158 quo
980 2116 1035 2147 die
1058 2117 1099 2148 atl
1123 2118 1278 2151 Atticum
1302 2124 1333 2149 et
1355 2117 1394 2148 ad
1417 2116 1615 2148 Terentiam
1639 2116 1766 2147 litteras
1789 2113 1892 2152 misit,
1916 2123 1996 2154 quas
2019 2119 2117 2145 antea

246 2169 502 2200 Thessalonicae
524 2169 713 2212 scripserat.
760 2169 815 2200 Sic
837 2175 950 2200 autem
975 2169 1014 2200 ad
1037 2170 1141 2202 Attio.
1156 2172 1216 2209 III,
1241 2182 1311 2204 22.:
1336 2173 1394 2204 Me
1416 2172 1530 2203 adhuc
1552 2169 1719 2202 Plancius
1741 2166 1952 2198 liberalitate
1974 2179 2039 2198 sua
2061 2179 2116 2200 re-

250 2223 353 2259 tinet,
376 2222 447 2252 iam
469 2223 651 2265 aliquoties
674 2228 835 2255 conatum
857 2223 909 2254 ire
930 2223 966 2254 in
978 2223 1141 2267 Epirum.
1186 2225 1270 2269 Spes
1293 2225 1424 2257 homini
1446 2229 1497 2256 est
1519 2224 1645 2254 iniecta
1667 2233 1734 2252 non
1758 2220 1886 2258 eadem„
1909 2232 1996 2263 quae
2018 2221 2116 2260 mihi,

248 2287 345 2319 posse
372 2286 432 2305 nos
455 2287 523 2305 una
547 2277 722 2314 decedere,
756 2287 859 2319 quam
882 2287 953 2307 rem
976 2276 1043 2308 sibi
1064 2289 1191 2320 magno
1214 2278 1337 2310 honori
1359 2282 1475 2321 sperat
1487 2275 1581 2319 fore.
1623 2274 1682 2305 Set
1706 2275 1776 2305 iam
1802 2285 1903 2316 quom
1924 2273 2115 2305 aduentare

250 2328 378 2360 milites
401 2327 574 2365 dicuntur,
588 2327 795 2368 faciendum
817 2328 913 2360 nobis
936 2330 1013 2367 erit,
1037 2335 1076 2361 ut
1097 2330 1139 2361 ab
1161 2342 1198 2362 eo
1223 2331 1449 2362 discedamus.
1494 2326 1658 2358 Similiter
1678 2326 1719 2357 ad
1732 2325 1929 2356 Terentiam
1941 2325 2042 2363 XIV,
2069 2337 2114 2358 h:

251 2381 438 2417 Plancius,
460 2380 557 2410 liomo
578 2381 875 2423 officiosissimum,
897 2394 949 2414 me
973 2383 1068 2426 cupit
1094 2395 1164 2416 esse
1186 2396 1300 2416 secum
1323 2388 1355 2415 et
1376 2382 1489 2414 adhuc
1514 2380 1659 2417 retinet,
1683 2385 1762 2410 etc..
1790 2379 2049 2410 GARATONU'S.
