2264 2746
667 81 768 111 PRO
796 81 869 110 CN.
898 80 1140 110 PLANCIO.
1181 79 1285 110 CAP.
1314 79 1337 110 Ι.
1367 79 1407 110 1Ι.
1959 88 1976 113 3

186 159 230 190 Π.
276 159 508 201 Quamquam,
532 156 678 196 iudices,
701 157 728 188 si
753 156 833 199 quid
859 163 907 188 est
930 156 963 187 in
988 167 1042 187 me
1065 155 1138 198 ipso
1162 155 1208 187 ita
1227 156 1492 199 reprehensum,
1516 160 1554 185 ut
1578 154 1613 185 id
1635 155 1676 186 ab
1701 155 1765 186 hoc
1787 155 2001 188 seiunctuma

99 211 161 250 sit,
185 223 254 242 non
278 223 332 243 me
357 212 392 242 id
415 222 620 253 magnopere
644 210 838 241 conturbat:
863 221 931 240 non
957 208 1047 240 enim
1072 209 1192 248 timeo,
1223 222 1284 249 ne,
1315 209 1392 251 quia
1414 220 1554 252 perraro
1578 207 1663 249 grati
1693 208 1846 240 homines
1875 221 1975 251 repe-

98 264 250 303 riantur,
281 264 422 303 idcirco,
456 275 533 294 cum
562 274 617 293 me
649 262 794 294 nimium
823 269 957 305 gratum
988 262 1038 293 illi
1069 274 1139 294 esse
1173 262 1302 301 dicant,
1339 262 1374 293 id
1404 261 1490 293 mihi
1518 260 1739 292 criminosum
1764 273 1834 293 esse
1856 263 1971 304 possit.

101 317 198 359 Quae
219 328 302 348 uero
328 317 374 348 ita
403 322 480 347 sunt
508 315 629 357 agitata
658 315 807 355 abillis,
839 323 875 347 ut
898 322 956 346 aut
984 315 1104 347 merita
1135 316 1196 347 Cn.
1228 315 1342 346 Planci
1371 326 1448 356 erga
1476 325 1530 345 me
1560 315 1692 346 minora
1723 326 1792 347 esse
1824 315 1974 348 dicerent

102 381 202 412 quam
225 381 244 400 a
265 382 319 400 me
342 369 415 412 ipso
438 367 730 411 praedicarentur,
765 375 838 407 aut,
863 369 891 400 si
917 375 1026 400 essent
1049 381 1195 408 summa,
1220 373 1381 410 negarent
1411 379 1447 397 ea
1471 373 1581 398 tamen
1611 367 1657 398 ita
1682 368 1811 410 magni,
1847 374 1886 399 ut
1912 379 1971 410 ego

98 429 265 465 putarem,
290 421 449 464 ponderis
464 427 545 463 aput
563 433 622 452 uos
638 433 708 453 esse
723 421 862 453 debere:
887 422 967 453 haec
984 422 1069 453 mihi
1085 428 1163 453 sunt
1178 419 1359 458 tractanda,
1382 418 1518 459 iudices,
1534 426 1566 451 et
1582 420 1722 460 modice,
1738 432 1779 452 ne
1797 419 1879 463 quid
1900 420 1971 463 ipse

98 474 286 513 offendam,
312 481 344 506 et
366 480 438 505 tum
463 473 625 516 denique,
650 486 727 506 cum
750 475 958 517 respondero
983 475 1197 513 criminibus,
1228 484 1270 504 ne
1292 484 1361 504 non
1386 479 1453 504 tam
1476 472 1667 505 innocentia.
1688 485 1765 505 reus
1788 485 1847 505 sua
1871 485 1971 516 quam

97 527 332 561 recordatione
353 539 510 559 meorum
533 533 728 570 temporum
753 528 908 560 defensus
931 540 1001 560 esse
1025 528 1191 559 uideatur.

181 607 239 638 Set
271 605 357 637 mihi
388 605 423 636 in
447 617 560 637 caussa
582 604 673 637 sacili
696 612 796 648 atque
823 607 989 650 explicata
1018 604 1250 649 perdifficilis,
1280 603 1423 643 iudices,
1455 608 1487 634 et
1510 602 1638 634 lubrica
1662 603 1863 636 defensionis
1886 604 1998 639 ratio5

94 659 312 704 proponitur.
351 660 439 691 Nam
464 658 492 689 si
515 658 750 691 tantummodo
772 659 857 691 mihi
880 670 1013 690 necesse
1038 664 1122 689 esset
1149 663 1265 688 contra
1279 657 1501 688 Laterensem
1525 655 1646 694 dicere,
1673 663 1781 688 [amen
1804 658 1838 688 id
1860 657 1969 701 ipsum

94 719 180 744 esset
203 712 239 744 in
267 718 360 743 tanto
386 723 450 743 usu
476 718 592 743 nostro
622 718 781 753 tantaque
805 711 952 744 amicitia
974 711 1173 742 molestum:
1207 715 1305 742 uetus
1330 708 1420 740 enim
1446 714 1495 739 est
1518 708 1573 739 lex
1600 708 1658 740 illa
1679 710 1782 741 iustae
1804 720 1972 752 ueraeque

93 766 277 805 amicitiae,
312 776 396 807 quae
416 764 502 795 mihi
526 776 601 796 cum
625 765 685 796 illo
709 764 775 795 iam
801 764 906 803 diust,
938 771 974 796 ut
1003 765 1094 796 idem
1119 763 1218 795 amici
1241 774 1376 805 semper
1406 761 1531 799 uelint3
1562 773 1672 803 neque
1695 769 1744 794 est
1767 763 1872 793 ullum
1898 773 1972 792 cer-

91 819 159 852 tius
188 818 355 850 amicitiae
378 818 570 856 uinculum,
603 828 702 859 quam
735 828 915 848 consensus
947 823 980 848 et
1007 817 1146 848 societas
1173 816 1394 847 consiliorum
1420 820 1454 845 et
1482 814 1718 847 uoluntatum:
1752 815 1836 846 mihi
1859 821 1970 846 autem

91 884 162 905 non
183 872 218 903 id
241 878 291 904 est
313 872 348 902 in
371 872 433 902 hac
460 882 497 901 re
520 869 825 909 molestissumum,
863 876 979 901 contra
1007 869 1106 900 illum
1136 869 1265 908 dicere,
1296 875 1346 901 set
1374 867 1483 899 multo
1513 867 1592 898 illut
1614 867 1735 909 magis,
1766 867 1855 910 quod
1874 867 1908 898 in
1932 879 1969 899 ea

91 936 206 957 caussa
234 924 581 963 contradicendumst,
617 922 654 953 in
683 934 748 965 qua
778 922 943 965 quaedam
971 922 1151 955 hominum
1172 922 1326 966 ipsorum
1351 921 1490 953 uidetur
1515 919 1667 952 facienda
1694 932 1763 954 esse
1786 920 1967 952 contentio.

165 1053 199 1081 C.
220 1051 259 1079 II.
281 1050 308 1090 §
328 1051 354 1079 4.
376 1052 442 1090 ipso
464 1050 519 1090 ita)
542 1053 584 1081 Pa
605 1064 663 1082 om.
683 1069 721 1075 --
740 1052 788 1093 ut)
809 1054 850 1082 Pe
872 1065 928 1083 om.
947 1070 986 1077 ·—-
1004 1061 1039 1084 ut
1058 1054 1104 1095 id)
1126 1055 1151 1084 C
1171 1062 1206 1084 ut
1225 1055 1286 1085 hic.
1306 1071 1344 1077 --
1365 1055 1401 1083 ab
1421 1052 1494 1092 hoc)
1520 1054 1580 1089 Lb‚
1600 1054 1651 1089 Pa,
1669 1064 1695 1090 ς,
1716 1055 1778 1090 F2,
1799 1060 1830 1083 ct
1849 1054 1966 1092 aliquot

88 1101 165 1130 Pall.
186 1101 229 1128 ad
254 1100 331 1133 lzoc;
364 1105 410 1128 set
430 1100 462 1127 in
483 1100 532 1128 Lb
553 1102 683 1139 margini
703 1102 742 1130 ab
769 1103 826 1131 hoc
846 1103 1043 1143 adscriptum.
1062 1119 1096 1124 —
1122 1103 1310 1142 seiunctum)
1332 1104 1381 1131 Sic
1402 1104 1436 1139 B,
1457 1103 1493 1137 E,
1514 1103 1578 1137 Mb,
1599 1103 1660 1138 Mc,
1680 1103 1722 1139 H,
1742 1111 1786 1138 ov,
1806 1113 1832 1138 ς,
1854 1107 1884 1130 ct
1903 1102 1965 1139 233

86 1149 184 1178 ceteri
204 1148 317 1187 partim
338 1148 485 1175 omittunt
506 1159 574 1177 cum
594 1150 718 1185 lacuna,
738 1155 772 1178 ut
792 1152 859 1186 Ma,
880 1151 943 1187 Le,
963 1152 1020 1187 Pa,
1042 1152 1105 1186 Pb,
1125 1152 1184 1186 Pe,
1207 1156 1236 1178 et
1257 1151 1302 1187 O,
1322 1151 1435 1189 partim
1456 1150 1604 1178 omittunt
1624 1150 1690 1178 sine
1710 1150 1832 1186 lacuna,
1853 1154 1887 1178 ut
1905 1149 1964 1184 Lb,

86 1197 118 1226 D
139 1197 184 1236 (in
206 1207 266 1235 quo
287 1207 303 1225 a
322 1207 361 1224 ni.
382 1206 441 1224 sec.
463 1206 577 1234 super&
599 1196 747 1235 dietum),
770 1197 813 1233 T,
836 1208 854 1236 χ
869 1209 879 1227 1
892 1221 900 1235 ,
921 1199 945 1226 F
958 1209 992 1234 2,
1013 1204 1044 1227 et
1063 1200 1169 1237 plures
1191 1200 1283 1235 Pall.,
1304 1199 1417 1238 partim
1437 1208 1494 1236 pro
1516 1207 1551 1225 co
1573 1197 1687 1226 habent
1708 1199 1835 1233 (lictum,
1856 1203 1889 1226 ut
1909 1198 1964 1232 La,

87 1246 135 1283 G,
155 1246 223 1281 Bu,
245 1245 285 1281 C,
312 1251 354 1281 ψ,
375 1249 404 1272 et
426 1243 544 1281 aiiquot
570 1244 662 1279 Pau,
691 1250 743 1272 aut
763 1246 918 1281 alienum,
946 1252 981 1275 ut
1002 1248 1031 1275 S.
1052 1263 1090 1268 -—-
1109 1245 1162 1284 sit)
1183 1248 1225 1275 Pe
1246 1250 1299 1277 sic.
1319 1263 1357 1268 -
1378 1257 1439 1274 non
1459 1256 1507 1273 me
1528 1244 1572 1283 id)
1594 1246 1638 1273 Pb
1662 1250 1691 1273 et
1710 1246 1754 1273 Pe
1774 1247 1809 1274 inl
1827 1257 1872 1274 me
1892 1256 1962 1280 non,

85 1294 114 1322 T
142 1305 179 1322 ne
199 1305 262 1328 me,
292 1300 318 1329 ψ
338 1302 399 1320 non
419 1292 461 1320 id.
481 1307 519 1312 -—
538 1291 737 1331 magnopere)
757 1293 787 1320 D
808 1304 920 1332 magno
940 1305 1037 1331 opere.
1056 1310 1095 1316 --
1114 1295 1290 1333 conturbat)
1313 1296 1364 1324 Sic
1383 1296 1425 1331 B,
1446 1295 1488 1330 E,
1509 1295 1577 1329 Ma,
1598 1293 1669 1328 Mb,
1689 1293 1756 1329 Lb,
1776 1294 1838 1330 Lc,
1858 1293 1908 1328 ΙΙ,
1928 1301 1961 1330 ψ,

84 1343 155 1379 Pl,
177 1347 207 1370 et
227 1342 273 1370 La
293 1341 326 1368 in
346 1340 500 1377 margine,
521 1345 567 1367 set
588 1340 619 1367 in
640 1345 729 1368 textu
751 1351 818 1369 cum
839 1341 950 1370 ceteris
971 1342 1140 1371 contus-het.
1159 1358 1196 1365 ·—

160 1400 225 1418 non
245 1386 340 1426 enim)
368 1388 413 1415 Pb
442 1392 472 1414 et
500 1387 541 1414 Pe
570 1398 624 1415 nec
651 1390 739 1416 enim.
759 1404 797 1409 —
823 1398 879 1425 ne,
909 1389 992 1428 quia)
1020 1390 1078 1426 Pa,
1109 1391 1150 1426 C,
1179 1396 1209 1419 ct
1229 1392 1276 1429 χ5
1296 1402 1409 1429 neque,
1430 1401 1447 1423 ς
1467 1392 1552 1428 qnia.
1572 1403 1609 1408 —
1628 1387 1707 1425 gTati
1734 1386 1887 1426 homines)
1908 1388 1959 1416 Mc

85 1439 223 1468 homines
238 1437 335 1475 grati.
354 1450 392 1455 ——
412 1434 459 1461 illi
481 1433 559 1472 esse)
581 1435 625 1462 Pb
647 1440 677 1462 et
696 1436 738 1463 Pc
759 1447 821 1464 esse
841 1438 899 1465 illi.
920 1452 956 1460 ·—-

160 1483 280 1522 Planci)
302 1483 352 1511 Sic
372 1483 415 1518 E3
436 1481 532 1509 ceteri
552 1483 688 1510 Flam-ii.
707 1498 745 1504 -—-
765 1483 918 1523 dicerent)
939 1485 986 1512 La
1013 1495 1082 1513 cum
1102 1485 1140 1523 gt.
1168 1486 1293 1521 dicant,
1322 1486 1368 1514 Lc
1397 1491 1427 1514 et
1446 1493 1472 1524 ψ
1493 1486 1608 1514 dicant.
1629 1501 1666 1506 -—
1694 1483 1776 1523 ipso)
1803 1484 1845 1512 Pa
1866 1488 1895 1510 et
1915 1482 1959 1521 23

87 1545 146 1563 om.
164 1549 202 1554 —
220 1530 333 1569 magni)
354 1531 399 1558 La
419 1540 535 1567 magna
556 1539 623 1557 cum
644 1530 682 1567 gl.
711 1533 827 1569 magni.
857 1547 892 1552 --
920 1531 998 1571 esse)
1025 1534 1055 1561 D
1084 1545 1142 1562 om.
1169 1550 1208 1556 —-
1235 1533 1322 1572 haec)
1344 1535 1397 1562 Ma
1422 1533 1525 1561 huius.
1552 1549 1590 1557 ·-
1615 1533 1691 1561 mihi
1720 1531 1803 1570 sunt)
1830 1532 1859 1558 D
1887 1536 1958 1558 sunt

85 1581 174 1611 milei.
191 1595 230 1601 —-
249 1584 319 1607 sunt
337 1576 505 1615 tractanda)
526 1577 574 1605 Lb
595 1579 764 1606 tractanda
783 1586 864 1608 sunt.
884 1596 922 1601 —
942 1580 1029 1619 quid)
1051 1581 1075 1609 C
1096 1592 1154 1610 om.
1174 1597 1212 1603 -—-
1232 1587 1262 1609 et
1282 1580 1360 1619 tum)
1387 1583 1449 1617 Ma,
1469 1582 1533 1616 Mb,
1555 1582 1620 1617 Lb,
1640 1581 1700 1616 Lc,
1721 1580 1768 1616 D,
1790 1579 1833 1615 O,
1854 1579 1895 1614 C,
1915 1578 1957 1613 H,

85 1640 114 1666 ς,
135 1639 154 1667 χ
168 1638 190 1663 1,
209 1628 237 1663 3,
256 1634 292 1664 ψ,
312 1631 343 1653 et
366 1625 446 1653 Pith.
468 1631 577 1662 cetum,
598 1626 649 1654 Mc
670 1633 802 1662 coetum,
830 1628 877 1655 La
897 1634 997 1656 cetum
1017 1629 1109 1663 hunc,
1131 1630 1175 1658 Pb
1196 1641 1309 1665 rerum,
1330 1631 1371 1657 Pc
1392 1634 1422 1657 et
1442 1638 1478 1657 ου
1497 1636 1603 1657 tecum.
1623 1644 1661 1650 —-
1681 1627 1762 1666 cum)
1782 1628 1843 1662 La,
1865 1627 1906 1662 C,
1926 1631 1957 1654 et

84 1685 111 1716 ψ
132 1682 215 1709 tam,
235 1679 280 1702 set
300 1673 332 1701 in
353 1674 398 1701 La
418 1684 534 1711 superS.
554 1684 632 1702 cum.
651 1689 690 1695 —
716 1675 920 1714 respondero)
940 1677 982 1704 Pa
1002 1678 1118 1711 uidero,
1138 1685 1173 1704 ου
1191 1678 1380 1715 respondere.
1399 1693 1437 1699 -—·
1467 1676 1661 1714 criminibus)
1682 1677 1708 1704 E
1729 1675 1886 1707 omnihus,
1905 1673 1955 1701 Lb

83 1723 247 1754 ominibus.
266 1736 305 1741 —-
324 1720 375 1758 nc)
396 1731 414 1752 ς
433 1731 487 1749 me.
507 1737 545 1743 —·
563 1722 718 1761 uideatur)
739 1734 758 1762 χ
770 1734 779 1752 1
803 1725 922 1752 uidear.
942 1739 980 1745 -—

160 1769 188 1811 §.
209 1771 235 1799 5.
256 1767 358 1806 atque)
379 1768 423 1795 Le
444 1774 488 1802 et,
510 1774 556 1797 set
575 1769 607 1797 in
628 1781 719 1808 marg.
741 1771 777 1799 ab
799 1771 863 1799 cad.
883 1782 922 1800 m.
950 1782 1028 1802 corr.
1056 1780 1155 1812 atque.
1174 1788 1212 1794 --
1239 1773 1426 1802 defensionis
1447 1772 1538 1811 ratio)
1559 1783 1577 1803 ς
1597 1771 1742 1808 defensio.
1761 1785 1798 1791 —
1818 1773 1954 1797 tantum—

83 1818 189 1858 modo)
209 1818 254 1847 Pb
276 1821 306 1844 et
326 1816 366 1843 Pe
395 1826 455 1843 non
479 1819 700 1847 tantammodo.
719 1834 758 1839 —
784 1829 909 1847 neccsse
930 1820 1022 1860 esset)
1050 1822 1092 1849 Pa
1112 1832 1230 1849 necesse
1250 1828 1300 1850 est.
1320 1837 1358 1842 --
1378 1820 1495 1859 dicere)
1522 1820 1567 1847 Lc
1588 1829 1645 1846 om.
1665 1832 1702 1838 —-
1730 1816 1773 1855 id)
1794 1817 1838 1844 Pb
1859 1820 1889 1844 et
1909 1815 1952 1843 Pe

84 1880 144 1898 om.
163 1882 203 1889 —-
228 1866 329 1904 ipsum
358 1863 449 1901 esset)
477 1863 520 1891 Pa
546 1870 621 1891 esset
641 1866 760 1901 ipsum,
781 1867 805 1895 C
826 1869 938 1904 ipsum.
959 1883 997 1889 —
1023 1867 1145 1907 nostro)
1175 1869 1221 1897 Lo
1248 1874 1279 1897 et
1298 1880 1316 1901 ς
1344 1876 1454 1898 uestro,
1474 1883 1510 1890 -·
1537 1866 1617 1894 cssim
1646 1862 1703 1903 Ost)
1734 1865 1760 1892 Ε
1781 1869 1812 1892 et
1831 1864 1886 1892 Mb
1907 1869 1952 1892 θεῖ

83 1919 172 1948 enim,
190 1928 229 1938 ο-
248 1914 345 1941 iustae
365 1910 529 1949 ueraeque)
550 1912 599 1939 Lb
627 1914 727 1941 iustae
747 1919 775 1941 et
795 1925 905 1948 uerae,
934 1915 980 1944 Pb
1002 1921 1032 1945 et
1051 1918 1093 1946 Pc
1113 1928 1206 1946 aerae
1225 1919 1400 1956 iustaeqne,
1419 1916 1450 1944 D
1471 1917 1629 1952 iustaeque
1648 1923 1755 1946 uerae,
1774 1916 1820 1941 set
1840 1921 1950 1950 supcr-

82 1964 217 2005 inposita
236 1973 252 1991 a
272 1972 311 1990 m.
332 1970 391 1988 sec.
412 1958 523 1996 copula
544 1970 601 1997 que
620 1960 692 1988 uoci
711 1971 812 1989 uerae.
831 1975 868 1983 ——-

154 2011 227 2050 iam)
248 2011 273 2039 C
294 2019 353 2037 om.
377 2021 415 2028 —-

154 2069 254 2098 neque
275 2055 334 2094 est)
355 2056 397 2084 Pa
417 2065 512 2093 neque
532 2058 621 2085 enim.
639 2072 678 2078 —
704 2057 818 2086 certius
845 2058 1009 2098 amicitiae)
1030 2061 1072 2097 E,
1092 2062 1155 2098 Pb,
1182 2067 1212 2091 et
1231 2063 1272 2091 Pe
1300 2062 1457 2090 amicitiae
1484 2059 1604 2087 certia-5.
1623 2071 1660 2079 —·
1685 2056 1816 2085 societas
1844 2052 1947 2082 consi-

80 2107 205 2146 tiorum)
224 2108 277 2135 Ma
295 2105 445 2132 sociorum
465 2109 560 2132 aetas·
579 2119 618 2125 -·
637 2104 850 2144 consiliorum)
870 2106 900 2133 D
922 2110 1120 2138 conciliorum
1140 2117 1168 2138 ec
1187 2111 1392 2139 consiliorum.
1410 2122 1448 2129 —

155 2176 219 2194 non
244 2164 277 2192 id
297 2169 343 2192 est
369 2163 401 2191 in
421 2162 477 2190 hac
498 2172 531 2189 rc
551 2162 814 2202 molestissimum)
843 2164 892 2192 Sic
913 2166 947 2202 B,
968 2167 1004 2203 E,
1026 2169 1087 2204 Ma,
1107 2169 1172 2203 Mby
1192 2167 1247 2202 La,
1268 2167 1324 2202 Le,
1344 2166 1384 2202 D,
1405 2165 1443 2200 O,
1465 2164 1503 2199 G,
1524 2163 1584 2191 Ox.
1605 2172 1718 2197 omnCS,
1739 2162 1798 2190 nisi
1819 2160 1900 2200 quod
1921 2167 1946 2197 ψ

84 2224 139 2252 pro
159 2213 403 2241 molestissimum
422 2210 514 2238 habet
535 2211 795 2247 modestissimum,
810 2214 944 2249 Momm„
965 2219 994 2242 et
1010 2215 1110 2252 Cler.;
1131 2216 1179 2243 Lb
1201 2220 1231 2242 et
1251 2216 1293 2242 Pa
1314 2224 1374 2241 non
1392 2217 1435 2241 est
1454 2212 1489 2240 id
1501 2213 1534 2239 in
1554 2211 1613 2239 hae
1633 2222 1665 2240 re
1682 2211 1944 2241 molestissimum,

85 2261 127 2290 Pe
146 2271 207 2288 non
233 2260 313 2288 idem
333 2261 366 2286 in
392 2258 453 2286 hac
479 2269 512 2286 re
538 2260 800 2297 molestissimum,
836 2262 880 2289 Pb
901 2271 962 2290 non
981 2262 1017 2289 id
1034 2264 1069 2290 in
1088 2262 1147 2290 hac
1169 2274 1202 2291 re
1222 2263 1481 2296 molestissimum,
1508 2260 1569 2294 Mc,
1589 2259 1652 2294 F2,
1680 2263 1710 2286 ct
1735 2258 1839 2296 plures
1869 2255 1943 2284 Pall.

86 2318 147 2336 non
165 2308 250 2335 modo
269 2307 305 2335 id
322 2313 365 2335 est
384 2309 418 2335 in
437 2306 497 2334 hac
516 2316 549 2334 re
568 2309 824 2346 molestissimum,
844 2310 893 2337 Br.
915 2320 976 2337 non
995 2310 1031 2338 id
1048 2316 1090 2338 est
1110 2312 1144 2338 in
1164 2310 1223 2338 hac
1242 2320 1275 2337 re
1294 2310 1459 2345 molestum,
1480 2312 1511 2335 ct
1531 2316 1623 2344 marg.
1644 2306 1829 2344 adscriptum
1849 2305 1944 2332 solum

84 2359 119 2384 ut
138 2353 237 2382 textui
257 2353 462 2388 inserendum,
483 2354 567 2382 Uict.
588 2366 605 2383 a
624 2367 685 2383 non
704 2357 739 2385 id
756 2363 799 2385 est
819 2359 853 2386 in
873 2358 932 2386 hac
951 2368 983 2385 re
1002 2358 1099 2385 solum
1119 2358 1293 2394 molestam,
1314 2357 1338 2384 F
1357 2366 1368 2384 1
1392 2367 1453 2385 non
1473 2361 1517 2384 est
1537 2355 1636 2383 solum
1655 2356 1690 2383 in
1707 2353 1767 2381 lzac
1793 2364 1825 2381 re
1851 2350 1944 2379 mole-

84 2408 174 2431 stum.
192 2415 231 2423 --
257 2401 355 2439 quod)
381 2403 426 2440 χὸ
453 2412 553 2439 quam.
573 2418 611 2424 —-
640 2404 672 2432 in
693 2403 764 2444 qua)
790 2405 844 2434 Mb
871 2416 947 2444 qna,
973 2409 1019 2433 set
1045 2407 1079 2433 in
1106 2405 1356 2437 superscriptum.
1375 2420 1412 2426 -

1472 2451 1531 2482 13*
