2264 2746
286 80 399 111 XLVI
954 73 1486 104 PROLEGOMENA.

289 168 418 196 qnorum
439 156 471 183 in
491 154 560 182 aliis
582 153 741 182 codicibus
762 150 819 178 alia
840 148 925 177 sedes
946 153 1008 184 est,
1029 159 1156 187 prorsus
1178 149 1302 177 inutilia
1322 149 1413 178 etiam
1433 148 1513 185 sint,
1533 159 1599 177 mea
1619 149 1772 178 sententia
1793 148 1928 177 dubitari
1948 148 2066 187 nequit,
2087 148 2161 187 quin

289 207 325 234 ab
347 205 517 242 interprete
538 202 678 240 profecta
699 197 910 227 existumanda
930 197 1000 226 sint.
1039 197 1119 225 Loci
1141 196 1173 224 hi
1194 202 1280 224 sunt:

364 254 395 281 C.
417 252 503 279 Vlll.
524 248 614 288 §.19.
660 250 704 276 Tu
725 257 754 274 es
775 257 810 274 ex
832 247 1000 283 munii-ipio
1020 248 1246 284 antiquis-sumo
1271 245 1462 279 Tusculano,
1490 255 1525 272 ex
1545 255 1602 282 quo
1616 246 1785 283 plurumae
1803 245 1955 283 familiae
1973 251 2070 273 sunt
2090 255 2164 273 con-

291 303 427 334 salares,
448 302 481 328 iti
502 297 611 334 quihus
632 301 673 322 est
695 297 788 322 eliam
808 296 966 323 quentia.

366 359 415 386 Sic
436 365 538 384 omnes
559 354 626 381 sam.
648 351 757 379 tertiae
778 351 916 387 codices;
950 356 1056 379 contra
1076 351 1100 379 B
1121 357 1193 379 sunt
1215 355 1284 378 ante
1309 351 1477 387 plurumae
1496 348 1606 384 habet,
1634 349 1660 377 E
1681 354 1750 377 ante
1769 351 1928 388 familiae.
1968 350 2074 388 Itaque
2099 360 2163 379 non

293 406 432 436 dubitaui
455 404 485 431 id
507 402 632 429 uerbum
655 399 814 434 omittere,
836 399 917 436 quod
938 399 1038 433 uaria,
1060 409 1147 436 quam
1170 398 1279 433 habet,
1309 398 1379 425 sede
1400 396 1601 425 uehementer
1621 403 1795 436 suspectum
1816 408 1916 437 neque
1936 399 1972 426 ad
1993 398 2164 427 sententiae

294 455 502 492 integritatem
524 447 760 476 neccssariumst
780 451 810 474 et
830 447 866 474 ab
888 447 1112 485 interpretibus
1135 445 1320 484 saepissume
1342 444 1479 472 additum
1501 449 1619 472 constat
1640 455 1712 473 esse.

367 512 398 539 (¹.
420 507 546 537 XXIV.
567 504 592 544 §.
613 507 656 543 59.
695 505 761 542 Ego
782 515 854 532 uero
875 515 1065 543 quamquam
1093 505 1142 532 illi
1170 505 1274 532 omnia
1301 503 1383 530 malo
1411 512 1506 540 quam
1531 502 1625 538 mihi,
1657 509 1760 531 tamen
1787 505 1858 533 illc·
1882 504 2033 533 honorum
2059 505 2165 533 aditus

292 555 639 595 numquamsimiliores
659 554 784 590 optaui,
813 564 906 590 quam
926 553 1003 580 milti
1014 552 1160 590 suerunt.

364 616 414 643 sic
435 623 540 641 onmes
561 611 630 639 fani.
652 610 763 638 tertiae
785 610 923 647 codices3
959 622 975 639 a
996 611 1106 649 quibus
1129 609 1272 637 dissentit
1291 609 1333 643 Ε,
1369 610 1419 637 illi
1438 618 1609 647 pronomen
1631 614 1700 647 post.
1729 621 1898 648 numquam
1919 622 2054 649 ponens,
2090 615 2120 638 ct
2140 611 2165 638 Β

290 667 347 694 hoc
369 663 477 691 ordine
505 660 598 688 uerba
625 658 804 685 conlocans:
835 664 937 685 tranen
959 668 1128 695 numquam
1149 658 1199 685 illi
1216 657 1378 694 Jitcilt'oris·
1399 657 1548 684 hunorum
1574 657 1678 684 aditus
1709 662 1775 685 010..
1815 658 1855 685 Et
1884 669 2011 696 prorsus
2041 657 2165 696 quidem

293 712 405 740 uitiosa
433 711 482 737 illi
510 705 704 746 pronominis
732 706 904 733 conlocatio
933 710 1013 739 east,
1042 716 1131 743 quam
1161 705 1191 732 in
1221 706 1290 733 sam.
1312 704 1422 731 tertiae
1451 704 1608 732 codicibus
1630 704 1695 732 disi
1716 715 1789 733 csse.
1828 706 1906 734 Nam
1927 717 1994 735 cum
2016 706 2047 733 in
2068 706 2165 733 altero

288 759 425 787 nicmbro
447 763 550 784 lamen
569 753 754 791 —suermzl
776 753 970 791 praecipuam
993 753 1055 780 nim
1076 763 1137 780 11011
1159 762 1331 791 pronomen
1353 753 1439 787 illut,
1461 758 1506 780 set
1527 753 1621 780 uerba
1641 752 1791 780 houm-um
1811 754 1916 781 aditus
1935 753 2082 789 habeant,
2103 762 2167 780 non

289 807 338 835 illi
356 813 527 843 pronomen
549 806 594 829 set
615 800 789 827 necessario
811 801 905 828 uerba
926 800 1074 828 honorum
1104 802 1209 828 culillis*
1238 800 1387 828 continuo
1415 805 1486 838 post
1506 807 1610 828 lamen
1630 800 1715 838 sequi
1738 800 1860 828 debent.
1901 801 2036 829 Omnino
2064 805 2166 828 autem

288 863 351 881 11011
371 850 491 879 inutilis
516 854 651 883 tantuin,
672 858 780 875 nerunt
801 848 929 875 molesta
950 848 1041 875 etiam
1062 847 1258 886 pronominis
1280 848 1365 875 illius
1387 847 1559 883 iteratiost,
1589 858 1810 886 quemcumque
1837 848 1865 876 ei
1886 849 1987 877 locum
2007 848 2166 876 tribueris.

289 899 436 933 Accedit,
458 897 557 935 quod,
589 906 604 923 a
627 895 733 923 Tullio
755 895 780 922 si
801 895 909 922 suisset
930 896 1083 930 additum,
1111 906 1172 923 non
1195 895 1404 933 intellegitur,
1435 895 1487 933 qni
1508 896 1621 923 factum
1642 895 1698 931 sit,
1724 900 1758 923 ut
1777 900 1837 924 tam
1858 896 1974 924 uariam
1994 896 2027 924 in
2047 895 2167 924 codici-

288 948 344 975 bus
365 946 466 974 sedem
487 948 662 982 occuparet,
702 943 807 979 ltaque
828 942 894 970 sine
916 943 1108 971 dubitatione
1130 943 1306 971 eiciundum
1327 943 1445 982 putaui.

364 994 396 1022 C.
417 993 459 1021 X.
481 991 507 1031 §.
529 992 571 1020 26.
613 991 704 1027 Quot]
722 1001 789 1018 eum
809 991 998 1028 linquentem
1018 997 1133 1019 terram
1153 1002 1229 1026 enni,
1251 1002 1344 1030 quam
1364 998 1524 1027 seruarat,
1545 994 1657 1020 uotis
1676 991 1946 1030 omnibu-‘tque
1966 991 2166 1020 lacrumis

285 1043 444 1081 prosecuti
464 1046 545 1067 sunt.

363 1089 413 1117 Sic
434 1088 600 1116 Banaricus
621 1086 747 1122 seribit3
782 1085 975 1114 Erfurtcnsis
996 1088 1077 1114 nolis
1104 1087 1242 1114 ominibus
1269 1088 1488 1125 lacrimisque:
1516 1088 1650 1115 familiae
1680 1088 1792 1116 tertiae
1819 1088 1940 1115 codices
1967 1087 2032 1115 fere
2061 1095 2166 1113 omncs

288 1138 427 1166 lacrimis
447 1137 587 1172 uelis-(lue
615 1134 763 1162 omnihus.
803 1134 882 1161 Nam
910 1138 973 1161 tres
1001 1139 1120 1161 tantuin
1145 1134 1274 1161 l‘arisini
1305 1145 1340 1162 00
1363 1134 1549 1162 dissentiunt
1579 1146 1595 1162 a
1615 1135 1743 1173 reliquis
1763 1135 1897 1163 familiae
1918 1135 2027 1163 tertiae
2049 1133 2168 1162 codici-

288 1186 354 1220 bus,
376 1183 457 1222 quod
477 1181 627 1210 ominibus
648 1191 703 1218 pro
725 1181 864 1208 omnihus
885 1181 1033 1209 scribunt.
1073 1182 1290 1209 Lallcmandus
1311 1187 1422 1217 autem,
1443 1183 1529 1210 cuius
1551 1182 1587 1210 ad
1608 1182 1688 1210 hunc
1710 1184 1810 1211 locum
1832 1183 2060 1211 adnotationem
2080 1180 2166 1220 pari-

288 1238 336 1261 ter
357 1236 446 1268 atque
468 1229 658 1267 reliquorum
680 1227 834 1255 editorum
855 1234 998 1266 repetere
1026 1228 1077 1256 hic
1104 1229 1234 1257 nisumst
1261 1235 1291 1257 et
1319 1230 1350 1257 in
1379 1229 1472 1257 innnn
1498 1230 1666 1267 marginem
1695 1230 1813 1258 reicere
1833 1230 1875 1268 *),
1910 1240 1978 1257 cum
2006 1239 2101 1256 11011111
2129 1228 2166 1256 (10

289 1280 351 1307 suis
373 1277 530 1306 codicibus
560 1275 684 1303 eandem
706 1276 854 1314 praebere
883 1276 1065 1314 scripturali]
1095 1276 1185 1311 dicit,
1215 1288 1302 1314 quam
1330 1278 1407 1305 salso
1430 1278 1582 1305 Gracuius
1612 1278 1643 1305 in
1664 1278 1731 1306 Erf.
1753 1277 1886 1316 reperiri
1909 1277 2045 1311 dixerat,
2074 1277 2167 1310 notis,

290 1326 459 1359 omlnilnm,
491 1325 706 1361 law-imisque,
735 1323 870 1351 minume
897 1324 1126 1352 existumandus
1156 1329 1201 1351 est
1228 1324 1286 1352 hoc
1314 1325 1416 1352 dicere
1447 1325 1600 1360 noluisse,
1628 1326 1759 1353 eundem
1782 1325 1948 1353 uerborum
1970 1323 2110 1350 ordinem
2130 1322 2164 1350 in

290 1385 350 1403 uno
372 1374 408 1402 de
429 1373 492 1401 suis
513 1371 643 1407 offendi,
664 1371 716 1409 qui
737 1371 770 1399 in
791 1372 858 1400 Erf.
878 1372 928 1408 sit,
948 1377 995 1400 set
1014 1371 1198 1410 scripturam
1218 1372 1369 1400 ominibus
1388 1372 1480 1400 unius
1501 1373 1538 1401 de
1558 1373 1620 1401 suis
1643 1373 1801 1402 codicibus
1822 1373 2006 1402 auctoritate
2027 1380 2162 1409 conpro-

359 1506 381 1537 *)
400 1504 548 1535 Lacrimis,
568 1504 652 1534 uotis,
671 1501 855 1535 ominibusque
868 1500 1008 1535 prosecuti
1025 1500 1099 1533 sunt]
1120 1500 1164 1525 Sic
1186 1500 1334 1534 legendum,
1353 1511 1403 1528 non
1422 1503 1544 1537 uotisque
1562 1502 1691 1527 omnibus.
1728 1503 1822 1528 Horat.
1842 1502 1886 1526 od.
1906 1501 1931 1526 5.
1950 1501 1996 1526 lib.
2017 1499 2055 1524 sn:
2078 1498 2162 1531 Uotis,

290 1549 480 1583 ominibusque,
500 1553 525 1572 et
539 1548 663 1581 precihus
681 1551 769 1571 uocat.
806 1546 908 1579 Quodsi
929 1546 985 1579 quis
1003 1546 1075 1570 malit
1094 1546 1129 1570 ita
1149 1546 1209 1577 legi,
1227 1546 1306 1575 uotis,
1325 1545 1452 1581 bonisque
1471 1548 1610 1580 ominibus,
1628 1558 1679 1573 non
1698 1548 1863 1581 repugnabo;
1883 1551 1923 1569 set
1941 1545 2042 1577 longius
2061 1544 2162 1568 disces-

290 1594 352 1619 serit
378 1593 409 1617 ab
435 1594 542 1626 antiqua
567 1593 706 1626 scriptura.
740 1592 952 1616 LAMBJNI‘S.
988 1591 1148 1616 Erfurtensis
1177 1591 1260 1622 uotis,
1284 1591 1429 1623 ominibus,
1454 1592 1626 1627 lacrimisque
1651 1593 1714 1625 [uon
1740 1594 1774 1617 ita
1804 1591 1924 1623 scribiq,
1953 1598 2032 1622 quem
2057 1596 2162 1622 sequor.

292 1639 498 1664 GRAEUIUS.
536 1637 666 1662 Graeuius
690 1637 758 1660 bene
787 1645 799 1659 e
821 1636 879 1660 cod.
904 1636 957 1662 Ert‘.
983 1636 1067 1666 uotis,
1094 1635 1241 1668 ominibus,
1267 1635 1396 1660 lacrimis.
1433 1636 1567 1662 Sollemne
1594 1638 1707 1662 librariis
1733 1637 1804 1661 uotis
1827 1634 1948 1660 erunibus
1971 1633 2087 1658 scribere
2111 1642 2159 1666 pro

292 1684 378 1713 uotis,
395 1681 537 1707 ominibus.
573 1682 795 1705 ERNESTJUS.
836 1681 927 1711 Uotis,
956 1680 1103 1711 ominibus,
1132 1680 1314 1714 lacrimisque]
1351 1681 1390 1705 Ita
1411 1680 1519 1706 Graeuii
1540 1683 1597 1707 cod.
1615 1683 1668 1707 Erf.
1689 1687 1715 1706 et
1733 1690 1797 1706 unus
1818 1689 1831 1704 e
1850 1679 1960 1711 nostriS,
1986 1678 2065 1711 idque
2083 1686 2162 1710 prae-

292 1733 341 1753 stat
360 1728 481 1760 uolgato⁷
502 1725 638 1756 lacrimis,
661 1726 783 1759 uotisque
800 1725 930 1750 vmnibus.
961 1726 1263 1750 LALLEMANDL'S.
1293 1725 1373 1750 Certe
1393 1725 1502 1750 absurda
1522 1736 1575 1751 non
1597 1732 1651 1751 erat
1671 1726 1790 1758 uolgata3
1808 1730 1848 1749 set
1868 1725 1935 1748 haec
1955 1729 2039 1747 tamen
2059 1723 2160 1754 melior,

291 1773 413 1797 Bentleio
433 1780 538 1805 quoque
558 1770 662 1801 iudice,
682 1779 758 1802 quem
780 1771 884 1794 0111111110
906 1770 1014 1793 consule
1034 1770 1066 1794 ad
1085 1770 1179 1795 Horat.
1196 1770 1242 1795 IV.
1261 1770 1348 1795 carm.
1366 1771 1390 1800 5,
1413 1771 1460 1795 15..
1496 1772 1640 1796 Facilluma
1659 1770 1817 1804 permutatio
1836 1769 1898 1797 suit,
1918 1767 1949 1791 de
1968 1776 2018 1801 qna
2038 1767 2160 1792 Dukerus

293 1818 325 1843 ad
342 1817 401 1841 Liu.
421 1815 530 1845 XXIX,
558 1823 609 1841 10..
646 1815 893 1839 GARATONHVS
910 1814 931 1839 Ι.
967 1814 1044 1838 Duae
1069 1820 1126 1839 sunt
1151 1816 1175 1839 in
1195 1815 1330 1839 codicibus
1348 1815 1491 1840 lectiones:
1514 1817 1610 1846 altera,
1637 1825 1705 1848 quae
1724 1814 1819 1839 merito
1838 1812 2005 1845 repudiatur,
2031 1812 2160 1844 lacrimis,

292 1861 413 1894 uotisque
432 1859 565 1889 omnibus,
592 1859 691 1889 altera,
716 1868 784 1892 quae
802 1859 939 1892 probatur,
965 1859 1050 1889 uotis,
1078 1858 1225 1889 ominibus,
1252 1858 1438 1893 lacrimisque,
1467 1861 1497 1885 ab
1517 1860 1668 1885 Ert'nrtense
1695 1864 1720 1883 ct
1738 1857 1903 1882 Lallemandi
1929 1857 2012 1881 altero
2041 1862 2160 1891 accepta.

293 1907 358 1931 Cum
383 1905 409 1929 in
436 1905 484 1928 hac
509 1904 584 1928 facile
613 1903 806 1937 adquieuerim,
832 1908 971 1927 conmouet
998 1913 1038 1928 me
1064 1914 1132 1929 nunc.
1158 1904 1256 1937 optumi
1281 1905 1380 1928 codicis
1398 1905 1518 1930 Banarici
1545 1904 1717 1938 (lepranati‘o‚
1740 1902 1810 1926 uatis
1835 1901 2007 1935 omnibusque
2029 1902 2160 1931 lacrimis.

292 1951 360 1975 Uide
381 1950 478 1973 etenim
496 1949 521 1972 in
540 1948 634 1972 talibus
660 1949 787 1972 librorum
807 1947 939 1971 erroribus
965 1949 1092 1973 contineri
1118 1949 1259 1981 aliquando
1279 1949 1392 1973 ueriora.
1431 1950 1501 1981 Quid
1522 1959 1599 1983 ergo,
1623 1950 1644 1974 si
1664 1958 1715 1973 uox
1734 1947 1868 1974 lacrimis,
1887 1955 1953 1978 quae
1971 1947 2061 1971 sedem
2080 1947 2160 1972 habet

291 1994 429 2023 incertam,
448 1992 560 2017 delenda
578 1993 628 2017 sit'?
648 1993 715 2017 Tum
737 1997 851 2025 optuma,
868 1997 893 2016 et
913 2002 925 2016 a
945 1993 1096 2018 melioribus
1115 1993 1187 2018 libris
1206 1993 1368 2025 conprobata
1387 1993 1467 2018 lectio
1486 2000 1607 2025 restaret,
1625 1994 1694 2028 quod
1711 2001 1769 2017 eum
1788 1991 1953 2024 linquentem
1971 1995 2072 2015 terram
2091 2000 2159 2021 eam,

293 2047 372 2072 quam
391 2041 566 2067 seruauerat,
593 2037 663 2060 uotis
687 2036 868 2070 ominibusque
883 2038 1020 2070 prosecuti
1037 2043 1108 2062 sunt.
1143 2038 1286 2062 Lambinus
1312 2038 1361 2062 iam
1382 2039 1550 2064 intellexerat
1568 2048 1615 2071 pro
1642 2037 1763 2070 uotisque
1788 2035 1909 2060 onznibus
1934 2036 2074 2067 legendum
2102 2045 2158 2061 esse

293 2082 362 2107 uotis
381 2081 572 2115 ominibusque.
610 2082 656 2106 Set
677 2091 733 2106 cum
755 2082 928 2106 lacrimarum
946 2083 1048 2107 uideam
1068 2088 1240 2116 opportunam
1259 2091 1315 2106 esse
1335 2083 1508 2115 mentionem,
1532 2083 1596 2108 1111111
1614 2087 1695 2106 muto.
1731 2081 1843 2106 Tantum
1863 2081 1998 2114 suspicor,
2025 2081 2051 2104 iu
2070 2080 2158 2105 Baua-

292 2128 348 2152 rico
366 2135 459 2151 uocem
478 2126 597 2151 lacrimis
617 2126 703 2150 alieno
721 2127 782 2151 loco
802 2127 879 2151 fuisse
899 2128 1051 2160 repositam,
1077 2136 1134 2151 cum
1154 2132 1229 2151 antea
1248 2127 1383 2160 superiore
1402 2128 1545 2159 deciderit,
1572 2127 1670 2151 deinde
1689 2125 1826 2158 marginem
1847 2125 1994 2158 occuparit,
2019 2125 2157 2158 periteque

292 2172 318 2196 id
345 2171 510 2195 emendatum
536 2172 562 2196 in
580 2171 732 2195 Erturtense
760 2172 848 2196 fuisse.
883 2172 919 2196 Ita
939 2172 1110 2196 Lambiniana
1136 2172 1190 2205 ipsa
1216 2172 1297 2195 lectio
1323 2172 1509 2199 conficeretur3
1543 2180 1608 2204 quae
1635 2170 1748 2202 denique
1772 2178 1823 2193 0οο
1852 2169 1939 2194 differt
1962 2170 2011 2194 nisi
2030 2170 2123 2194 ordine
2143 2180 2157 2195 a

294 2216 453 2241 Graeuiana.
489 2216 736 2241 GARATONJUS
762 2216 795 2240 II.
831 2217 958 2249 Optumus
983 2226 1043 2241 sane
1071 2216 1161 2241 ordost
1180 2216 1379 2240 Lanibinianus:
1413 2215 1546 2246 lacrimis,
1571 2215 1642 2239 uotis
1665 2212 1862 2247 ominibusque,
1896 2223 1972 2247 quem
2000 2215 2156 2247 recepimus.

292 2261 434 2286 Lacrimas
452 2261 562 2294 primum
582 2261 706 2284 mouebat
732 2260 809 2284 dolor
829 2261 862 2284 ob
883 2261 948 2285 Mari
967 2262 1064 2293 sngamz
1096 2261 1143 2284 has
1168 2269 1232 2284 nero
1251 2261 1352 2292 statim,
1379 2260 1511 2286 desiderio
1531 2268 1560 2283 ac
1586 2268 1631 2291 spe
1649 2258 1765 2289 reditus,
1794 2264 1856 2283 ncta
1876 2259 2015 2291 omittaqne
2036 2259 2156 2292 excipie-

292 2306 363 2335 bant,
383 2315 449 2338 quae
469 2305 558 2329 nescio
578 2305 709 2337 quomodo
729 2303 840 2327 lacrimis
858 2310 947 2336 postea
967 2305 1067 2329 obortis
1086 2305 1194 2329 fuissent
1212 2307 1349 2330 funestata.
1385 2305 1441 2337 Que
1460 2313 1517 2328 cnm
1536 2304 1567 2329 ab
1592 2303 1710 2327 omnibus
1730 2303 1865 2328 codicibus
1883 2308 2011 2334 seruetur,
2029 2312 2081 2328 non
2099 2307 2154 2327 erat

294 2358 339 2374 cur
357 2349 388 2374 ab
407 2349 528 2373 Ernestio
548 2354 574 2372 et
593 2348 716 2373 Schutzio
736 2348 913 2372 induceretur.
949 2349 1077 2374 Graeuius
1103 2350 1170 2374 enim
1194 2351 1275 2374 habet
1299 2349 1484 2383 lacrimisque5
1513 2353 1538 2372 et
1558 2353 1630 2372 recte
1655 2348 1709 2372 inm
1726 2348 1752 2373 in
1769 2353 1858 2372 nostra
1884 2347 1999 2372 lectione
2022 2347 2075 2372 duo
2095 2353 2154 2372 tau-

293 2399 345 2418 tum
365 2393 478 2417 membra
493 2393 542 2417 sibi
561 2398 741 2425 opponuntur,
762 2393 870 2417 alterum
891 2393 1034 2425 lacrimae,
1055 2395 1165 2419 alterum
1185 2399 1249 2418 uela
1268 2393 1416 2427 oniinaque.
1452 2393 1651 2418 ORELLIUS.
