2264 2746
237 89 289 116 102
874 80 1450 111 COMMENTARIUS.

238 156 327 188 ctiua
357 157 533 190 coniuncta
560 156 790 200 metaphorico
816 167 915 188 sensu
943 161 1106 199 usurpata
1135 166 1226 194 esse,
1262 156 1372 188 multo
1394 157 1506 189 minus
1529 162 1642 188 autem
1664 156 1797 188 indicia
1818 161 1876 186 aut
1898 154 2010 186 solida
2031 163 2109 184 um-

239 220 339 251 quam
361 217 419 242 aut
443 224 600 255 expressa
622 211 689 242 sint
702 209 799 249 dicta,
823 215 940 240 contra
959 208 1243 251 frequentissume
1266 209 1370 251 signa
1391 210 1578 252 similisque
1600 207 1853 251 significationis
1874 206 1978 238 uerba
1999 206 2110 238 solida

239 269 272 294 et
294 276 452 307 expressa
476 264 644 302 dicautur,
672 273 776 304 eaque
799 261 872 305 ipsa
893 262 1058 294 adiectiua
1081 267 1119 293 ut
1142 261 1196 292 hic
1219 272 1354 304 quoque
1376 262 1417 293 ad
1440 263 1582 294 uerbum
1607 264 1711 305 signa
1731 259 1937 300 referamus,
1968 269 2110 301 sequeu-

238 316 286 347 tia
316 329 382 348 noa
405 316 534 359 fucata
555 333 597 338 —-
622 316 785 348 ueritatis
814 314 992 346 manifesto
1021 314 1214 357 postulent:
1258 314 1416 356 equidem
1445 316 1579 347 nullum
1610 314 1786 346 dubitandi
1821 314 1934 345 Iocum
1965 309 2113 352 relinqui

239 369 357 410 credo,
393 369 473 411 quin
497 367 669 400 Ciceronis
700 368 807 399 oratio
830 368 870 399 ab
895 367 1138 410 interpretibus
1167 366 1388 409 interpolata,
1426 379 1531 410 eaque
1553 380 1590 399 re
1614 379 1699 410 quae
1724 366 1828 398 uerba
1850 363 2035 407 antiquitus
2057 373 2114 394 co-

239 424 419 455 haeserunt
439 421 634 452 arctissuma
656 433 811 465 pessume
840 433 859 452 a
881 433 915 453 se
939 421 1088 452 diiuncta
1113 420 1191 451 sint.
1238 419 1436 451 Ciceronem
1459 428 1571 453 autem
1596 421 1643 453 ita
1671 421 1757 452 mihi
1779 422 2011 463 persuasumst
2032 414 2116 446 scri-

243 476 366 518 psisse:
391 473 504 516 Atqui
525 474 607 506 llaec
628 481 725 514 sunt,
748 475 900 513 iudices,
926 474 1039 506 solida
1062 478 1094 505 et
1116 485 1277 516 expressa
1299 473 1403 516 signa
1425 474 1628 517 probitatis,
1653 472 1864 517 nonfueata
1877 469 2017 514 forensi
2040 479 2116 512 spe-

245 528 310 566 cie,
348 532 397 557 set
426 526 620 558 domesticis
652 529 770 560 inusta
798 528 888 560 notis
919 527 1094 559 ueritatis.
1140 526 1236 566 Quae
1259 526 1425 568 scriptura
1449 532 1547 568 'quam
1575 527 1707 569 egregie
1732 531 1765 557 et
1786 525 1862 556 usui
1885 521 2064 555 conueniat
2085 527 2119 553 et

244 579 345 611 totius
368 578 434 609 loci
456 579 656 619 sententiae,
687 581 722 612 in
745 586 941 624 promptust
963 579 1091 610 uidere.
1138 577 1209 610 Cfr.
1234 579 1303 610 Cic.
1327 591 1390 622 pro
1413 580 1462 611 M.
1488 579 1601 610 Caelio
1624 580 1677 618 V,
1704 589 1752 610 12.
1786 577 1925 610 Habuit
1947 576 2038 609 enim
2059 575 2118 607 ille

240 632 414 676 permulta
436 644 677 665 maxumarum
701 646 767 665 non
799 644 1006 676 expressa
1033 633 1185 675 signa,
1223 637 1274 663 set
1296 632 1503 664 adumbrata
1528 633 1714 664 uis-tatum.
1744 630 1780 661 in
1804 630 1940 662 Consol.
1963 640 1998 672 p.
2026 627 2118 660 1181·

241 683 293 715 ed.
317 684 401 715 Ern.
424 685 468 716 In
488 698 556 729 qua
582 686 758 730 molificta
781 693 813 719 et
836 684 1062 723 adumbrata,
1101 690 1141 716 ut
1171 685 1206 715 in
1235 685 1375 724 multis,
1408 691 1459 716 set
1481 695 1641 716 maxume
1671 684 1815 716 solida
1845 689 1884 716 et
1915 693 2118 726 expressa

241 737 435 769 uirtutis
464 738 616 770 elucebat
645 739 850 783 effigies.
888 738 929 769 de
954 737 1023 770 Off.
1047 738 1113 776 ΙΙΙ,
1147 748 1199 779 17,
1227 737 1278 779 69.
1311 738 1370 770 Set
1393 750 1453 770 nos
1476 738 1552 769 ueri
1574 737 1663 769 iaris
1684 747 1937 780 germanaeque
1962 734 2120 766 iustitiae

241 790 435 822 solidam
464 796 502 822 et
532 803 776 834 expressam
803 791 1016 835 effigiem
1047 791 1183 823 millam
1214 796 1385 822 tenemus.-
1418 790 1540 822 umbra
1569 796 1602 821 et
1633 788 1845 833 imaginibus
1874 788 2016 820 utimur.
2052 798 2119 830 pro

239 843 348 875 Arch.
376 849 467 884 poet.
500 844 585 883 XII,
622 844 673 875 50.
703 843 761 876 An
792 857 870 876 cum
895 851 1032 877 statuas
1060 850 1092 877 et
1115 843 1305 886 imagines,
1341 855 1408 874 noti
1436 844 1632 875 animorum
1654 842 1843 874 simulacra
1867 846 1918 873 set
1940 851 2120 884 corporum

241 897 393 928 studiose
420 896 524 928 multi
553 897 678 928 summi
709 896 861 929 homines
892 898 1127 941 reliquerunt:
1168 897 1391 928 consiliorum
1418 908 1459 927 ac
1487 896 1662 927 uirtutum
1684 900 1883 927 nostrarum
1912 893 2120 938 effigiem

241 961 351 981 norme
373 950 481 981 multo
503 950 607 982 malle
629 949 786 981 debemus
808 951 951 982 snmmis
974 950 1125 994 ingeniis
1149 961 1395 993 expressam
1416 954 1449 980 et
1466 949 1644 991 politam?
1667 948 1708 979 de
1723 949 1802 979 Nat.
1819 948 1924 978 Deor.
1944 947 1970 986 I,
1993 957 2044 988 27,
2069 946 2120 988 75·

241 1002 331 1033 Illut
360 1003 460 1034 uideo
484 1014 647 1046 pugnare
673 1007 722 1040 te,
756 1003 883 1045 species
912 1008 950 1034 ut
983 1003 1151 1046 quaedam
1173 1003 1221 1034 sit
1243 1002 1401 1040 deorum,
1439 1013 1526 1045 qliae
1547 1002 1639 1033 nihil
1660 1001 1809 1033 concreti
1831 999 1973 1039 habeat,
2005 998 2120 1031 nihil

243 1055 400 1093 solidi,
423 1055 537 1086 nihil
557 1055 777 1098 expressi,
801 1056 891 1087 nillil
911 1057 1102 1094 emineatis,
1126 1061 1206 1086 ete..
1251 1054 1330 1086 Sola
1353 1054 1433 1085 haec
1456 1054 1613 1097 exempla
1634 1054 1691 1085 uel
1717 1065 1772 1085 me
1794 1065 1863 1085 non
1885 1057 2046 1084 monente
2067 1062 2122 1083 sa·

243 1106 285 1138 tis
309 1107 495 1146 docebunt,
525 1108 628 1149 signa
652 1106 717 1137 dici
741 1107 870 1146 solida,
902 1119 986 1149 quae
1009 1119 1053 1139 ex
1075 1107 1215 1138 materia
1245 1112 1336 1137 arcte
1359 1112 1392 1137 et
1414 1105 1558 1138 firmiter
1581 1107 1781 1138 cohaerente
1800 1112 1971 1146 constent,
2009 1110 2043 1136 et
2064 1116 2123 1137 ex-

241 1172 378 1203 pressa,
417 1171 502 1202 quae
533 1160 674 1201 figuram
703 1159 839 1201 plenam
877 1170 914 1190 ac
943 1160 1091 1202 singulas
1123 1160 1193 1192 eius
1226 1159 1331 1203 partis
1361 1159 1539 1191 eminentis
1569 1166 1602 1191 et
1634 1160 1828 1203 perspicuas
1858 1162 2123 1202 repraesentent.

245 1212 416 1243 Continuo
439 1211 568 1243 facilest
596 1211 788 1251 intellectu,
817 1213 1174 1244 accommodatissume
1197 1212 1249 1243 his
1271 1212 1445 1243 adiectiuis
1468 1212 1692 1255 respondere,
1718 1224 1802 1254 quae
1823 1210 2038 1243 accuratioris
2061 1221 2125 1241 ex-

244 1265 435 1307 plicationis
458 1276 570 1295 caussa
592 1276 610 1295 a
634 1265 797 1296 Cicerone
818 1264 932 1296 addita
954 1271 1049 1304 sunt,
1079 1278 1145 1297 non
1160 1264 1292 1309 fucata
1306 1265 1447 1308 forensi
1469 1266 1593 1308 specie,
1626 1271 1676 1297 set
1698 1267 1892 1298 domesticis
1917 1266 2035 1296 inusta
2057 1275 2119 1296 no-

247 1318 291 1349 tis
322 1318 493 1349 ueritatis.
536 1317 590 1349 Ac
616 1317 787 1360 prioribus
819 1317 977 1359 quidem,
1010 1331 1079 1350 non
1098 1318 1229 1362 fucata
1247 1317 1389 1361 forensi
1416 1319 1545 1362 specie,
1576 1317 1754 1349 manifesto
1779 1318 1993 1361 explicantur
2020 1317 2125 1360 signa

247 1382 418 1413 expressa,
460 1371 551 1402 Nam
572 1376 610 1401 ut
632 1382 774 1413 corpora
797 1382 1025 1412 maxumeque
1045 1372 1159 1403 uoltus
1184 1371 1343 1402 dicuntur
1356 1371 1489 1415 fucati,
1514 1370 1572 1412 qui
1595 1370 1731 1402 obducti
1754 1376 1832 1402 sunt
1853 1370 1967 1412 aliqua
1987 1380 2036 1409 re,
2059 1380 2126 1412 qua

246 1434 347 1453 uerus
374 1434 492 1454 eorum
514 1423 646 1455 habitus
669 1434 706 1453 ac
728 1422 838 1454 forma
861 1424 1063 1464 occultetur,
1096 1425 1143 1456 sic
1165 1424 1258 1467 signa
1271 1423 1403 1467 fucata
1424 1429 1503 1455 sunt
1526 1435 1592 1455 non
1615 1436 1793 1467 expressa,
1826 1423 1994 1465 siquidem
2014 1421 2125 1466 specie

246 1475 323 1514 illa,
352 1486 416 1517 qua
439 1482 517 1506 sunt
539 1475 700 1515 obducta,
739 1476 898 1516 eflicitur,
935 1482 972 1508 ut
1003 1477 1214 1519 singularum
1241 1476 1390 1519 partium
1422 1474 1532 1507 forma
1561 1482 1714 1507 accurate
1738 1477 1893 1519 cognosci
1915 1487 1983 1508 11011
2006 1476 2124 1519 possit.

249 1528 377 1559 Contra
406 1527 527 1559 solidis
550 1529 662 1571 signis
691 1529 899 1572 respondent
921 1530 1105 1573 aptissume
1137 1529 1332 1562 domesticis
1355 1529 1474 1561 inusta
1495 1530 1586 1561 notis
1610 1530 1788 1568 ueritatis,
1818 1529 1852 1560 id
1877 1535 1926 1561 est
1947 1528 2125 1570 eiusmodi,

248 1581 369 1623 quibus
391 1580 534 1611 firmiter
555 1581 726 1623 inpressae
749 1590 829 1615 sunt
851 1583 1053 1614 domesticae
1075 1589 1175 1614 notae
1203 1581 1366 1613 ueritatis.
1412 1581 1710 1622 Quemadmodum
1736 1588 1848 1613 autem
1868 1582 2026 1626 forensis
2048 1595 2125 1627 spe-

249 1635 315 1665 cies
337 1639 386 1664 est
408 1639 566 1673 externa,
599 1646 664 1676 qua
685 1633 816 1667 fallitur
838 1636 985 1678 populus
1010 1636 1216 1678 omninoque
1238 1635 1281 1676 ii,
1313 1634 1434 1677 quibus
1456 1646 1525 1667 non
1551 1636 1631 1666 licet
1653 1635 1840 1667 adtrectare
1863 1635 2125 1679 diligentiusque

250 1685 460 1717 considerare
476 1685 589 1728 signa,
616 1687 663 1718 510
685 1689 889 1721 domesticae
910 1695 1012 1721 notae
1035 1691 1196 1722 ueritatis
1218 1694 1298 1720 sunt
1319 1688 1482 1727 internae,
1507 1688 1628 1730 quibus
1650 1699 1732 1719 uere
1755 1688 1909 1730 cognosci
1930 1689 2024 1731 signa
2043 1700 2125 1732 pos-

250 1745 338 1770 sunt.
358 1757 400 1763 —
445 1739 532 1770 Cum
554 1741 685 1783 egregie
707 1741 907 1773 sententiam
932 1754 975 1774 ex
997 1749 1112 1774 nostra
1135 1741 1370 1774 emendatione
1394 1741 1580 1784 procedere
1603 1740 1919 1781 demonstrarimus,
1952 1753 2058 1774 unum
2079 1742 2125 1774 11-

251 1792 302 1823 lut
331 1803 471 1824 monere
500 1799 623 1832 restat,
657 1794 827 1836 quomodo
860 1795 1039 1838 deprauari
1068 1797 1213 1839 genuina
1242 1806 1361 1827 manus
1394 1793 1566 1826 Ciceronis
1598 1799 1776 1836 tantopere
1803 1794 1964 1837 potuerit.
2007 1796 2125 1839 Atque

253 1845 316 1876 hoc
338 1845 474 1887 quidem
496 1845 607 1887 quiuis
630 1846 819 1890 intelleget,
845 1849 987 1880 uerbum
1006 1850 1138 1882 indicia
1161 1846 1354 1892 explicandi
1377 1847 1481 1890 signa
1503 1857 1616 1877 caussa
1638 1845 1830 1888 adpositum
1853 1858 1933 1878 esse.
1979 1848 2016 1879 Id
2040 1861 2123 1881 uero

253 1909 329 1929 cum
354 1904 438 1929 esset
460 1909 479 1928 a
500 1898 647 1931 librariis
670 1912 709 1931 eo
732 1900 824 1939 loco,
859 1913 924 1943 quo
949 1908 1042 1933 extat
1064 1902 1100 1932 in
1123 1901 1310 1939 codicibus,
1344 1905 1518 1942 receptum
1540 1909 1684 1941 cumque
1706 1909 1745 1929 eo
1768 1898 1933 1929 adiectiua
1957 1900 2068 1933 solida
2091 1907 2126 1934 et

252 1963 412 1994 expressa
432 1951 619 1990 coniuncta,
641 1953 854 1996 pronominis
868 1955 951 1987 haec
971 1955 1099 1986 additio
1122 1953 1163 1985 ad
1186 1954 1370 1985 sententiae
1393 1952 1621 1994 integritatem
1643 1950 1826 1982 necessaria
1848 1950 1989 1984 debebat
2003 1953 2124 1987 uideri.

338 2004 468 2035 Fac-ilis
491 2010 541 2035 est
563 2006 627 2037 illa
651 2007 842 2038 occursatio
865 2014 898 2039 et
921 2008 1094 2040 blanditia
1111 2007 1311 2052 popularis)
1357 2008 1444 2039 Cum
1473 2005 1509 2036 in
1531 2002 1802 2036 antecedentibus
1829 2002 1947 2035 Cicero
1970 2006 2124 2048 probita-

254 2062 323 2088 tem
344 2055 490 2086 hominis
514 2056 654 2089 dixisset
678 2070 721 2090 ex
745 2072 783 2091 eo
807 2060 1084 2092 luculentissunie
1106 2072 1284 2103 apparere,
1308 2060 1336 2092 si
1360 2059 1434 2102 quis
1457 2070 1533 2090 cum
1556 2056 1756 2100 propinquis
1778 2061 1811 2087 et
1834 2058 2028 2091 necessariis
2049 2071 2125 2092 ma-

254 2107 367 2140 xumis
389 2109 511 2140 amoris
534 2110 654 2142 uinclis
677 2112 809 2145 iunctus
834 2119 937 2153 esset,
974 2112 1120 2155 ideoque
1141 2125 1281 2145 suorum
1303 2124 1453 2145 amorem
1479 2123 1516 2142 ac
1536 2109 1762 2142 reuerentiam
1783 2109 1930 2151 aliquem
1955 2112 2124 2154 probitate

255 2167 385 2193 tantum
409 2161 586 2193 conciliare
611 2164 674 2195 sibi
696 2177 793 2208 posse
819 2166 1036 2198 ostendisset:
1061 2166 1243 2209 aptissmne
1266 2178 1342 2198 eum
1366 2171 1459 2209 patet
1480 2164 1527 2196 sic
1547 2173 1706 2207 pergere,
1730 2167 1768 2192 ut
1791 2161 1894 2201 dicat,
1926 2163 2060 2197 Facilis
2080 2182 2124 2189 —-

251 2213 452 2258 popularis,
486 2213 549 2244 hoe
571 2227 685 2249 sensu:
723 2218 852 2251 facilest
874 2220 1002 2263 populo
1026 2231 1200 2251 occursare
1230 2226 1263 2251 et
1285 2218 1462 2251 blanditias
1485 2217 1612 2255 dicere,
1651 2214 1770 2257 quibus
1793 2213 1946 2246 fauorem
1969 2216 2039 2249 eius
2061 2217 2124 2250 tibi

256 2265 428 2304 concilies,
462 2265 497 2296 id
526 2273 589 2306 est,
625 2268 753 2302 facilest
782 2272 908 2304 ciuium
941 2271 1213 2305 beneuolentiam
1241 2271 1413 2303 blanditiis
1444 2276 1478 2301 et
1500 2266 1703 2300 occursando
1727 2267 1911 2309 conligere,
1947 2268 2026 2300 licet
2049 2270 2122 2312 quis

256 2330 338 2351 uera
359 2319 486 2350 uirtute
513 2330 580 2350 non
603 2321 645 2352 sit
666 2323 849 2364 praeditus.
892 2327 984 2358 Hinc
1005 2333 1126 2370 sponte
1150 2325 1376 2367 intellegitur,
1405 2322 1654 2355 alienissumam
1681 2331 1751 2352 esse
1774 2320 1859 2352 Baki
1884 2320 2120 2364 coniecturam,

258 2384 320 2416 pro
333 2370 460 2415 facilis
481 2372 712 2416 legifrctgilis
734 2376 890 2411 iubentis.
