2264 2746
266 97 361 126 XLII
947 89 1476 118 PROLEGOMENA.

267 183 393 213 prorsus
414 170 588 203 conferant,
609 167 644 195 ab
667 167 836 203 interprete
857 163 975 191 adiecta
996 173 1078 198 esse,
1099 163 1135 190 ab
1157 163 1240 191 omni
1262 164 1490 202 probabilitatis
1511 164 1613 203 specie
1634 164 1790 210 abhorret.
1828 166 1869 194 Et
1889 171 1995 203 quarto
2017 167 2139 205 quidem

268 223 298 249 in
323 222 388 248 loco
410 217 639 249 mouendumst,
667 213 905 242 Ambrosianum
927 211 1017 238 etiam
1039 222 1106 240 cnm
1128 213 1151 240 B
1173 217 1203 240 et.
1223 212 1250 240 E
1271 217 1327 240 aut
1348 211 1475 248 addere—3
1504 223 1563 250 qno
1583 213 1684 241 minus
1705 213 1779 251 quin
1800 213 1966 250 genuinum
1986 214 2026 242 sit
2047 214 2140 242 dubi-

268 270 327 299 tari
350 271 459 306 potest.
503 264 580 291 t'idc
601 272 676 299 quae
698 262 734 289 L.
756 262 779 288 Ι.
801 261 834 289 C.
857 260 913 288 III.
935 258 961 299 ἕ.
987 269 1009 287 1.
1041 260 1186 288 diximus.
1225 260 1261 287 In
1281 260 1375 287 tertio
1398 260 1466 287 loco
1489 270 1668 299 quamquam
1688 272 1750 289 non
1771 262 1871 289 minus
1892 267 2060 298 certumst,
2079 264 2142 291 ali-

270 316 393 356 quando
414 312 592 352 particulam
614 309 793 346 interpretis
815 319 880 336 csse
900 317 963 335 non
984 318 1088 345 posse,
1110 313 1211 335 tamen
1232 308 1263 335 in
1285 318 1350 335 eam
1371 309 1439 345 quis
1460 308 1575 337 incidat
1595 309 1790 347 opinionem,
1818 309 1897 337 idem
1919 308 1986 344 hic,
2007 310 2089 348 quod
2109 310 2141 338 in

272 365 346 393 loeis
368 362 448 395 illis,
478 360 513 386 de
535 358 644 395 quibus
666 357 698 383 in
720 356 811 384 initio
834 356 925 384 huius
947 356 1094 383 sectionis
1116 355 1331 393 exposuimus,
1358 356 1471 384 sactum
1493 367 1568 385 esse.
1608 357 1686 385 Satis
1708 357 1789 384 enim
1811 362 1876 385 crat
1897 357 2029 385 dixisse:
2064 363 2093 385 et
2114 363 2142 385 le

272 414 314 441 (ul
334 419 473 439 caussam
500 405 671 442 aliqnando
701 405 850 433 deduz-ere
871 403 991 431 omissis
1012 403 1116 431 uerbis
1138 405 1321 441 crimenque.
1360 405 1449 433 Patet
1468 405 1526 433 hoc
1548 405 1597 434 uel
1618 416 1657 433 cx
1677 405 1711 433 C.
1733 405 1809 432 XV.
1829 402 1856 443 §.
1877 404 1940 439 3G.‚
1969 403 2021 431 ubi
2043 408 2145 431 orator

273 461 308 489 de
330 458 432 486 eadem
452 464 484 481 rc
506 453 633 490 loquens
656 452 842 490 simpliciter
863 451 953 479 dicit:
981 451 1031 478 Sp!
1059 451 1232 488 aliquando
1253 455 1415 480 ueniamus
1436 453 1480 480 acl
1505 463 1665 486 caussam,
1693 454 1726 480 in
1754 463 1816 490 qua
1844 458 1878 479 ίιι
1906 456 1973 479 ete..
2014 450 2054 478 Et
2076 459 2144 477 enm

271 513 486 546 Sffl.[w,mfflcr0
508 500 543 527 ab
565 500 787 537 interpretibus
809 501 928 529 adiecta
949 508 982 526 ea
1004 498 1083 532 sint,
1105 508 1180 535 quae
1202 498 1277 526 alibi
1299 500 1334 526 ab
1356 500 1422 537 ipso
1447 500 1564 535 Tullio,
1585 500 1638 528 nbi
1659 499 1782 538 plenius
1802 499 1926 527 locutus
1947 504 2020 534 erat,
2041 497 2145 526 addita

272 554 485 585 meminerant,
507 547 597 575 facile
619 547 685 584 quis
706 558 822 575 memor
844 557 965 580 eorum,
996 556 1072 584 qnae
1094 546 1125 573 in
1147 547 1286 574 oratione
1307 549 1418 576 Milon.
1441 548 1474 576 C.
1497 548 1555 575 IX.
1581 547 1608 586 §
1630 548 1674 575 23.
1702 548 1816 586 scripta
1836 548 1996 585 leguntur,
2027 546 2146 581 Quam-

272 604 377 632 obrem.
399 597 524 630 iudices,
545 601 579 622 ut
599 596 771 633 aliquando
792 596 836 624 ad
854 605 995 623 caussam
1019 596 1193 632 crimenque
1214 597 1386 630 ueniamus,
1420 606 1512 634 snper
1532 595 1701 632 aliquando
1721 595 1799 623 lianc
1819 596 1957 633 glossam,
1978 595 2014 622 ad
2033 603 2146 622 nomen

273 658 398 679 caussae
425 643 649 684 pertinentem,
684 644 860 680 crimenque
891 642 1120 681 superscribere
1142 643 1253 680 potuit.
1295 644 1365 679 Quo
1395 644 1474 671 facto
1503 642 1555 680 qui
1583 642 1697 680 duplex
1725 644 1863 672 codicum
1895 643 2049 681 scriptura
2069 641 2147 669 oriri

273 695 421 727 debuerit,
444 692 515 721 satis
536 701 575 718 ex
595 690 642 725 iis,
664 701 739 728 quae
761 701 852 729 supra
873 690 1080 728 exposuimus,
1109 690 1218 717 elucet.
1259 692 1311 717 Set
1338 696 1503 728 utcumque
1526 690 1561 717 de
1582 688 1639 717 hac
1660 690 1837 718 coniectura
1856 701 1930 727 mea,
1953 702 2041 729 quam
2061 694 2145 718 certe

273 755 332 773 nou
353 740 579 780 inprobabilem
607 743 699 776 putu,
727 743 894 773 statuatur,
924 738 995 765 illut
1014 738 1174 776 profecto,
1205 738 1287 776 quod
1307 738 1357 766 hic
1385 738 1500 775 agitur,
1528 743 1691 772 certumst,
1719 739 1887 776 aliquando
1907 738 2087 777 particulam
2108 737 2145 765 ab

271 794 336 831 ipso
359 789 466 817 Tullio
488 787 634 825 scriptam
655 796 727 814 csse.
767 787 910 814 Fortasse
932 785 1022 812 etiam
1044 786 1077 813 C.
1100 786 1155 814 IV.
1176 784 1203 825 §.
1225 796 1267 823 9.,
1296 796 1384 824 quem
1405 787 1506 814 locum
1528 786 1660 824 primum
1682 785 1789 824 posui,
1817 786 1889 813 uide
1909 787 2050 822 tandem,
2077 787 2146 814 La—

270 840 415 871 terensis,
436 842 587 874 quantum
608 845 662 873 ego
683 845 702 861 a
725 840 752 861 te
773 834 969 866 dissentiam,
995 843 1052 871 pro
1074 844 1126 870 ego
1147 835 1347 872 pronomine,
1370 834 1450 871 quod
1472 844 1509 861 cx
1530 834 1554 861 B
1575 840 1606 861 et
1627 834 1652 862 E
1672 833 1888 871 recipiundum
1909 833 1998 869 duxi,
2019 844 2087 861 eum
2108 833 2145 860 ab

270 888 439 924 interprete
461 883 597 911 additum
619 892 682 910 esse
702 891 849 919 perquam
871 881 910 909 sit
931 881 1144 919 inprobabile,
1164 883 1260 911 uerba
1280 894 1300 911 a
1321 889 1349 910 le
1369 882 1551 920 expellenda
1572 886 1659 918 sunt,
1691 881 1734 909 ita
1755 886 1788 909 ut
1807 891 1900 920 super
1921 892 1973 919 ego
1992 881 2092 920 posita
2111 880 2145 908 in

271 935 376 964 codice
398 931 540 970 principe
560 930 654 958 fnisse
675 934 848 957 statuamus.

346 982 431 1017 Quae
453 979 484 1006 in
505 978 632 1015 reliquis
653 977 729 1004 locis
751 977 809 1004 soli
830 977 854 1004 B
875 982 905 1005 et
926 977 951 1004 E
973 977 1106 1012 addunty
1132 977 1207 1005 lieet
1227 978 1327 1016 primo
1354 983 1479 1016 aspectu
1500 977 1633 1016 cuipiam
1653 976 1736 1004 salua
1756 976 1909 1004 sententia
1929 978 2035 1005 abesse
2055 985 2146 1014 posse

273 1030 449 1062 uideantur,
477 1032 577 1054 tamen
598 1035 630 1053 rc
652 1024 822 1052 accuratius
844 1025 1035 1053 considerata
1055 1025 1167 1063 partim
1190 1025 1365 1054 Tullianam
1386 1025 1531 1062 loquendi
1553 1025 1824 1061 consuetudinem,
1852 1026 1963 1063 partim
1990 1025 2147 1052 membro-

273 1089 339 1107 rum
367 1075 581 1113 aequalitatem
602 1072 671 1100 addi
691 1072 848 1110 postulare
869 1079 1004 1110 apparet.
1045 1074 1140 1111 quue
1161 1073 1197 1100 ad
1227 1073 1363 1110 singulos
1394 1074 1477 1101 locos
1505 1073 1535 1100 in
1558 1072 1775 1100 commentario
1804 1084 1820 1100 a
1846 1083 1894 1101 me
1923 1072 2146 1110 conprobatum

272 1131 357 1165 puto.
398 1124 433 1150 ln
462 1120 656 1160 quibusdam,
694 1119 792 1146 ueluti
821 1119 851 1147 in
873 1120 915 1148 X.
936 1121 995 1149 XI.
1017 1122 1108 1149 XVI.
1129 1121 1238 1149 XVII.
1260 1121 1383 1149 XVIII.
1404 1121 1498 1148 XIX.
1519 1120 1615 1155 XX.,
1649 1120 1806 1148 facillume
1828 1121 1921 1149 etiam
1941 1120 2144 1148 describentis

272 1182 377 1202 errore
399 1180 473 1209 quae
495 1168 627 1197 familiae
648 1167 757 1195 tertiae
779 1167 899 1195 codices
921 1168 1067 1196 omittunt
1087 1169 1230 1197 excidere
1251 1170 1388 1207 potuisse
1408 1174 1500 1207 patet.

348 1220 465 1248 Contra
484 1218 688 1254 interpretum
709 1221 784 1253 puto
806 1215 1011 1243 additamenta
1033 1226 1114 1251 csse,
1136 1227 1212 1254 qnae
1232 1218 1256 1245 B
1279 1223 1308 1245 ct
1328 1216 1354 1243 E
1375 1216 1433 1244 soli
1455 1216 1487 1243 in
1507 1214 1555 1242 his
1576 1215 1653 1243 Iocis
1673 1216 1769 1245 uerba
1789 1216 1920 1245 addunt:

347 1267 380 1295 C,
403 1266 458 1293 VI.
479 1262 570 1303 §.16.
611 1263 671 1290 Cur
702 1269 735 1290 tu
761 1263 798 1291 ιἰἰ
820 1265 850 1290 in
879 1263 994 1291 iudicio
1022 1270 1062 1291 ut
1081 1263 1174 1301 fiat
1201 1266 1363 1302 exprimiS,
1391 1265 1474 1302 qtcocl
1498 1274 1560 1291 non
1578 1264 1624 1300 stt
1645 1266 1679 1292 in
1699 1265 1830 1302 campo?
1867 1264 2015 1293 Familiae
2034 1265 2146 1295 tertiae

273 1315 394 1344 codices
416 1319 449 1340 ul
462 1313 528 1348 fiat
548 1311 704 1338 omittunt.

348 1362 382 1390 C.
403 1359 494 1388 XVI.
515 1356 541 1397 §
562 1359 607 1386 [io.
652 1359 697 1386 Tu
717 1369 763 1386 me
783 1361 913 1396 ignaro,
946 1369 1000 1386 nee
1021 1360 1186 1396 opinante,
1217 1362 1315 1388 inscio
1336 1366 1420 1387 noles
1441 1365 1468 1387 et
1489 1365 1557 1387 tuos
1577 1366 1606 1387 et
1625 1366 1747 1388 tuorum
1769 1362 1988 1389 amicorum
2008 1372 2148 1390 necessa-

273 1413 352 1444 rios,
374 1410 424 1436 uel
444 1409 566 1444 iniquos
586 1406 638 1434 uel
657 1416 735 1433 meus
756 1408 807 1433 uel
827 1408 920 1434 eliam
942 1406 1138 1444 defensorum
1158 1419 1299 1435 meorum.
1339 1407 1422 1435 Idem
1443 1409 1614 1435 amicorum
1634 1408 1791 1436 omittunt.

349 1458 382 1485 C.
404 1455 513 1483 XXV.
535 1452 560 1492 §.
582 1454 626 1481 62.
666 1454 778 1481 Omnes
799 1456 879 1481 enine.
899 1455 1049 1483 eiusmodi
1069 1463 1152 1484 artes
1172 1458 1203 1483 in
1231 1458 1271 1484 ils
1297 1455 1582 1492 reprehenduntur,
1611 1457 1665 1494 (sui
1684 1467 1752 1484 eum
1765 1456 1904 1494 professi
1925 1462 1998 1484 sunt
2017 1456 2149 1494 satisfa-

274 1516 340 1534 cere
361 1514 420 1531 non.
438 1508 587 1539 passura,-
608 1512 665 1529 non
688 1502 721 1528 in
743 1503 799 1534 ι’ίς,
821 1504 875 1539 qui
893 1513 930 1529 se
954 1502 1073 1539 afuisse
1094 1503 1132 1530 ab
1153 1506 1222 1532 istis
1243 1504 1357 1531 studiis
1377 1503 1573 1538 confitentur.
1611 1504 1695 1532 Idem
1715 1515 1746 1532 se
1767 1504 1921 1532 omittunt.

350 1551 386 1578 In
406 1550 506 1588 primo
528 1548 637 1576 horum
658 1548 795 1576 locorum
817 1559 871 1576 cur
892 1550 1006 1585 utfiat
1027 1554 1056 1577 et
1076 1550 1108 1577 in
1129 1551 1223 1578 tertio
1245 1561 1300 1579 cnr
1319 1560 1349 1576 se
1369 1550 1474 1587 spuria
1493 1556 1613 1588 putem,
1641 1551 1816 1590 expositum
1837 1551 1869 1578 in
1891 1551 2148 1581 commentariost.

275 1600 311 1628 In
332 1597 466 1627 secundo
495 1595 596 1633 quiuis
624 1600 732 1633 sponte
762 1596 931 1634 intellegit,
966 1607 1079 1625 nomen
1107 1600 1278 1626 amicorum
1305 1608 1320 1625 a
1342 1598 1493 1625 Cicerone
1521 1599 1565 1626 ibi
1593 1609 1655 1627 non
1675 1598 1812 1637 potuisse
1833 1598 1909 1626 addi.
1950 1599 2013 1635 Qui
2031 1605 2148 1628 restant

276 1657 329 1675 ses
349 1645 428 1679 loci,
449 1645 481 1672 in
503 1644 540 1671 iis
562 1654 637 1682 quae
657 1643 715 1671 soli
738 1644 761 1670 B
783 1649 813 1671 et
833 1644 858 1671 Ε
880 1644 974 1672 uerba
994 1644 1109 1673 habent
1130 1645 1279 1673 eiusmodi
1301 1646 1377 1674 mihi
1398 1646 1561 1681 uidentur,
1590 1652 1624 1675 ut
1644 1652 1748 1675 utrum
1769 1657 1784 1673 a
1806 1646 1912 1674 Tullio
1933 1657 1971 1674 au
1991 1647 2027 1674 ab
2047 1647 2148 1677 inter-

278 1699 362 1733 prete
383 1692 521 1731 profecta
542 1692 618 1727 sint,
641 1695 724 1719 certo
747 1691 806 1718 dici
827 1697 966 1729 nequeat.
1005 1692 1070 1730 Ego
1092 1700 1193 1721 tamen
1215 1704 1250 1721 eo
1272 1694 1371 1721 minus
1392 1693 1444 1721 illa
1465 1704 1586 1732 quoque
1606 1695 1746 1733 recipere
1768 1694 1923 1729 dubitaui,
1944 1704 2002 1731 quo
2023 1695 2146 1731 grauior

277 1742 302 1768 B
324 1746 353 1768 et
372 1741 398 1767 L
419 1739 560 1767 codicum
580 1738 744 1767 auctoritas
765 1744 826 1774 cst,
847 1749 863 1766 a
883 1750 940 1777 qua
960 1739 1003 1767 ibi
1025 1745 1143 1768 tantum
1166 1741 1275 1776 defeci,
1295 1742 1348 1769 ubi
1370 1741 1565 1779 grauissimus
1587 1741 1773 1780 argumentis
1793 1741 1983 1779 reliquorum
2003 1742 2145 1771 codicum

279 1787 460 1824 scripturam
482 1787 711 1824 praeferendam
732 1797 795 1814 esse
817 1788 1001 1825 couprobari
1021 1789 1134 1826 potuit.
1175 1789 1254 1816 Loci
1275 1794 1393 1824 autem,
1414 1800 1488 1827 quos
1510 1789 1596 1825 dico,
1618 1789 1649 1817 hi
1672 1795 1758 1817 sunt:

355 1835 387 1862 C.
407 1835 480 1861 XII.
501 1832 527 1872 §
548 1844 592 1872 29.
637 1836 677 1862 Ut
706 1837 797 1863 uiuat
825 1846 893 1862 eum
914 1837 996 1868 suis,
1021 1838 1161 1873 primum
1182 1848 1251 1866 cum
1274 1842 1406 1874 parente
1426 1841 1510 1869 (nam
1529 1847 1593 1864 meo
1614 1837 1730 1865 iudicio
1748 1839 1852 1874 pietas
1870 1835 2147 1873 ficntlamenlnmst

281 1885 416 1913 omnium
437 1883 605 1918 uirtutum)
627 1893 714 1920 quem
735 1889 859 1911 uer-etur
880 1888 914 1910 ut
935 1882 1024 1910 (lcum
1046 1881 1156 1922 (neque
1177 1888 1258 1913 enim
1279 1885 1376 1913 mullo
1403 1895 1488 1912 secus
1516 1890 1573 1912 est
1596 1895 1714 1922 paren-5·
1734 1881 1850 1921 liberis)
1879 1890 1966 1911 amat
1986 1896 2057 1913 uero
2078 1891 2146 1916 etc..

282 1929 429 1958 Familiae
450 1929 557 1956 tertiae
578 1930 698 1958 codices
720 1937 763 1959 est
783 1931 939 1959 omittunt.

357 1977 389 2005 C.
409 1975 535 2003 XXIV.
556 1974 581 2014 ἕ.
601 1978 645 2014 59.
685 1981 771 2016 Quae
791 1981 914 2016 scripsit
931 1981 1045 2016 grauis
1066 1986 1095 2008 et
1116 1982 1293 2017 ingeniosus
1309 1986 1413 2017 poeta,
1433 1989 1494 2007 non
1516 1985 1549 2007 ul
1571 1981 1638 2008 illos
1657 1981 1754 2016 regios
1769 1989 1892 2016 puero-v,
1913 1980 1968 2017 qui
1985 1981 2051 2008 iam
2070 1991 2146 2009 nus-

283 2036 375 2064 quam
395 2029 501 2059 erant,
529 2030 573 2051 set
599 2030 633 2051 ut
659 2036 712 2053 nos
741 2033 769 2055 et
790 2033 910 2054 nostros
937 2027 1048 2055 liberos
1068 2028 1113 2056 acl
1136 2028 1270 2056 laborem
1297 2034 1325 2056 et
1352 2028 1404 2055 ad
1428 2028 1551 2056 laudem
1573 2029 1730 2056 exc-ilaret.
1769 2026 1853 2055 Idem
1873 2028 1917 2055 ad
1934 2033 2003 2055 ante
2023 2030 2146 2057 laudem

283 2073 437 2100 omittunt.

357 2120 391 2148 C.
412 2118 523 2147 XXV.
544 2117 571 2157 §.
592 2118 635 2146 60.
673 2120 793 2148 L'lenim
815 2122 848 2149 in
869 2123 987 2150 uit-lule
1006 2123 1098 2150 mulli
1117 2128 1212 2150 sunt
1233 2133 1396 2156 ascensus,
1425 2129 1459 2150 ιιι
1479 2124 1506 2151 is
1522 2122 1629 2159 gloria
1649 2132 1790 2151 maxume
1810 2124 1937 2151 excellat
1958 2128 2023 2152 etc..
2061 2123 2145 2152 Idem

283 2175 355 2197 sunt
376 2167 530 2195 omittunt.

357 2216 392 2244 C.
412 2214 540 2242 XXIX.
558 2212 585 2252 §.
603 2223 646 2250 71.
680 2214 753 2242 *Nisi
769 2216 883 2252 sorte
907 2220 1084 2253 existumas,
1105 2228 1152 2246 eos
1168 2219 1282 2247 idcireo
1299 2221 1385 2247 uitae
1409 2229 1492 2246 meae
1505 2219 1676 2254 pepercisse
1693 2223 1760 2246 etc..
1782 2218 1865 2247 Idem
1878 2219 1967 2257 sbrte
1988 2217 2144 2246 omittunt.

359 2264 393 2292 C.
421 2262 533 2290 XXX.
559 2259 586 2300 ς.
615 2271 658 2298 72.
712 2261 784 2289 Non
812 2275 869 2301 (μιο
896 2272 986 2304 turpe
1012 2268 1068 2301 sit,
1100 2272 1273 2303 protectum
1302 2268 1335 2294 ιΐιι
1364 2267 1431 2294 acie
1465 2275 1508 2293 ex
1543 2264 1675 2293 hostiam
1703 2266 1846 2295 manibus
1875 2267 1960 2304 eripi.
1999 2265 2083 2293 Idem
2111 2276 2146 2293 ex

286 2312 439 2340 omittunt.

360 2360 393 2387 C.
414 2357 574 2386 XXXIII.
601 2355 625 2395 §.
647 2360 690 2385 82.
735 2357 836 2395 ‚Versae
857 2361 935 2388 enim
964 2362 1064 2389 illut
1092 2361 1136 2388 ml
1160 2361 1380 2399 neglegendam
1407 2371 1503 2389 meam
1529 2362 1668 2399 gratiam
1698 2360 1782 2388 debet
1811 2362 1933 2393 ualere,
1967 2361 2048 2400 quod
2066 2360 2144 2389 dixit

286 2409 383 2443 idem,
409 2418 461 2435 uos
482 2417 536 2434 nec
556 2408 690 2433 uocaui>
712 2416 765 2433 nec·
788 2407 935 2444 litigv'osos
956 2419 1025 2436 csse.
1066 2408 1149 2436 Idem
1169 2409 1241 2437 illut
1262 2407 1415 2436 omittunt.
