2264 2746
274 85 328 113 226
912 70 1489 101 COMMENTARIUS.

274 164 357 196 qne,
389 156 428 183 ut
449 150 562 194 placet
587 149 730 185 Stoicis,
764 147 811 178 acl
832 158 933 178 usum
955 145 1131 178 hominnm
1154 146 1269 178 omnia
1291 146 1415 177 creari.
1449 145 1601 177 BAKIUs.
1645 145 1748 177 Adde
1771 139 1842 177 Cic.
1863 147 1903 177 de
1925 158 2022 189 prou.
2045 158 2136 179 cons.

273 205 311 236 C.
336 204 395 235 III.
420 204 449 245 §.
473 205 520 235 5.:
556 214 631 233 eum
653 202 803 237 interea,
839 200 915 242 quis
938 204 1095 230 nostrum
1116 198 1177 230 hoc
1198 210 1266 230 nori
1288 199 1447 239 audiuit,
1485 199 1562 243 quis
1586 198 1747 241 ignorat,
1785 198 1940 231 Achaeos
1963 202 2135 244 ingentem

268 258 453 301 pecuniam
472 256 617 299 pendere
640 254 684 285 L.
706 253 830 283 Pisoni
853 252 1061 295 quotannis?
1104 251 1158 283 Ae
1178 251 1326 293 paenitet
1347 262 1412 291 me,
1436 263 1505 282 non
1529 251 1663 282 eiecisse
1685 262 1764 282 cum
1785 251 1890 282 Bakio
1915 258 2057 292 constat,
2080 253 2138 295 qui

274 317 364 341 recte
395 322 435 342 ex
464 307 582 339 multi-s·
611 306 735 337 audire
767 311 801 336 et
831 310 964 336 constat
997 303 1090 345 iungi
1123 303 1272 346 potuisse
1301 303 1448 345 negauit.
1493 304 1582 337 Uide
1613 304 1747 347 Proleg.
1777 305 1820 337 L.
1842 305 1886 336 II.
1916 304 1954 336 C.
1978 306 2004 336 Ι.
2035 304 2066 346 §.
2091 305 2138 337 15.

274 375 308 406 p.
330 363 423 397 LII.,
459 358 515 389 ubi
539 364 650 389 tamen
673 358 760 388 male
783 363 912 388 tantum
936 357 1048 388 omitti
1071 367 1169 398 posse
1193 363 1326 389 constat
1351 357 1434 388 dixi.

360 412 477 452 Suam)
522 410 611 450 Quia
632 410 743 440 iurare
766 410 876 441 noluit
898 409 934 440 111
956 410 1063 451 legem
1089 409 1273 440 Saturnini.
1319 411 1533 442 MANUTIL'S.

358 467 503 497 Senatus
520 462 673 507 frictum)
719 463 820 504 Quod
853 474 913 505 ego
946 461 1189 501 defendissem,
1223 462 1251 494 si
1273 474 1424 506 pugnare
1450 463 1652 496 noluissem:
1694 474 1773 495 nam
1795 469 1928 496 senatus
1950 461 2142 494 coniuratos

274 527 425 553 extremo
448 516 614 558 supplicio
639 515 838 547 adliciendos
862 515 1007 553 censuit,
1034 515 1088 546 cui
1111 516 1228 546 consul
1250 516 1360 559 parui.
1405 515 1620 547 BIANL'TIUS.

361 571 489 603 Tamen
511 569 549 600 ob
572 570 680 607 illam,
705 569 795 612 quod
817 569 898 600 illut
922 568 1163 600 uoluntarium
1186 570 1310 602 uolnus
1333 570 1475 613 accepit)
1521 569 1577 600 Sic
1606 568 1774 601 Graeuius
1801 568 1936 611 scripsit
1962 567 2143 610 plurumo—

275 636 353 658 rum
376 623 527 654 codicum
549 622 778 653 auctoritatem
801 627 943 660 secutus,
967 632 1042 652 cum
1060 621 1247 655 Lambinus
1271 635 1314 654 ex
1337 621 1448 653 codice
1472 621 1618 664 quodam
1641 634 1712 661 suo,
1738 628 1851 653 tamen
1875 621 1912 653 ob
1936 621 2053 660 illam,
2077 633 2145 664 qua

273 679 357 710 illut
380 677 448 709 nol.
472 676 595 708 uolnus
620 677 768 719 accepit,
803 675 1031 707 constantiam
1054 674 1220 708 edidisset.
1264 675 1534 715 „Constantiam
1555 681 1632 718 post
1655 675 1693 707 ob
1717 676 1816 706 illam
1843 674 1992 716 primum
2015 672 2147 704 addidit

274 731 427 768 Iuntina,
452 739 552 771 quam
575 727 743 759 Uictorius
767 735 898 759 secutus
923 733 990 766 est,
1018 727 1177 770 abestque
1199 740 1218 760 a
1239 729 1323 761 Msis
1348 730 1447 769 [unus
1471 728 1531 760 Mb
1555 727 1675 769 addit}
1719 727 1800 759 Inde
1824 726 1897 757 fieri
1920 726 2084 765 arbitror,
2108 731 2147 757 ut

275 791 386 817 totum
410 783 489 814 illut
510 780 549 811 ol>
573 780 671 811 illam
694 782 921 812 constantiam
947 780 1125 811 delendum
1148 780 1207 819 sit,
1236 781 1481 822 legendumque
1505 787 1636 820 tamen,
1667 781 1758 825 qzcocl
1780 781 1862 812 illut
1885 792 1918 811 ιι.
1942 779 2065 811 uolnus
2088 791 2146 810 ac-

279 839 369 882 cepit
395 843 473 867 etc..
517 834 563 865 Et
585 834 631 865 sic
655 833 756 865 edidi.
800 836 889 866 Nam
914 834 952 865 ob
976 834 1093 873 illam,
1117 833 1208 878 qnod
1230 834 1328 875 illut,
1353 834 1443 877 quod
1467 833 1634 866 Graeuius
1658 833 1775 872 edidit,
1801 839 1850 865 est
1874 833 1929 864 uel
1951 843 2033 864 sono
2056 831 2148 862 indi-

277 902 383 933 gnum
409 889 614 920 Cicerone.“
648 888 872 919 ERNESTIUS.
916 887 1059 919 Miratus
1088 898 1163 919 sum
1191 887 1429 927 uehementer,
1469 886 1577 918 omnis
1601 885 1673 917 sere
1699 886 1846 918 Graeuio
1869 884 2071 917 recentiores
2093 884 2149 915 hic

278 941 447 986 paruisse,
484 940 660 972 Oliuetum
688 940 845 982 inprimis
876 939 916 970 ab
942 939 1163 977 editionibus,
1200 952 1280 982 quas
1310 940 1528 983 sequebatur,
1563 939 1628 971 sibi
1651 939 1886 971 discedendum
1917 937 2148 969 existumasse.

276 997 358 1028 Non
388 993 544 1035 equidem
576 1004 775 1023 consensum
806 992 960 1023 codicum
990 993 1230 1034 plurumorum
1256 994 1355 1036 parui
1384 993 1493 1025 facere
1521 993 1629 1031 s01e03
1669 992 1725 1024 hic
1748 992 1850 1023 etiam
1872 991 1972 1023 Barb.
2000 997 2032 1022 et
2054 1002 2148 1022 meus

277 1054 387 1079 carent
411 1057 493 1077 uoce
517 1046 745 1077 constantiam
768 1051 798 1075 et
822 1045 985 1076 exhibent
1008 1056 1083 1075 cum
1109 1046 1342 1085 Gruterianis,
1377 1046 1416 1078 ob
1442 1047 1557 1085 illam,
1591 1057 1656 1089 quo
1679 1045 1770 1077 illut.
1814 1045 1936 1086 Neque
1953 1044 2034 1075 item
2059 1043 2150 1075 diffi-

277 1107 361 1138 teor,
385 1099 557 1130 subaudiri
580 1110 677 1141 posse
697 1098 1003 1140 persenerantiam.
1047 1098 1105 1128 Set
1126 1098 1276 1139 primum
1299 1099 1475 1139 contendo,
1499 1110 1569 1130 non
1592 1110 1662 1130 esse
1687 1099 1773 1130 hane
1794 1097 1959 1140 loquendi
1981 1097 2149 1128 rationem

279 1154 442 1185 Cicerone
463 1152 614 1192 dignam,
641 1156 670 1180 et
693 1150 800 1180 multo
824 1156 912 1180 certe
935 1149 1055 1180 melius
1079 1149 1190 1180 adesse
1212 1153 1450 1184 constantiam.
1493 1151 1656 1183 Molestus
1680 1156 1730 1182 est
1753 1150 1843 1181 enim
1865 1150 2065 1182 caussalium
2089 1161 2148 1181 cu-

279 1207 407 1239 mulus,
434 1205 471 1235 ob
496 1205 611 1242 illam,
637 1203 728 1245 quod
745 1202 845 1240 illut,
872 1208 902 1232 et
922 1201 1024 1244 paulo
1050 1207 1145 1244 post,
1170 1203 1261 1244 quod
1282 1209 1314 1234 et
1337 1205 1415 1235 illos
1438 1205 1550 1246 1'123033
1582 1214 1693 1245 neque
1715 1203 1834 1242 uideo,
1862 1203 1944 1245 quid
1967 1215 2050 1246 opus
2073 1202 2151 1234 fue-

279 1260 322 1290 rit
344 1258 578 1299 interponere,
610 1255 648 1286 ol)
672 1256 770 1287 illam
792 1255 825 1286 h.
851 1266 879 1285 e.
899 1255 1215 1298 perseuerantiam,
1248 1265 1324 1285 cum
1349 1255 1478 1286 duobus
1502 1256 1603 1286 etiam
1628 1256 1695 1286 illis
1719 1256 1856 1287 remotis
1879 1257 1990 1288 uerbis
2014 1263 2047 1288 et
2069 1268 2151 1300 per-

281 1311 395 1355 spicua
417 1309 524 1341 oratio
549 1315 579 1340 et
597 1309 719 1340 melior
742 1307 929 1349 conpositio
954 1314 987 1339 et
1009 1309 1122 1339 omnia
1144 1306 1264 1338 fierent
1286 1307 1455 1338 nitidiora.
1499 1308 1593 1339 Haec
1616 1315 1755 1351 optume
1777 1307 1948 1339 intellexit
1969 1309 2151 1343 Ernestus;

283 1364 376 1396 dedit
398 1363 516 1405 igitur,
554 1366 683 1399 tamen,
716 1361 806 1404 quod
828 1362 909 1393 illut
929 1367 1010 1400 etc.,
1045 1361 1172 1402 trisque
1195 1372 1294 1392 uoces
1318 1361 1357 1393 οἷ)
1381 1362 1478 1393 illam
1501 1363 1731 1394 constantiam
1752 1359 1829 1392 falsi
1853 1360 2060 1403 dampnauit.
2103 1362 2152 1394 At

280 1427 405 1458 neque,
430 1427 489 1446 cur
512 1414 546 1445 in
570 1414 725 1445 omnibus
748 1413 841 1444 libris
863 1414 994 1456 priores
1019 1413 1104 1444 duae
1126 1414 1368 1453 remanserint,
1393 1414 1552 1457 expedire
1572 1425 1728 1456 possum,
1751 1425 1861 1457 neque
1882 1420 1995 1445 tamen
2017 1415 2154 1447 Ernesti

282 1470 381 1502 lectio
412 1480 474 1511 par
501 1467 587 1498 mihi
610 1467 851 1498 Lambinianae
881 1467 1016 1498 uidetur
1045 1473 1188 1509 propter
1217 1467 1408 1509 sequentia,
1445 1468 1537 1512 quod
1560 1473 1593 1499 et
1617 1467 1695 1499 illos
1718 1473 1799 1498 etc..
1843 1466 1975 1499 Deinde
1998 1467 2153 1504 obseruo,

282 1534 351 1554 11011
374 1534 392 1553 a
415 1521 586 1563 Naugerio
611 1526 668 1551 aut
690 1519 836 1562 Angelio
860 1520 1011 1563 primum
1033 1520 1206 1551 inmissam
1229 1519 1332 1552 fuisse
1352 1533 1470 1552 uocem
1494 1522 1744 1560 constantiam3
1766 1526 1814 1551 set
1837 1531 1913 1551 cum
1935 1520 1971 1550 in
1994 1520 2096 1552 Rom.
2120 1527 2154 1553 et

282 1577 319 1607 in
342 1574 466 1605 duabus
490 1574 576 1605 Uen.
607 1573 673 1603 iam
697 1572 823 1603 dudum
853 1580 997 1611 extaret,
1036 1579 1113 1616 post
1135 1585 1169 1604 11.
1194 1575 1415 1606 Metellorum
1442 1574 1530 1605 male
1551 1574 1678 1617 posita,
1717 1575 1753 1605 in
1784 1571 2049 1605 commodio'rem
2078 1586 2152 1606 eam

282 1629 396 1660 locum
418 1625 607 1667 Naugerius
632 1625 812 1664 transtulit,
850 1626 922 1657 siue
944 1627 1027 1658 Msis
1051 1627 1262 1666 iubentibus,
1299 1627 1370 1659 siue
1392 1627 1585 1669 postulante
1609 1627 1749 1659 omnino
1778 1626 1953 1658 sententia.
1997 1627 2152 1667 Accedit,

285 1680 371 1723 quod
394 1678 580 1711 Lambinus
604 1689 646 1709 ex
670 1689 736 1709 uno
760 1678 835 1709 Mso
860 1686 996 1721 optume
1019 1679 1124 1710 dedit:
1151 1685 1264 1711 tamen
1287 1680 1325 1712 ol>
1349 1681 1465 1719 illam,
1495 1693 1563 1724 qna
1587 1681 1669 1712 illut
1691 1693 1725 1712 a.
1748 1681 1873 1713 uolnus
1894 1680 2044 1724 accepit,
2074 1692 2152 1713 con-

285 1734 472 1770 stantiam,-
510 1730 596 1772 quod
628 1730 663 1761 iu
685 1730 784 1761 Pucci
807 1731 920 1763 codice
949 1733 1037 1764 idem
1067 1732 1143 1763 fuit.
1188 1733 1241 1764 De
1262 1733 1328 1764 hoc
1350 1733 1465 1765 eodem
1489 1733 1532 1775 Q.
1555 1734 1696 1765 Metello
1719 1733 1901 1766 Ntunidico
1932 1739 1980 1764 est
2000 1733 2073 1776 ipse
2095 1732 2154 1764 Ci-

286 1798 362 1817 cero
387 1783 605 1816 conferendus
628 1796 690 1826 pro
716 1785 807 1815 Sext.
833 1796 859 1816 c.
889 1785 954 1817 16..
984 1786 1244 1817 GARATONIUS.
1289 1785 1400 1817 Etiam
1421 1786 1490 1818 cod.
1513 1787 1595 1818 Bau.
1620 1793 1734 1820 tamen
1757 1787 1795 1819 ob
1818 1787 1928 1825 illam,
1951 1786 2044 1829 quod
2063 1785 2155 1817 illud

287 1846 369 1870 etc..
415 1839 469 1869 Set
492 1837 556 1868 hoc
582 1848 690 1879 neque
714 1837 796 1868 olim
817 1838 978 1880 probaui,
1017 1849 1126 1880 neque
1149 1838 1290 1880 probare
1319 1850 1408 1869 nunc
1430 1850 1579 1882 possum.
1624 1840 1705 1873 Uidi
1728 1839 1850 1871 etenim
1872 1850 2005 1881 semper
2028 1844 2154 1869 tantam

288 1890 421 1923 Metelli
447 1890 589 1932 gloriam
612 1902 681 1922 non
703 1890 779 1921 inde
801 1892 987 1933 profectam
1011 1891 1093 1930 dici,
1118 1892 1205 1934 quod
1227 1893 1500 1935 perseuerantiae
1523 1904 1644 1933 caussa,
1668 1905 1712 1924 ne
1734 1905 1753 1924 a
1775 1892 1936 1924 sententia
1960 1890 2153 1930 discederet,

290 1943 416 1985 expelli
440 1954 474 1974 se
498 1942 629 1974 ciuitate
654 1943 696 1974 sit
717 1955 850 1987 passusg
879 1951 929 1976 set
951 1945 986 1976 in
1009 1956 1048 1976 eo
1071 1956 1221 1977 caussam
1240 1946 1331 1977 illius
1353 1945 1479 1988 gloriae
1501 1945 1598 1988 poni,
1633 1946 1741 1988 quod,
1768 1956 1843 1976 cum
1866 1949 1976 1987 posset
1997 1942 2099 1974 armis
2122 1948 2156 1974 et

291 1998 486 2026 sententiam
512 2002 543 2027 et
565 1995 735 2028 ciuitatem
757 1998 922 2037 retinere,
962 2009 1021 2029 sua
1044 2010 1157 2030 caussa
1188 1999 1298 2031 ciuem
1326 1998 1465 2030 interire
1495 1999 1645 2030 uoluerit
1673 1999 1854 2030 neminem.
1898 1996 2036 2028 Dictum
2055 1995 2155 2027 etiam

293 2047 382 2079 illius
405 2047 509 2079 refert
530 2048 709 2091 Appianus
732 2050 758 2081 Ι.
782 2051 883 2083 Ciuil.
907 2052 978 2092 51„
1003 2063 1080 2083 cum
1102 2052 1199 2084 bonis
1222 2052 1325 2092 uiris,
1352 2051 1410 2093 qui
1431 2051 1471 2083 ad
1495 2063 1571 2083 eum
1596 2051 1839 2083 defendendum
1862 2048 1983 2080 armati
2004 2047 2154 2089 aderant,

293 2100 412 2141 gratias
436 2101 517 2142 egit,
541 2108 572 2132 et
592 2114 658 2134 non
682 2105 899 2143 conmittam,
922 2104 1050 2146 inquit,
1075 2105 1186 2138 ullum
1206 2112 1246 2138 ut
1262 2105 1461 2151 periculum
1478 2106 1618 2150 patriae
1638 2117 1714 2137 mea
1736 2115 1857 2136 caussa
1886 2107 2032 2134 creetur.
2074 2102 2155 2133 Hu-

296 2151 346 2182 ius
372 2153 488 2183 consili
510 2154 707 2196 sapientiam
733 2157 844 2189 laudat
870 2158 1068 2190 Plutarchus
1097 2158 1132 2190 in
1154 2159 1265 2190 Mario
1289 2170 1317 2190 c.
1341 2169 1409 2201 29..
1453 2159 1634 2190 Ernestum
1655 2157 1784 2198 itaque,
1821 2154 1878 2197 qui
1901 2155 1940 2186 ob
1963 2156 2062 2187 illam
2084 2154 2154 2185 eie-

296 2209 400 2261 cerat,
423 2211 508 2235 recte
531 2207 643 2239 locum
666 2209 874 2242 intellexisse
895 2211 1030 2251 fatebar,
1054 2218 1101 2243 set
1124 2222 1202 2243 cum
1226 2211 1376 2243 uiderem
1398 2212 1479 2244 haut
1502 2212 1588 2243 bene
1611 2210 1702 2254 quod
1720 2207 1835 2240 iterari
1857 2208 2043 2240 necessario
2065 2206 2154 2239 infra

296 2261 462 2298 positum,
487 2264 519 2288 et
541 2270 638 2292 uoces
661 2262 699 2294 ob
722 2262 838 2301 illam,
870 2275 953 2305 quae
975 2264 1011 2295 in
1034 2265 1189 2297 omnibus
1212 2265 1307 2297 libris
1333 2270 1470 2304 extant,
1495 2264 1593 2295 aliam
1617 2269 1729 2293 tamen
1752 2261 1787 2292 in
1809 2261 1922 2304 paucis
1947 2260 2088 2300 habere,
2114 2259 2154 2291 ad

297 2320 398 2351 quam
419 2308 624 2351 referantur,
647 2326 769 2357 nempe
791 2318 1038 2350 constantiam.-
1063 2317 1222 2350 Lambini
1244 2317 1406 2349 iudicium
1427 2316 1514 2348 nihil
1536 2314 1677 2346 delentis
1699 2314 1845 2358 praetuli
1866 2320 1966 2356 atque
1988 2313 2032 2344 ita
2053 2311 2154 2344 exhi-

299 2361 426 2393 bentis:
464 2367 573 2396 tamen
599 2365 636 2396 ob
659 2367 774 2407 illam,
807 2383 873 2412 qua
898 2371 919 2403 i.
944 2384 976 2404 zi.
999 2384 1032 2404 u.
1055 2384 1104 2410 a.,
1136 2371 1375 2404 constantiam.
1417 2369 1470 2400 De
1491 2367 1654 2399 sententia
1676 2379 1745 2399 nou
1767 2367 1956 2406 demoueri,
1993 2375 2153 2409 perseue-
