2264 2746
267 94 422 125 XXXVI
934 91 1464 121 PROLEGOMENA.

344 171 378 200 C.
399 170 441 199 X.
462 167 490 209 Q
509 169 555 198 26.
593 169 717 198 Etenim
742 169 770 195 si
795 172 868 194 ante
896 167 1031 194 reditum
1059 177 1159 194 meum
1186 167 1238 195 Cn.
1258 167 1391 194 Plancio
1418 177 1450 195 se
1469 167 1560 205 uolgo
1581 169 1647 197 uiri
1665 168 1755 205 boni,
1781 180 1851 197 cum
1869 170 1922 199 hic
1943 172 2140 200 tribunatum

263 224 400 257 peteret,
427 218 509 246 ultro
536 217 722 255 offerebant.-
754 216 805 242 cui
829 224 939 242 nomen
964 225 1064 242 meum
1092 215 1279 243 absentis
1307 214 1418 243 honori
1434 215 1572 253 suisset,
1598 218 1627 244 ei
1652 227 1734 245 meas
1754 220 1931 254 praesentis
1951 230 2058 257 preces
2078 230 2139 248 non

265 274 363 306 putas
380 265 562 305 proficisse?

344 316 394 343 Sic
415 316 439 343 B
461 318 491 341 ct
510 313 535 340 E
557 311 638 339 hunc
658 311 758 338 locum
779 309 929 347 scriptum
949 315 1132 346 seruarunt3
1166 309 1302 338 familiae
1329 310 1440 338 tertiae
1470 311 1592 339 codices
1619 312 1657 340 ad
1683 322 1778 341 unum
1808 324 1912 341 omnes
1941 314 2141 353 participium

269 365 404 392 absentis
424 362 580 390 omittunt.
621 358 711 394 Quod
732 367 791 395 quo
812 357 906 394 magis
927 364 1074 387 certumst
1110 358 1215 385 abesse
1235 357 1318 385 salua
1338 358 1491 385 sententia
1517 369 1580 387 non
1608 370 1717 398 posse,
1745 361 1877 399 ideoque
1904 371 1972 389 cum
1999 372 2141 390 maxume

269 413 435 451 genuinum
456 419 535 442 csse,
573 418 607 435 co
637 406 738 434 minus
759 405 934 443 quisquam,
971 406 1124 444 quomodo
1147 414 1252 432 errore
1274 405 1403 442 quodam
1425 407 1568 434 excidere
1588 408 1744 446 potuerit,
1777 409 1946 446 intelleget.
1986 409 2072 445 Quae
2091 419 2141 437 res

268 461 359 495 facit,
392 464 427 487 ut
447 456 586 494 equidem
614 464 714 482 meum
740 464 928 492 pronomen,
965 453 1047 491 quod
1075 463 1157 480 nunc
1185 457 1254 480 ante
1282 452 1417 480 absentis
1438 454 1634 491 conlocatur,
1655 457 1690 483 ab
1711 457 1881 494 interprete
1902 457 2071 492 adiectum,
2102 461 2143 492 et,

271 520 339 538 cum
360 511 438 535 esset
457 513 549 542 super
569 503 664 530 uerba
683 512 792 530 nomen
812 501 947 529 absentis
975 501 1125 539 positum,
1161 500 1269 528 eodem
1290 500 1380 528 modo
1402 500 1433 528 in
1454 501 1523 529 sam.
1544 503 1655 530 tertiae
1675 504 1834 532 codicibus
1855 505 2017 542 genuinam
2038 514 2140 542 expu-

270 558 343 586 lisse
362 563 468 583 uocem
489 556 611 589 putem,
641 560 701 588 quo
722 550 813 588 paulo
835 554 904 577 ante
925 549 957 576 111
978 549 1073 577 isdem
1095 549 1224 586 glossam
1245 548 1485 586 superscriptam
1506 548 1549 577 est
1568 561 1738 588 pronomen
1759 563 1795 580 ea
1815 552 1883 580 loco
1904 552 2038 580 mouisse
2057 551 2142 580 uidi-

270 615 344 634 mus.
383 602 419 629 In
440 601 465 627 B
486 603 516 626 et
536 598 562 626 E
584 598 685 626 denuo
706 602 736 625 ct
756 597 855 634 glossa
876 602 906 624 ct
926 607 989 624 uox
1010 607 1060 632 ca,
1090 607 1182 635 super
1204 606 1261 634 qua
1282 596 1379 633 glossa
1406 596 1507 633 posita
1532 598 1648 634 suerat,
1675 600 1787 627 inlatae
1816 604 1896 627 sunt.
1937 600 2012 627 Illut
2040 604 2142 627 autem

269 654 325 682 uix
345 659 421 687 opus
443 651 502 681 est,
523 651 557 674 ut
578 646 717 679 doceam,
744 656 841 673 meum
863 655 1035 683 pronomen
1056 645 1122 672 sine
1143 644 1207 671 ullo
1230 653 1336 670 sensus
1359 644 1545 673 detrimento
1567 647 1669 675 omitti
1689 657 1796 685 posse,
1824 657 1907 682 cum,
1935 646 2003 684 quis
2025 646 2064 674 sit
2084 656 2143 674 no-

269 701 351 729 mine
371 697 508 724 absentis
527 693 768 731 intcllegcnduS,
789 697 819 720 et
839 692 1051 720 antecedentia
1071 692 1166 720 uerba
1185 698 1257 719 ante
1277 691 1413 719 reditum
1433 702 1532 720 meum
1553 699 1583 721 et
1603 694 1762 732 sequentia
1780 705 1864 723 meas
1878 696 2053 732 praesentis
2068 704 2144 732 pre—

270 759 316 776 ces
336 743 537 783 apertissume
558 741 722 769 declarent.

343 794 378 822 C.
398 790 525 820 XXIII.
546 787 572 828 Q.
594 789 638 817 55.
679 789 782 816 inulti·
807 790 899 816 etiam
920 798 1084 815 conmunes
1111 789 1232 816 inimici
1258 797 1380 815 reorum
1401 791 1553 823 omnium,
1580 792 1634 827 qui
1659 792 1705 818 ita
1732 799 1848 826 semper
1875 792 2083 818 testimonium
2108 790 2144 818 (le

269 842 389 873 ambitu
409 841 533 870 dicunt,
555 838 646 874 quasi
665 842 720 864 aut
741 842 885 864 moueant
905 838 1025 863 (mimos
1045 837 1231 863 iudicum
1258 836 1323 862 suis
1344 837 1545 871 testimoniis,
1577 844 1633 865 aut
1650 845 1781 876 gratum
1794 838 1910 874 populo
1930 839 2070 866 Romano
2094 839 2145 870 sit,

270 897 326 920 aut
346 889 384 917 ab
405 898 437 916 eo
449 886 587 925 facilius
609 884 644 912 ob
666 894 732 911 eam
752 894 895 911 caussam
916 884 1119 921 (lignitatem,
1140 893 1230 920 quam
1253 883 1381 916 uolmzt,
1402 892 1639 922 consequantur.

344 937 406 966 Hic
428 943 548 973 quoque
569 931 836 970 perobscurumst,
865 931 916 968 qui
937 931 1049 958 sactum
1071 931 1126 965 sit,
1162 935 1195 957 ut
1216 939 1327 957 nomen
1350 931 1490 958 iudicum
1511 933 1723 968 omitteretur,
1753 933 1834 970 quod
1858 933 1889 960 in
1911 932 2054 961 omnibus
2072 931 2143 960 fam.

269 986 380 1017 tertiae
401 982 558 1011 codicibus
580 978 780 1007 desideratur.
818 979 898 1006 Nam
922 978 953 1006 in
974 989 1070 1006 unum
1091 978 1179 1005 illum
1204 977 1306 1005 Oxou.
1328 988 1358 1011 ψ,
1379 988 1467 1015 quem
1489 978 1603 1007 habere
1624 990 1663 1008 ex
1683 980 1808 1008 silentio
1831 981 1960 1008 editoris
1987 980 2046 1009 Ox.
2068 990 2145 1008 con-

270 1035 395 1064 cludere
422 1031 584 1063 debemus,
615 1026 689 1064 quin
718 1026 758 1054 sit
785 1026 989 1054 emendatoris
1010 1037 1101 1054 manu
1127 1026 1272 1061 inlatum,
1310 1025 1443 1054 dubitari
1470 1028 1610 1065 profecto
1637 1028 1754 1066 nequit.
1796 1028 1846 1055 sic
1869 1028 1994 1065 Syluius
2022 1028 2082 1056 iam
2109 1027 2147 1056 ad

269 1092 379 1112 uocem
398 1081 516 1108 animos
535 1074 740 1113 supplendum
761 1083 873 1101 nomen
894 1075 1033 1102 iudicum
1054 1084 1118 1101 esse
1139 1073 1270 1101 monuit.
1310 1073 1345 1101 Id
1372 1084 1485 1102 nomen
1514 1081 1615 1103 autem
1645 1076 1898 1113 quemadmodum
1919 1076 1956 1104 ad
1976 1075 2149 1103 sententiae

270 1129 479 1168 integritatem
507 1122 713 1152 necessarium
739 1127 824 1160 patet
851 1132 932 1157 esse,
969 1121 1011 1149 ita
1039 1132 1101 1149 11011
1130 1122 1255 1150 inutilia
1283 1127 1402 1150 tautum
1429 1128 1475 1151 set
1501 1124 1630 1151 molesta
1651 1124 1742 1151 etiam
1763 1124 1858 1151 uerba
1878 1125 1943 1151 suis
1963 1125 2148 1151 testimoniis

271 1181 359 1211 sunt,
386 1184 454 1203 cum
474 1172 564 1200 modo
585 1171 680 1198 uerba
699 1172 746 1198 ita
766 1180 881 1206 semper
902 1171 1111 1198 testimonium
1131 1170 1239 1197 dic-unt
1258 1171 1494 1208 praecesserint.
1534 1170 1619 1207 Quid
1647 1170 1741 1208 igitur
1762 1171 1970 1210 probabiliuS,
2005 1180 2095 1208 quam
2113 1169 2147 1197 in

271 1224 377 1254 codice
397 1221 538 1261 principe
558 1218 676 1247 nomini
697 1218 836 1245 iudicum
857 1217 1073 1255 explicationis
1095 1228 1198 1245 caussa
1218 1218 1448 1256 superinposita
1467 1218 1563 1246 uerba
1581 1220 1646 1246 suis
1666 1221 1848 1247 testimoniis
1868 1219 1979 1254 fuisse,
2000 1223 2031 1246 et
2050 1218 2087 1245 ab
2109 1227 2145 1245 eo

271 1271 416 1305 librario,
437 1268 490 1307 qui
511 1266 686 1304 exemplar,
708 1275 747 1293 ex
768 1275 826 1303 quo
848 1265 917 1292 fam.
938 1265 1048 1293 tertiae
1070 1266 1190 1293 codices
1212 1266 1361 1303 originem
1383 1267 1547 1302 duxerunt,
1569 1266 1714 1301 confecit,
1733 1277 1790 1305 pro
1812 1276 1888 1294 uoce
1909 1265 2043 1304 genuina
2061 1264 2148 1292 iudi-

272 1330 343 1348 cum
361 1321 487 1354 recepta
507 1324 589 1349 esse,
622 1313 752 1341 alterum
773 1318 872 1341 autem
893 1313 1072 1348 librarium,
1107 1314 1158 1352 qui
1180 1319 1286 1342 auctor
1307 1314 1380 1341 libri
1402 1314 1524 1349 extitit,
1559 1324 1599 1341 ex
1626 1324 1686 1351 quo
1707 1315 1732 1342 Β
1753 1320 1783 1343 et
1803 1315 1828 1342 E
1849 1317 2027 1348 manarunt,
2061 1320 2148 1340 more

272 1377 326 1395 suo
347 1375 403 1394 nec
425 1364 564 1392 iudicum
585 1361 722 1389 omisisse
744 1366 774 1388 et
796 1361 890 1388 uerba
910 1363 973 1388 suis
994 1363 1177 1390 testimoniis
1197 1362 1331 1389 orationi
1354 1362 1517 1390 Tullianae
1538 1361 1703 1389 intulisse?

347 1414 381 1442 C.
401 1411 496 1441 XIX.
519 1409 544 1448 Q.
565 1411 610 1446 [17.
649 1410 719 1438 Iam
744 1415 779 1436 ut
805 1419 858 1447 ego
885 1409 990 1442 doceo,
1016 1411 1191 1447 gratiosum
1212 1420 1272 1437 esse
1300 1412 1341 1437 in
1366 1420 1437 1438 sua
1465 1410 1550 1438 tribu
1570 1411 1757 1442 Plancium,
1791 1411 1874 1448 quod
1893 1410 1999 1438 multis
2019 1407 2149 1445 benigne

266 1464 397 1501 fecerit,
414 1470 473 1498 pro
493 1460 599 1487 maltis
618 1457 832 1495 spoponderit,
864 1458 897 1484 in
917 1467 1026 1494 operas
1042 1458 1204 1494 plurumos
1226 1459 1330 1493 patris
1351 1461 1540 1486 auctoritate
1569 1463 1598 1484 et
1620 1459 1733 1494 gratia
1753 1459 1888 1492 miserit,
1920 1456 2002 1495 qzcocl
2019 1456 2150 1492 denique

274 1510 413 1539 omnihus
433 1507 541 1545 officiis
565 1516 621 1543 per
641 1515 688 1536 se,
704 1516 762 1541 per
775 1510 909 1541 patrem,
928 1515 984 1541 per
1005 1507 1136 1532 maiores
1155 1514 1225 1531 suos
1247 1510 1343 1532 totam
1363 1508 1526 1533 Atinatem
1540 1505 1780 1543 praefecturam
1804 1504 2078 1543 conprehenderit:
2105 1503 2150 1530 sic

275 1566 309 1587 ιιι,
328 1559 417 1590 doce,
443 1560 625 1592 sequestrem
637 1552 760 1590 fuisse,
785 1553 937 1589 largitum
957 1562 1034 1586 esse,
1063 1554 1291 1589 conscripsisse,
1319 1553 1444 1581 tribulis
1465 1554 1648 1581 decuriasse.

347 1604 454 1633 Uerba
473 1604 507 1630 in
526 1612 583 1629 sua
604 1605 673 1628 ante
694 1600 776 1627 tribu
797 1599 915 1637 posita,
942 1610 1018 1637 quae
1045 1599 1103 1627 soli
1125 1599 1150 1626 B
1171 1604 1201 1626 et
1221 1600 1247 1627 E
1274 1606 1452 1636 seruarunt,
1488 1611 1548 1638 quo
1577 1601 1672 1638 magis
1699 1604 1825 1638 apparet
1851 1609 1914 1627 11011
1947 1608 2038 1636 posse
2064 1597 2150 1626 saluo

276 1664 368 1681 sensu
388 1652 502 1684 abesse,
527 1660 563 1677 οο
584 1649 684 1676 minus
705 1647 942 1685 perspicuumst,
963 1648 1116 1685 quomodo
1137 1648 1328 1675 amanuensis
1349 1658 1455 1676 errore
1476 1648 1620 1676 excidere
1640 1648 1811 1686 potuerint.
1851 1648 1958 1685 Itaque
1979 1646 2061 1684 quod
2080 1645 2150 1674 aliis

276 1702 310 1729 in
329 1700 405 1728 locis
427 1698 544 1733 effecit,
578 1701 613 1724 ut
635 1695 767 1733 genuina
788 1695 876 1722 Tulli
897 1696 991 1723 uerba
1022 1696 1258 1730 omitterentur,
1286 1695 1338 1723 hic
1367 1706 1488 1733 quoque
1517 1697 1630 1724 factum
1657 1695 1820 1723 contendo.
1860 1696 2040 1723 Persuasum
2067 1693 2151 1721 enim

278 1749 386 1782 habeo,
406 1746 535 1775 uerbum
556 1755 617 1773 esse
639 1744 672 1771 in
694 1743 799 1770 codice
819 1742 962 1782 principe
983 1753 1076 1781 super
1096 1744 1190 1771 uerba
1211 1746 1241 1771 in
1263 1755 1321 1771 sua
1343 1744 1479 1782 positum
1507 1744 1619 1779 fuisse,
1654 1754 1693 1771 ex
1714 1753 1807 1781 eaque
1827 1752 1861 1771 re
1883 1742 2036 1780 duplicem
2055 1740 2151 1777 illam,

280 1806 356 1835 quae
376 1795 409 1822 in
429 1793 586 1821 codicibus
602 1796 664 1826 est,
684 1792 866 1829 scripturam
888 1791 957 1829 pari
976 1791 1084 1826 modo,
1105 1802 1165 1829 quo
1187 1792 1219 1819 in
1240 1791 1493 1819 antecedentibus
1514 1792 1592 1819 locis
1612 1792 1772 1827 factumst,
1794 1796 1890 1819 ortam
1911 1799 1985 1818 esse.

355 1842 388 1870 C.
409 1841 502 1868 XIX.
523 1839 550 1879 Q
570 1840 615 1877 49.
652 1839 720 1867 ,Nec
742 1841 799 1866 erit
819 1838 895 1866 haec
915 1840 980 1866 alia
1000 1841 1082 1866 ratio
1103 1841 1256 1872 Plancio,
1283 1850 1321 1867 ac
1347 1839 1586 1866 Laterensi:
1607 1849 1680 1866 nam
1700 1845 1750 1874 ut,
1770 1849 1846 1877 quas
1867 1839 1966 1866 tribus
1986 1843 2021 1865 tu
2041 1837 2152 1869 tulisti,

280 1893 308 1920 si
326 1892 390 1918 iam
415 1900 450 1916 ex
476 1894 504 1915 te
524 1889 699 1925 requiram,
726 1889 844 1924 possis,
872 1896 1001 1924 quorum
1028 1886 1130 1914 studio
1159 1887 1286 1919 tuleris,
1322 1887 1492 1924 explicare.-
1527 1889 1570 1915 sit¹
1600 1897 1652 1924 ego
1680 1886 1736 1914 hoo
1755 1887 1917 1920 contendo,
1950 1895 1996 1913 me
2015 1883 2153 1921 tibiipsi

281 1937 478 1970 aduersario,
499 1937 717 1972 cuiuscwnqzte
738 1934 836 1962 tribus
855 1936 1007 1963 rationem
1022 1936 1215 1971 poposceris,
1237 1935 1442 1963 redditurum.

357 1984 407 2011 Sic
427 1982 509 2010 hunc
530 1982 630 2009 locum
652 1992 755 2010 omnes
777 1983 911 2011 editores
932 1982 1122 2020 scripserunt
1141 1987 1264 2020 praeter
1285 1983 1456 2018 Orellium,
1486 1982 1538 2021 qui
1559 1992 1616 2020 pro
1636 1981 1757 2018 uolgata
1776 1980 1910 2008 lectione
1931 1989 1968 2007 ac
1987 1979 2153 2008 Laterensi

282 2043 321 2061 ex
340 2033 365 2060 B
394 2035 423 2058 et
443 2030 469 2057 E
498 2029 647 2066 probante
670 2028 838 2057 Garatonio
866 2041 903 2058 ac
933 2031 1004 2064 tibi,
1038 2031 1217 2058 Laterensis
1243 2031 1372 2068 recepit.
1411 2030 1458 2058 Ac
1487 2030 1655 2058 uerissume
1684 2028 1807 2066 quidem
1829 2027 2014 2056 Garatonius
2044 2032 2153 2055 contra

282 2079 476 2112 Ernestium,
497 2076 549 2114 qui
570 2076 720 2112 uolgatam
741 2078 925 2116 scripturam
944 2079 1155 2106 uenustiorcm
1178 2078 1307 2116 putauit,
1328 2078 1385 2106 tibi
1404 2088 1576 2116 pronomen
1595 2081 1760 2116 propterea
1779 2075 1898 2114 requiri
1918 2074 2049 2110 monuit,
2069 2074 2152 2112 quod

282 2132 349 2156 toto
370 2126 428 2154 hoc
449 2125 517 2152 loco
538 2124 736 2151 Laterensem
753 2125 862 2154 Cicero
884 2126 1111 2164 adloqueretur.
1152 2125 1231 2153 Nam
1252 2126 1310 2153 etsi
1331 2125 1389 2153 1100
1411 2136 1478 2153 cum
1498 2125 1581 2161 alibi,
1602 2130 1666 2152 tum
1685 2134 1826 2152 maxume
1846 2124 1879 2152 111
1900 2123 2040 2151 oratione
2060 2122 2151 2150 Piso—

282 2175 374 2203 niana
394 2178 424 2201 et
445 2172 635 2200 Catilium-iis
656 2172 768 2199 sactum
790 2174 962 2210 reperitur,
997 2179 1032 2201 ut
1053 2183 1141 2211 quem
1162 2173 1252 2201 modo
1274 2173 1434 2202 adlocutus
1464 2178 1528 2201 erat
1547 2177 1668 2207 orator,
1703 2172 1740 2200 de
1761 2182 1796 2200 eo
1818 2171 1921 2199 subito
1942 2176 2095 2208 tamquam
2114 2170 2153 2198 de

284 2223 403 2257 alieno,
425 2229 570 2248 conuersa
591 2219 627 2247 ad
647 2220 723 2247 alios
743 2221 895 2256 oratione,
925 2222 1043 2260 aliquid
1063 2226 1250 2259 exponeret,
1281 2226 1381 2249 tamen
1402 2221 1434 2248 id
1453 2220 1511 2248 hoc
1532 2220 1600 2248 loco
1620 2220 1689 2247 fieri
1709 2219 1796 2247 nullo
1816 2218 1906 2247 modo
1927 2218 2050 2256 potuit,
2083 2228 2152 2246 cum

284 2270 370 2298 nulla
388 2277 470 2296 nunc
491 2277 657 2295 conuersae
686 2267 788 2295 subito
816 2268 852 2295 ad
872 2269 947 2297 alios
969 2269 1116 2297 orationis
1138 2279 1239 2297 caussa
1260 2268 1428 2307 excogitari
1445 2272 1544 2305 queat.
1573 2267 1626 2294 Fit
1643 2267 1725 2295 enim
1741 2266 1800 2294 1100
1821 2276 1941 2305 semper
1963 2276 2031 2293 cum
2050 2265 2154 2303 magni

285 2321 479 2354 contemptus
506 2315 746 2353 significatione,
779 2325 854 2352 quae
880 2317 915 2344 ab
944 2317 1003 2345 hoc
1030 2318 1099 2346 loco
1128 2318 1363 2345 alienissumast.
1401 2315 1508 2352 Itaque
1534 2315 1591 2343 tihi
1610 2324 1798 2353 pronomen,
1835 2314 1861 2342 si
1882 2314 2044 2352 quicquam
2065 2313 2152 2348 aliut,

286 2365 490 2403 genuinumst.
519 2362 627 2401 Neque
648 2362 827 2390 Emestium
847 2363 1056 2393 dubitaturum
1073 2365 1178 2400 fuisse,
1200 2365 1274 2402 quin
1294 2363 1455 2401 reciperet,
1475 2367 1562 2401 puto,
1582 2362 1616 2398 si,
1637 2373 1695 2400 qua
1714 2362 1834 2390 ratione
1854 2361 1957 2389 omitti
1979 2372 1995 2389 a
2014 2360 2150 2389 librariis

286 2412 455 2451 potuisset,
474 2411 691 2450 perspexisset.
732 2411 824 2448 Quod
845 2422 913 2440 cum
933 2412 998 2450 ipse
1018 2423 1082 2441 11011
1101 2413 1304 2452 perspiciam,
1324 2411 1351 2439 si
1370 2421 1443 2440 uera
1465 2410 1614 2439 habeatur
1634 2420 1668 2439 ea
1687 2409 1858 2448 scriptura,
1878 2419 1954 2448 quae
1974 2409 2008 2438 in
2026 2410 2052 2438 B
2072 2413 2103 2438 et
2122 2408 2149 2436 E
