2264 2746
767 136 792 165 c
813 135 840 164 A
861 136 901 165 P.
940 134 1066 163 XXVI.
1094 132 1120 173 §.
1146 139 1190 165 63.
1211 138 1256 165 ω.
1903 135 1955 162 171

157 214 187 254 §.
216 213 266 245 64.
314 214 356 246 N
355 226 398 245 on
428 225 549 245 uereor
558 238 568 251 ,
606 224 647 244 ne
678 211 765 244 milti
797 210 951 254 aliquid,
989 210 1120 242 iudice-s·
1130 235 1139 248 ,
1182 209 1305 241 uidear
1327 209 1500 252 adrogare
1509 233 1520 247 ,
1553 208 1584 240 si
1606 207 1647 239 <Ze
1671 212 1857 250 quaestura
1880 217 1955 236 mea

71 267 210 308 dixero)
261 267 312 299 Ut
349 278 391 297 se
426 265 681 297 Laterensis
721 263 977 296 ostenderet
1015 262 1253 294 aedilitate
1294 260 1433 292 fuisse
1470 259 1648 292 Plancio
1685 258 1862 300 dignior
1875 269 1954 297 em,

70 324 485 351 commemorauerat
507 330 549 349 se
571 317 682 361 apud
705 317 940 348 Praeneste
963 316 1004 347 lu
1017 316 1089 347 dos
1113 314 1326 351 edidiss03
1365 313 1547 357 Cyrenis
1570 312 1696 344 etiam
1719 322 1877 343 summa
1900 310 1955 341 li·-

69 372 313 404 beralitate
342 371 385 402 in
407 370 665 413 publicanos
698 371 762 413 egi
775 382 858 405 sseg
883 370 924 400 in
947 368 1089 400 socios
1114 367 1203 399 fuis
1216 379 1257 398 se
1287 367 1470 409 denique
1493 364 1794 398 iustissimum.
1842 364 1954 404 Quae

69 424 210 456 onmia
239 423 478 455 iactantius
511 423 668 455 abillo
700 424 816 455 dicta
846 433 965 465 quam
996 422 1220 463 eleganter
1249 420 1398 451 eleuet
1427 426 1465 451 et
1493 419 1658 451 abiciat
1686 417 1735 450 M.
1759 417 1859 449 Tull
1872 417 1954 455 ius,

68 476 410 508 consideremus.
454 475 724 507 Persuadere
762 476 860 507 uult
897 486 1093 516 namque,
1137 472 1281 504 omnia
1310 472 1407 511 illa,
1457 485 1474 514 q
1488 484 1508 503 u
1521 484 1567 503 ae
1602 470 1714 502 foris
1752 470 1954 513 gesserit,

66 535 174 573 aput
196 528 514 560 conscientiam
547 529 705 572 populi
728 530 771 561 R.
798 529 938 560 latere
961 539 983 571 p
997 540 1015 559 o
1028 528 1170 559 tuisse.
1216 526 1276 557 Ac
1299 536 1347 555 ue
1370 525 1575 556 acerbius
1598 523 1778 555 animum
1802 522 1898 555 laed
1911 535 1955 554 e-

68 588 134 614 ret
154 581 391 619 audientis,
425 580 445 611 d
459 592 476 611 e
500 589 739 623 quaestura
761 592 836 613 sua
858 581 946 622 egit
968 593 1052 612 non
1075 580 1166 612 sine
1190 578 1336 620 figura
1362 599 1370 608 .
1395 600 1403 608 .
1429 600 1437 608 .
1462 600 1470 608 .
1489 578 1535 618 ¹)3.
1568 576 1698 619 quod,
1722 588 1809 607 cum
1830 576 1956 618 Lily-

67 636 170 667 baeo
198 633 409 666 decedens
434 634 641 666 Puteolos
667 635 963 673 aduentasset‚
997 644 1143 664 omnes
1167 643 1259 661 euin
1286 630 1592 672 ignorauerint
1614 630 1725 672 prim
1738 642 1757 661 o
1781 642 1832 661 ex
1853 641 1956 672 pro-

66 687 231 725 uincia,
268 693 341 718 tun
354 698 370 717 c
395 686 552 718 deinde
575 699 624 719 ex
648 687 751 719 Sicil
764 688 819 725 ia,
852 685 898 717 ad
922 693 1165 718 extremum
1189 695 1238 714 ex
1262 683 1558 726 Lilybaetana
1580 683 1743 714 uenire.
1790 682 1956 723 Quibus

66 741 159 783 ipse
189 739 313 770 uaria
341 739 671 772 sciscitantibus
707 739 945 772 nouissime
976 750 1065 769 cum
1094 737 1396 780 permistione
1429 735 1608 778 quadam
1645 735 1853 767 stomachi
1885 745 1957 765 re-

66 793 318 836 sponderit,
357 804 397 824 se
428 804 446 823 a
459 793 479 823 d
516 805 647 836 aquas
681 793 833 836 potius
864 792 906 823 in
945 792 1074 834 Canip
1088 790 1228 822 aniam
1265 790 1456 827 uenisse,
1494 794 1538 820 ut
1578 788 1870 830 interrogatio
1883 799 1957 818 nes

68 847 266 890 ipsorum
305 846 350 877 ab
389 857 431 877 se
472 852 715 889 respueret,
761 858 864 888 quos
903 845 1087 876 moleste
1122 842 1296 874 ferebat
1335 843 1512 885 ignaros
1549 853 1641 873 esse
1677 848 1956 883 quaesturae,

69 910 188 942 quam
217 910 258 930 se
288 898 549 930 meminerat
577 910 611 930 111
622 910 728 941 agna
758 909 849 929 cum
879 898 947 929 lau
959 897 979 928 d
992 910 1010 928 e
1033 896 1227 940 gessisse.
1272 895 1460 926 Proficit
1481 893 1531 925 ad
1559 894 1678 925 illam
1702 906 1798 936 resp
1810 906 1858 924 on
1870 894 1958 925 sio·

67 964 115 984 ne
127 964 162 983 m
183 953 321 984 multa
349 953 380 983 R
393 963 508 983 omae
531 951 750 994 ignorari,
782 962 888 993 quae
910 949 1022 982 foris
1049 956 1168 992 gesta
1190 955 1290 980 sunt
1312 961 1331 980 a
1353 947 1653 986 senatoribus3
1685 959 1729 978 ac
1750 959 1772 989 p
1784 952 1958 988 ropter-

70 1017 115 1036 ea
134 1006 347 1037 Laterens
361 1017 420 1036 em
442 1004 609 1036 frustra
632 1004 674 1035 in
697 1004 810 1042 illis,
834 1014 940 1046 quae
962 1009 1084 1034 extra
1106 1002 1253 1034 urbem
1279 1007 1489 1043 gesserat,
1519 1000 1723 1031 habuisse
1746 998 1957 1030 fiduciam.

71 1059 234 1089 SelloLIA
257 1059 516 1090 AMBROSIANA.
562 1056 654 1088 Male
676 1057 843 1098 interpres
867 1056 965 1087 initio
990 1056 1089 1087 huius
1113 1061 1213 1086 notae
1235 1053 1411 1086 Laterensi
1435 1053 1572 1092 tribuit,
1598 1065 1682 1095 quae
1706 1052 1838 1085 Cassius
1861 1051 1959 1082 dixe-

67 1118 130 1142 rat.
176 1111 247 1142 Cur
269 1110 443 1151 uolgatum
465 1110 654 1152 adrogasse
679 1109 714 1139 in
737 1111 912 1153 adrogare
935 1109 1094 1139 mutarim
1106 1133 1114 1147 ,
1139 1109 1273 1150 Proleg.
1298 1109 1339 1138 L.
1364 1107 1390 1137 I.
1416 1107 1453 1137 C.
1478 1106 1538 1137 III.
1565 1108 1594 1149 §.
1620 1118 1649 1138 2.
1678 1105 1833 1149 exposui.

153 1163 325 1202 Qucmzuis
341 1163 431 1193 euim
447 1162 511 1193 illa
526 1160 707 1205 floruerit)
732 1162 784 1192 De
799 1169 977 1203 quaestura
994 1174 1053 1193 sua
1066 1161 1232 1204 gloriatur
1251 1160 1352 1190 etiam
1370 1159 1489 1190 Cicero
1508 1160 1551 1190 H.
1573 1159 1608 1190 in
1625 1160 1726 1192 Uerr.
1742 1159 1787 1193 V,
1815 1158 1862 1196 14,
1888 1157 1938 1187 55.
1951 1177 1959 1186 .

150 1218 193 1248 Iu
216 1216 388 1247 maxumis
412 1213 570 1257 irrueriis)
614 1213 812 1245 Praeturam
844 1214 1010 1255 significat
1040 1221 1073 1246 et
1102 1214 1325 1246 consulatum.
1373 1211 1445 1243 Cfr.
1478 1211 1656 1243 Ernestius
1689 1212 1725 1243 in
1757 1212 1853 1243 Clau.
1889 1211 1959 1242 Cic.

65 1270 126 1303 sub
150 1270 211 1300 hac
238 1280 332 1299 uoce.

158 1322 206 1354 Ut
229 1334 296 1353 non
319 1321 371 1352 ita
393 1320 481 1352 mihi
502 1319 653 1351 multum
673 1319 811 1361 gloriae
836 1320 883 1351 sit
905 1333 946 1352 ex
969 1326 1176 1364 quaesturae
1199 1319 1303 1351 laude
1326 1317 1563 1361 repetendum)
1595 1316 1649 1347 Sic
1672 1316 1708 1347 in
1723 1316 1805 1348 Bau.
1830 1323 1863 1348 et
1886 1316 1960 1348 Erf.

66 1376 123 1408 hic
144 1376 238 1406 locus
260 1373 406 1415 scriptus
428 1378 540 1411 extat,
575 1372 716 1413 reliquis
747 1372 903 1404 omnibus
931 1374 1070 1417 gloriae
1095 1372 1340 1404 omittentibus.
1385 1395 1404 1409 ,‚
1415 1372 1497 1402 Bau.
1526 1370 1691 1402 uocabulo
1716 1370 1848 1412 egregie
1871 1370 1962 1401 hunc

68 1429 182 1461 locum
212 1432 323 1467 auget.
369 1425 482 1456 Habet
513 1425 623 1455 enim:
663 1430 703 1456 ut
725 1436 792 1455 nou
815 1425 867 1456 ita
889 1427 976 1458 milii
999 1426 1149 1458 multum
1168 1425 1306 1468 gloriae
1332 1424 1378 1455 sic
1410 1430 1471 1455 ete.
1481 1446 1489 1455 .
1535 1425 1625 1456 Nam
1654 1435 1698 1454 ex
1722 1423 1826 1454 laude
1858 1433 1963 1464 quae-—

68 1489 183 1515 sturae
203 1480 323 1523 gloria
347 1477 505 1510 Ciceroni
527 1483 625 1520 parta
650 1483 790 1519 optume
823 1477 963 1518 dicitur,
1000 1485 1102 1521 atque
1124 1477 1207 1508 adeo
1231 1476 1353 1508 melius
1364 1502 1373 1517 ‚
1412 1489 1480 1508 non
1504 1477 1651 1507 multum
1674 1476 1738 1508 sibi
1758 1476 1896 1519 gloriae
1919 1487 1961 1506 ex

68 1547 107 1567 ea
129 1534 233 1567 laude
257 1531 482 1574 repetendum
504 1530 627 1562 uideri.
672 1531 733 1561 HI.
758 1531 859 1562 Tusc.
876 1542 905 1563 2.
927 1532 1047 1575 gloria
1068 1536 1118 1563 est
1143 1530 1356 1562 consentiens
1380 1531 1457 1562 laus
1481 1529 1656 1562 bonorum.
1699 1529 1742 1560 Π.
1759 1529 1800 1559 de
1815 1529 1890 1559 Inu.
1909 1529 1961 1560 55.

67 1588 187 1632 gloria
209 1591 259 1618 est
273 1583 444 1628 frequens
467 1584 508 1616 cle
531 1584 650 1627 aliquo
664 1582 771 1625 fama
794 1597 871 1616 cum
895 1585 1009 1617 laude.
1054 1584 1144 1617 Uide
1162 1583 1251 1614 infra
1271 1584 1312 1613 ad
1335 1583 1372 1614 C.
1389 1582 1563 1613 XXXVI.
1575 1605 1583 1613 .
1628 1582 1826 1614 Delectatur
1848 1587 1961 1612 autem

69 1640 188 1672 Cicero
212 1637 404 1669 istiusmodi
425 1638 663 1668 coniunctione
685 1636 795 1668 laudis
825 1643 858 1668 et
886 1637 1024 1679 gloriae.
1070 1637 1097 1667 I.
1128 1637 1170 1668 de
1193 1636 1262 1669 Off.
1286 1636 1336 1668 52.
1372 1636 1529 1676 Quorum
1552 1647 1634 1666 uero
1653 1641 1775 1678 patres
1800 1640 1863 1666 aut
1885 1647 1961 1666 ma-

69 1693 159 1725 iores
181 1691 302 1734 aliqua
321 1690 442 1733 gloria
459 1690 715 1733 praestiterunt
724 1713 731 1727 ‚
759 1690 787 1721 ii
809 1691 948 1722 studeat
969 1691 1176 1734 plerumque
1201 1691 1317 1722 eodem
1340 1690 1375 1721 ia
1397 1700 1523 1732 genere
1546 1687 1664 1719 laudis
1687 1687 1860 1719 excellere.
1896 1687 1960 1719 IV.

68 1745 105 1776 in
126 1744 226 1776 Catil.
254 1754 302 1774 10.
336 1744 420 1775 Erit
438 1742 597 1787 profecto
621 1743 712 1774 iuter
735 1744 857 1774 horum
880 1744 1001 1776 laudes
1024 1744 1162 1787 aliquid
1185 1744 1251 1775 loci
1273 1748 1410 1774 nostrae
1427 1740 1574 1784 gloriae.
1619 1750 1682 1781 pro
1705 1740 1824 1770 Flacco
1856 1750 1883 1769 c.
1910 1750 1923 1770 1
1932 1750 1959 1770 ι.

71 1798 108 1830 in
131 1809 199 1840 qua
223 1809 382 1828 maxume
404 1796 536 1841 florere
555 1796 695 1838 generis
718 1796 774 1827 sui
794 1796 949 1838 gloriam
977 1797 1136 1834 uiderat,
1173 1797 1311 1828 laudem
1328 1795 1472 1838 patriae
1495 1794 1531 1824 ia
1554 1793 1749 1824 libertatem
1771 1792 1960 1823 nendican-

69 1851 134 1882 dae
154 1855 296 1893 praetor
325 1850 518 1881 aclamauit.
562 1859 625 1890 pro
647 1848 723 1889 Lig.
747 1859 774 1878 c.
802 1860 850 1880 12.
874 1850 983 1888 Noli,
1012 1849 1145 1881 obsec-ro
1155 1875 1165 1887 V,
1198 1849 1376 1886 dubitare,
1400 1847 1434 1879 C.
1458 1846 1584 1878 Caesar
1593 1870 1603 1883 ,
1633 1845 1780 1876 similem
1802 1845 1857 1876 illi
1881 1845 1961 1887 glo-

70 1904 145 1935 riae
167 1902 306 1934 laudem
329 1915 433 1946 quam
455 1903 664 1945 saepissume
688 1913 861 1944 quaerere.
871 1904 893 1919 “
933 1902 1194 1933 GARAToNn's.
1239 1900 1418 1933 Eiusmodi
1441 1899 1531 1929 locos
1559 1904 1725 1929 sescentos
1748 1898 1776 1929 si
1800 1897 1874 1939 quis
1899 1897 1961 1928 ad-

69 1956 183 1994 deret,
205 1955 292 1986 nihil
315 1955 395 1986 inde
421 1954 625 1986 firmamenti
644 1955 670 1985 B
696 1960 729 1985 et
751 1955 779 1985 E
801 1954 969 1997 scriptura
998 1955 1175 1997 acciperet.
1221 1953 1456 1987 Nihilominus
1485 1963 1504 1982 a
1527 1951 1691 1982 Cicerone
1713 1950 1866 1982 additum
1890 1961 1961 1982 esse

69 2009 212 2040 uerbum
233 2008 372 2051 gloriae
400 2007 736 2051 persuasissumumst
764 2007 866 2047 mihi,
902 2014 936 2039 et
967 2008 1103 2050 quidem
1133 2014 1313 2050 propterea
1325 2032 1332 2043 ,
1368 2006 1459 2048 quod
1491 2017 1530 2036 eo
1564 2004 1687 2035 omisso
1711 2003 1752 2034 ad
1777 2003 1961 2035 sententiae

70 2061 298 2103 integritatem
327 2061 454 2103 aliquid
485 2061 589 2092 deest.
636 2062 727 2092 Nam
757 2072 834 2092 cum
865 2067 1016 2105 repetere
1039 2061 1176 2104 aliquid
1198 2074 1239 2093 ex
1260 2061 1381 2103 aliqua
1405 2071 1440 2091 re
1471 2057 1558 2089 nihil
1588 2057 1672 2088 aliut
1694 2056 1858 2099 significet
1883 2055 1958 2094 nisi,

71 2126 144 2146 rem
166 2114 321 2156 aliquam
334 2112 476 2156 fontem
492 2119 640 2158 putare,
678 2126 718 2145 ex
741 2126 807 2157 quo
829 2114 967 2158 aliquid
988 2120 1101 2145 ortum
1129 2115 1187 2146 uel
1209 2114 1445 2146 deducendum
1470 2112 1535 2149 sit,
1569 2110 1666 2142 nobis
1691 2117 1797 2143 etwas
1818 2122 1883 2142 von
1909 2109 1959 2140 ei-

72 2178 133 2199 ner
155 2166 265 2197 Saclie
293 2167 478 2206 lzerleiteu,
508 2178 661 2198 mancam
690 2165 843 2209 profecto
873 2167 1075 2198 sententiam
1099 2178 1168 2197 esse
1193 2166 1418 2207 intellegitur,
1451 2165 1479 2195 si
1506 2163 1548 2195 ad
1572 2176 1697 2195 nomen
1719 2164 1868 2196 multum
1890 2173 1958 2194 non

70 2218 215 2251 addatur
238 2217 271 2249 id
281 2241 290 2257 ,
326 2219 419 2251 cuius
443 2220 537 2262 origo
564 2232 607 2252 ex
631 2225 830 2262 quaesturae
852 2219 951 2251 laude
975 2220 1170 2251 deducenda
1193 2219 1246 2251 sit.
1292 2220 1363 2249 lam
1386 2229 1462 2248 Cum
1484 2216 1702 2249 manifestum
1721 2217 1782 2256 sit,
1816 2216 1881 2247 hoc.
1905 2215 1958 2246 di-

71 2283 147 2303 cere
175 2271 265 2302 uelle
290 2271 504 2315 Ciceronem,
539 2284 695 2315 magnam
722 2272 850 2315 gloriae
878 2279 1011 2316 partem
1022 2297 1030 2313 ‚
1067 2283 1168 2314 qualn
1198 2277 1394 2302 consecutus
1423 2271 1484 2311 sit,
1518 2270 1583 2302 sibi
1613 2282 1683 2302 non
1712 2282 1754 2302 ex
1779 2275 1955 2312 quaestura

143 2431 171 2474 ι)
205 2434 390 2472 Spatiolum,
419 2434 501 2472 quod
522 2434 553 2462 in
579 2433 681 2462 codice
705 2438 763 2470 cst,
793 2434 829 2462 Α.
852 2434 952 2462 Maius
976 2433 1112 2472 expleuit
1134 2433 1285 2462 uocabulo
1310 2432 1499 2471 συγκρίσεως.

1482 2483 1541 2514 34*
