2264 2746
249 90 303 118 18¹4
891 82 1462 114 COMMENTARIUS.

249 171 433 204 numquam
456 161 569 205 ecquis
591 165 624 190 et
647 158 721 190 sim.
744 156 869 200 scripta
889 155 1121 199 reperiuntur,
1151 163 1202 189 set
1230 168 1365 200 semper
1393 162 1452 188 aut
1472 162 1506 189 et
1528 157 1605 201 quis
1626 163 1684 190 aut
1704 158 1788 192 haec
1809 159 1897 203 quis.
1939 159 2108 193 Audacior

249 214 390 245 mutatio
413 214 493 253 erit,
516 213 543 245 si
568 211 640 253 quis
665 210 716 243 At
739 221 942 253 quemqnam
962 208 1093 241 restitui
1115 211 1210 243 uelit.

333 278 370 309 IS
397 278 492 309 7107n0
521 281 554 306 et
584 275 613 305 ἱδ
641 273 742 315 fillis)
789 271 853 304 Cui
883 271 1050 303 bonorum
1079 273 1233 304 uirorum
1266 278 1298 304 et
1326 271 1376 304 rei
1403 271 1557 315 publicae
1585 271 1673 303 salus
1703 272 1794 303 cordi
1820 272 1874 304 sit.
1917 272 1994 304 Hoc
2015 273 2110 308 dicit:

248 332 326 363 Non
350 330 462 367 debes,
489 327 546 369 qui
567 326 672 358 bonos
695 326 785 357 uiros
808 324 986 356 incolumis
1009 336 1149 367 remque
1170 325 1339 368 publicam
1361 325 1489 357 saluam
1511 324 1642 367 cupias,
1673 336 1817 367 purgare
1836 324 1988 357 inimicos
2009 337 2112 366 meos,

249 383 307 425 qui
336 383 422 413 uitae
451 391 544 411 meae
572 378 705 410 insidias
736 378 924 409 struxerint
952 384 1052 420 atque
1083 379 1225 410 salutem
1254 378 1311 420 ,rei
1340 377 1509 422 publicae,
1558 388 1699 419 quacum
1728 388 1803 408 mea
1831 377 2008 410 coniuncta
2035 377 2111 419 fuit,

249 441 398 467 euertere
421 431 530 463 conati
551 431 628 463 sint.

331 497 426 536 Quae
446 513 488 519 —-
513 499 714 527 conseruata
741 494 798 535 sit)
841 494 895 526 Ne
927 493 1001 535 quis
1037 493 1073 526 in
1101 493 1316 526 coniunctiuo
1346 494 1499 533 haereat,
1539 493 1766 533 tenendumst,
1803 505 1890 538 quae
1910 511 1953 517 —
1974 495 2022 526 sit
2050 505 2112 538 pro

249 563 324 584 cum
345 566 387 572 ——
409 549 456 580 sit
478 559 547 579 esse
568 547 704 578 dictum.

330 612 555 644 [nimivm-mn
575 610 742 643 modestia
764 622 830 642 non
850 621 920 642 esse
942 609 1145 653 adpetitam)
1189 610 1370 649 Mirumst,
1409 621 1612 652 quemquam
1642 608 1827 641 multorum
1856 610 2007 642 codicum
2029 609 2114 642 scri-

245 673 380 711 pturam
403 664 558 697 molestia
579 661 676 694 alteri
698 663 864 694 modestia
886 662 1056 705 praeferre
1078 663 1238 706 potuisse.
1263 662 1354 704 Quid
1377 662 1469 694 enim
1490 662 1677 704 languidius
1699 673 1718 692 a
1731 662 1892 694 Cicerone
1915 662 1978 694 dici
1989 662 2114 706 potuit,

246 731 346 761 quam
375 718 533 749 molestos
561 715 663 747 fuisse
692 714 865 753 inimicos,
899 727 982 757 quos
1012 716 1111 747 modo
1141 716 1269 747 inmani
1292 715 1326 746 in
1349 726 1384 746 se
1407 714 1482 745 odio
1506 714 1814 757 crudelissumoque
1835 714 1938 747 fuisse
1958 716 2113 748 dixerat?

247 773 373 803 Contra
398 770 528 813 egregie
553 775 586 801 et
607 779 727 811 magna
748 779 824 799 cum
849 768 1027 799 acerbitate
1050 769 1268 801 inimicorum
1285 768 1452 800 modestia
1472 767 1612 810 dicitur,
1636 780 1703 810 quo
1725 767 1842 808 uerbo,
1868 773 1906 799 ut
1927 774 2017 800 recte
2038 780 2114 800 mo·

245 824 320 856 nuit
343 823 540 864 XVeiskius,
564 821 749 854 moderatio
777 821 938 864 quaedam
959 821 996 853 in
1015 822 1112 854 malis
1135 820 1317 854 inferendis
1340 820 1557 865 significatur.

1025 911 1053 944 C
1079 909 1111 945 A
1135 911 1176 946 P.
1214 909 1336 944 XXX.

330 984 360 1026 ξ.
393 994 442 1026 72.
487 983 594 1016 Liber
622 995 727 1015 essem
756 989 788 1014 et
816 981 962 1025 solatus)
1007 982 1113 1014 Amat
1142 982 1259 1013 Cicero
1289 981 1393 1013 uerba
1423 981 1509 1013 liber
1540 987 1573 1013 et
1602 981 1736 1013 solutus
1768 979 1945 1011 coniuncta
1974 991 2113 1024 ponere.

246 1034 317 1068 Cfr.
341 1036 384 1067 ΙΙ.
407 1037 442 1067 111
465 1037 566 1068 Uerr.
590 1037 621 1075 Ι,
648 1046 702 1075 12,
726 1036 796 1073 55„
819 1036 862 1066 II.
886 1035 922 1066 111
948 1037 1047 1068 Uerr.
1071 1036 1119 1073 II,
1145 1036 1199 1076 75,
1226 1035 1313 1071 185.⁹
1337 1035 1380 1066 II.
1403 1034 1439 1066 in
1462 1036 1559 1068 Uerr.
1583 1035 1653 1074 IV,
1681 1045 1737 1071 10,
1762 1033 1824 1065 25..

328 1099 621 1138 Fanziliczritcztis,
647 1098 861 1136 uicinitatis,
879 1099 995 1140 patris
1015 1098 1203 1139 amicitiae)
1246 1097 1337 1129 Idem
1359 1096 1427 1128 iam
1450 1097 1489 1129 C.
1512 1098 1558 1129 X.
1584 1097 1613 1139 ἕ.
1638 1099 1689 1129 25.
1715 1097 1818 1136 dixit,
1854 1098 1936 1141 quia
1948 1096 2116 1141 familia—

246 1152 295 1184 ris
320 1158 405 1184 esset
429 1165 540 1191 mens,
574 1153 657 1196 quia
687 1152 840 1189 uicinus,
875 1151 958 1193 qnia
987 1152 1090 1183 huius
1107 1155 1253 1193 parente
1275 1162 1406 1193 semper
1429 1150 1635 1193 plurumum
1657 1163 1762 1183 essem
1783 1163 1876 1183 usus.
1918 1151 2002 1183 Erat
2023 1151 2115 1183 enim

246 1205 364 1236 Cicero
384 1205 532 1246 Arpinas
555 1204 729 1235 finitumus
751 1202 964 1243 Atinatibus,
993 1214 1011 1234 e
1034 1214 1179 1245 quorum
1202 1201 1412 1245 praefectura
1434 1202 1589 1235 Plancius
1611 1210 1683 1235 erat
1705 1203 1876 1235 oriundus.

328 1268 425 1308 Quae
447 1267 478 1298 si
500 1279 566 1298 non
588 1273 714 1306 essent,
738 1278 876 1298 uererer
898 1267 1016 1305 credo,
1041 1278 1081 1297 ne
1104 1266 1253 1308 turpiter
1267 1264 1444 1308 facerem,
1466 1266 1497 1297 si
1519 1266 1580 1297 hoc
1602 1266 1780 1308 splendore
1802 1272 1834 1298 et
1856 1268 1920 1299 hac
1941 1268 2115 1311 dignitate

244 1320 412 1351 hominem
434 1318 663 1362 defenderem)
714 1319 859 1351 Uererer
889 1330 932 1349 ex
958 1317 1031 1349 Erf.
1062 1324 1151 1349 recte
1175 1317 1360 1357 Graeuius,
1393 1317 1481 1360 quod
1503 1323 1536 1348 et
1557 1317 1629 1348 sine
1651 1317 1746 1349 libris
1770 1318 1945 1351 edidissem
1966 1332 2030 1363 pro
2055 1334 2115 1353 ue·-

245 1385 332 1405 reor.
366 1373 590 1403 ERNESTIUS.
634 1372 828 1403 Ernestium
859 1371 1061 1402 recentiores
1088 1370 1230 1401 editores
1254 1381 1369 1401 omnes
1391 1370 1497 1402 secuti
1517 1376 1612 1409 sunt,
1645 1376 1680 1401 et
1699 1377 1788 1402 recte
1811 1372 1964 1413 quidem3
1996 1385 2116 1415 quam-

245 1437 345 1468 quam
367 1435 497 1463 uereor,
520 1435 563 1454 ne
586 1435 662 1455 casu
684 1424 788 1466 magis
813 1420 912 1466 quam
935 1423 1065 1454 ratione
1087 1434 1202 1453 ueram
1227 1422 1429 1465 scripturam
1451 1422 1672 1454 restituerint.
1716 1425 1805 1456 Nam
1828 1431 2002 1464 rectumst,
2027 1426 2116 1468 quod

244 1489 314 1509 non
337 1476 518 1508 credidisse
540 1476 716 1508 Ernestius
738 1477 890 1513 uidetur,
915 1475 1077 1518 loquendi
1098 1487 1219 1517 genus,
1243 1488 1383 1515 uereor,
1406 1489 1447 1508 ne
1469 1477 1620 1519 turpiter
1632 1475 1808 1519 facerem,
1839 1478 1871 1509 si
1892 1477 2119 1521 defenderem·

244 1530 315 1568 Sic,
344 1536 383 1561 ut
404 1541 510 1560 unum
532 1528 678 1561 adferam
700 1530 831 1569 locum,
862 1529 980 1560 Cicero
1004 1528 1152 1571 Philipp.
1174 1529 1207 1568 I,
1232 1539 1267 1568 2,
1289 1530 1319 1560 5.
1355 1542 1458 1573 qnae,
1492 1529 1562 1561 nisi
1582 1529 1726 1572 conlega
1748 1528 1913 1571 afuisset,
1947 1531 2045 1563 credo
2069 1532 2117 1564 eis

234 1582 353 1626 ficisse
368 1582 502 1626 fidum
525 1584 716 1615 conmunia.
762 1584 893 1615 Uerum
915 1582 955 1612 ab
981 1582 1045 1613 hoc
1067 1582 1141 1613 loco
1165 1593 1284 1614 uereor
1306 1589 1487 1625 propterea
1515 1581 1713 1621 alienumst,
1752 1582 1856 1624 quod,
1893 1582 1958 1614 hoe
1979 1584 2008 1614 si
2033 1590 2119 1616 esset

244 1635 410 1678 positum,
436 1635 553 1667 Cicero
576 1647 694 1667 reuera
714 1646 748 1666 se
774 1641 894 1678 putare
919 1634 1135 1677 significaret,
1167 1635 1195 1667 si
1213 1635 1291 1666 illae
1313 1635 1575 1667 necessitudines
1597 1646 1667 1666 non
1690 1641 1817 1674 essent,
1847 1641 1945 1678 turpe
1967 1635 2059 1676 fore,
2088 1636 2116 1668 si

244 1694 313 1718 tam
340 1687 551 1730 splendidum
583 1695 616 1720 et
645 1695 801 1720 ornatum
828 1688 944 1719 uirum
973 1687 1177 1719 defenderet.
1221 1688 1330 1730 Atqui
1358 1689 1423 1720 hoc
1446 1700 1545 1719 nemo
1575 1699 1644 1719 non
1666 1687 1759 1719 uidet
1781 1698 1891 1729 neque
1913 1699 1931 1719 a
1954 1689 2116 1720 Cicerone

244 1751 353 1782 neque
375 1751 394 1770 a
420 1752 589 1783 quoquam
611 1741 677 1772 alio
701 1741 838 1772 homine
860 1753 940 1772 sano
963 1741 1027 1772 dici
1048 1741 1208 1784 potuisse.
1253 1742 1343 1772 Nam
1371 1741 1405 1772 id
1430 1741 1582 1784 profecto
1614 1752 1715 1772 nemo
1747 1740 1870 1779 credit,
1908 1746 2006 1783 turpe
2033 1752 2113 1781 esse,

244 1793 417 1824 hominem
439 1793 757 1836 splendidissumum
780 1799 812 1824 et
834 1794 1097 1825 ornatissumum
1119 1793 1311 1833 defendere,
1334 1793 1363 1825 si
1385 1805 1454 1825 non
1476 1794 1520 1825 sit
1541 1794 1707 1825 amicitiae
1729 1793 1850 1825 uinclis
1872 1804 1948 1824 cum
1972 1804 2009 1824 eo
2032 1805 2115 1825 con-

245 1845 387 1877 iunctus.
432 1847 550 1889 Itaque
574 1846 758 1878 necessario
790 1846 855 1888 legi
888 1859 1026 1879 uererer
1054 1847 1167 1886 debet,
1201 1846 1291 1889 quod
1314 1857 1390 1877 cum
1416 1847 1556 1888 quadam
1578 1846 1852 1889 interrogationis
1875 1845 2115 1887 significatione

248 1898 373 1930 dietum
396 1898 490 1939 itast,
514 1906 552 1931 ut
570 1900 716 1937 denotet,
740 1905 777 1931 at
799 1911 865 1931 non
889 1912 1019 1933 uereor.
1063 1900 1151 1931 Tota
1173 1906 1285 1930 autem
1307 1900 1472 1931 sententia
1495 1912 1571 1932 cum
1594 1900 1713 1938 ironia,
1737 1899 1829 1930 cuius
1851 1897 2012 1929 indicium
2035 1909 2116 1930 uer-

247 1951 326 1982 bum
347 1953 444 1984 credo
469 1959 534 1993 est,
555 1952 726 1984 enuntiata
749 1958 797 1983 est
819 1953 883 1983 hoc
905 1965 1021 1986 sensu:
1054 1953 1134 1986 Uncl
1155 1966 1253 1986 wenn
1276 1953 1367 1985 die-se
1389 1954 1484 1985 nicht
1509 1956 1642 1992 wc'iren,
1666 1953 1784 1986 wiircle
1806 1952 1861 1983 ich
1883 1951 2115 1984 tvaltrsclzein-

248 2004 316 2036 lich
336 2006 483 2038 sclzleclit
504 2019 549 2037 zu
571 2006 719 2038 handeln
732 2005 918 2048 fi'ircliten,
947 2018 1044 2037 wenn
1067 2007 1122 2038 ich
1145 2007 1241 2038 einen
1264 2018 1300 2037 so
1320 2006 1539 2048 glc'inzenden
1562 2007 1635 2039 und
1655 2005 1882 2039 wiirclevollen
1903 2004 2014 2035 sslann
2036 2017 2113 2037 ver-

248 2056 423 2099 tlzeicligte.
465 2058 519 2089 Sic
548 2059 678 2101 saepius
708 2060 806 2091 credo
840 2070 939 2090 sensu
968 2058 1095 2089 ironico
1126 2070 1202 2089 cum
1234 2059 1348 2090 uereri
1387 2059 1604 2090 coniunctum
1634 2059 1810 2102 reperitur.
1855 2056 1973 2087 Cicero
2003 2057 2047 2088 II.
2076 2058 2113 2090 in

248 2108 347 2140 Uerr·
369 2109 402 2146 I,
429 2121 482 2148 11,
505 2111 556 2142 51.
587 2111 685 2144 Haec
707 2113 738 2144 si
760 2124 822 2155 ego
846 2124 912 2144 non
936 2112 1100 2144 uidissem
1121 2129 1165 2135 —
1186 2113 1302 2150 credo,
1330 2112 1362 2143 si
1386 2113 1469 2144 meis
1492 2114 1586 2146 horis
1608 2114 1645 2145 in
1665 2109 1874 2144 aceusscmdo
1897 2110 1951 2140 uti
1980 2110 2113 2142 uoluis-

248 2172 335 2198 sem,
365 2173 517 2201 uererer,
549 2176 590 2196 ne
611 2165 697 2197 mihi
720 2166 867 2198 crimina
892 2177 958 2196 non
980 2170 1208 2208 suppeterent.
1254 2164 1304 2196 Id.
1326 2165 1353 2198 I.
1376 2165 1411 2196 in
1433 2166 1527 2197 Rull.
1555 2165 1591 2204 8,
1624 2165 1673 2196 24.
1710 2163 1788 2195 Hoc
1807 2167 1901 2193 Inotlh
1923 2167 2027 2206 atque
2047 2163 2113 2195 hac

243 2211 502 2256 perturbatione
529 2217 721 2249 animorum
752 2224 856 2261 atque
884 2229 1000 2250 rerum
1027 2229 1127 2261 quom
1156 2218 1283 2261 populo
1305 2218 1350 2250 R.
1382 2231 1449 2250 uox
1471 2225 1504 2251 et
1525 2217 1713 2250 auctoritas
1737 2215 1885 2246 consulis
1911 2221 2048 2258 repente
2073 2216 2110 2248 in

248 2265 355 2297 tantis
378 2265 521 2297 tenebris
543 2269 726 2301 inluxerit:
743 2287 786 2294 —
824 2271 1012 2303 uerendum
1034 2271 1131 2302 credo
1154 2270 1249 2302 nobis
1276 2271 1361 2310 erit,
1398 2284 1439 2303 ne
1460 2277 1578 2303 nostra
1600 2269 1663 2300 illa
1683 2268 1866 2311 praeclara
1888 2267 1942 2299 lex
1964 2269 2111 2311 agraria

248 2317 361 2360 magis
377 2318 560 2360 popularis
587 2333 656 2352 esse
678 2324 850 2356 uideatur,
893 2323 1023 2355 Ibidem
1052 2323 1082 2364 ς.
1107 2325 1157 2355 25.
1182 2325 1425 2367 pertimescam
1455 2323 1570 2360 cred0,
1599 2334 1639 2353 ne
1666 2321 1752 2352 mihi
1777 2332 1843 2352 non
1865 2320 1968 2353 liceat
1990 2327 2110 2354 contra

249 2382 310 2402 uos
333 2370 369 2401 in
392 2371 545 2403 contione
566 2375 755 2408 consistere.
800 2376 893 2408 Idem
915 2378 941 2408 I.
965 2377 1001 2408 in
1025 2377 1123 2408 Catil.
1148 2387 1184 2417 2,
1207 2378 1237 2408 5.
1261 2376 1300 2408 Si
1321 2381 1354 2408 te
1374 2376 1461 2413 iam,
1483 2374 1653 2413 Catilina,
1682 2373 1926 2417 conprehendi,
1948 2373 1980 2405 si
2001 2374 2109 2405 inter.-

2213 2639 2235 2746 ias„
2230 2609 2233 2630 ,.

2234 1335 2241 1459 ψ-νᾼ-ᾔ.
2233 1299 2240 1325 A„
2238 1276 2241 1285 -
2238 1249 2240 1258 e

2234 2058 2235 2062 „
2230 1877 2237 2047 «-,-η-.
2234 1834 2237 1862 ,-
2233 1760 2238 1824 —-„
