2264 2746
276 112 309 137 10
920 95 964 123 M.
992 92 1154 122 TULLI
1179 92 1464 122 CICERONIS
1500 93 1702 122 ORATIO

277 191 347 212 non
368 182 498 222 potest,
531 181 565 207 et
585 180 619 206 te
641 171 682 204 ad
707 179 855 200 caussam
877 166 1060 211 aliquando
1084 167 1281 210 crimenque
1303 167 1495 200 deducere?
1541 167 1595 208 Si,
1624 167 1715 211 quod
1741 167 1862 210 equitis
1885 169 2032 201 Romani
2060 170 2149 203 filius

280 239 351 272 est,
382 228 525 262 inferior
547 238 616 259 esse
638 222 772 255 debuit:
802 232 918 253 omnes
940 226 1054 252 tecum
1076 220 1230 263 equitum
1253 221 1489 252 Romanorum
1521 221 1583 253 filii
1604 222 1823 265 petiuerunt3
1854 220 1943 253 nihil
1975 222 2049 255 dico
2078 236 2152 256 am—

279 285 380 329 plius.
424 283 501 315 Hoc
522 287 632 312 tamen
653 276 778 315 miror,
803 286 862 306 cur
883 281 922 307 tu
944 273 1023 306 huic
1046 273 1272 316 potissumum
1293 273 1456 313 irascare,
1500 274 1558 316 qui
1581 274 1788 317 longissume
1809 284 1829 305 a
1849 279 1883 305 te
1905 273 2000 308 afuit.
2044 277 2154 320 Equi-

281 338 359 370 dem
380 337 408 369 si
432 333 581 377 quando,
609 336 649 362 ut
670 329 725 369 fit,
755 327 862 359 iactor
884 327 918 359 in
949 326 1067 367 turba,
1095 338 1166 358 non
1188 326 1289 358 illum
1311 336 1460 367 accusso,
1490 327 1548 370 qui
1571 333 1620 359 est
1644 327 1680 359 in
1703 338 1835 359 summa
1857 338 1950 359 sacra
1971 328 2044 370 uia,
2077 341 2154 364 cum

281 403 342 434 ego
365 389 407 421 ad
429 385 571 420 Fabium
592 381 759 414 fornicem
780 381 939 425 inpeHor‚
963 386 1014 412 set
1036 391 1124 420 eum,
1149 379 1209 422 qui
1230 379 1267 410 in
1288 390 1344 410 me
1365 378 1477 422 ipsum
1503 380 1648 412 incurrit
1668 387 1770 423 atque
1795 379 1924 411 incidit.
1969 381 2026 413 Tu
2046 394 2156 426 neque

283 446 328 486 Q.
350 440 468 478 Pedio,
491 437 574 469 forti
596 436 695 476 uiro,
717 446 906 475 suscenses,
929 445 1040 477 neque
1062 433 1143 466 huic
1164 433 1210 466 A.
1233 431 1363 472 Plotio,
1388 432 1612 465 ornatissumo
1635 433 1786 473 homini,
1818 431 1979 465 familiari
1999 446 2095 475 meo,
2124 443 2158 469 et

282 496 323 528 ab
347 506 401 532 eo,
425 491 483 534 qui
505 491 566 522 hos
590 488 752 529 dimouit,
774 487 888 532 potius
921 499 1022 530 quam
1049 487 1090 518 ab
1119 486 1178 527 iis,
1202 485 1260 528 quj
1282 484 1319 516 in
1340 490 1375 516 te
1395 484 1509 527 ipsum
1530 485 1768 526 incubuerunt,
1792 491 1825 518 te
1847 485 2027 529 depulsum
2047 494 2157 531 putas.

240 554 274 581 18
285 549 342 580 Set
362 552 476 576 tamen
494 545 578 576 haec
598 542 694 574 tibist
716 541 828 585 prima
849 552 927 572 cum
949 540 1085 572 Plancio
1109 539 1241 583 generis
1263 537 1373 569 uostri
1394 536 1611 580 familiaeque
1632 539 1821 579 contentio,
1857 551 1922 581 qua
1944 540 2001 571 abs
2023 547 2057 573 te
2079 540 2160 574 11111-

285 601 388 632 citur:
412 608 472 628 cur
494 596 587 628 enim
611 607 682 627 non
704 594 864 627 confitear
887 592 979 636 quod
1000 594 1189 624 necessest?
1219 597 1270 624 set
1292 601 1362 622 non
1385 589 1441 620 hic
1463 591 1584 632 magis,
1615 603 1715 634 quam
1739 604 1799 635 ego
1822 604 1841 624 a
1863 593 1947 625 meis
1971 594 2162 637 conpetito-

284 652 376 684 ribus
401 656 434 681 et
458 649 537 681 alias
561 655 594 680 et
614 648 652 680 in
683 648 873 680 consulatus
895 646 1063 690 petitione
1085 644 1255 676 uincebar.
1301 644 1360 675 Set
1380 642 1478 683 uide,
1501 654 1545 674 ne
1566 644 1648 675 11300
1669 644 1758 687 ipsa,
1783 656 1867 687 quae
1890 645 2048 689 despicis,
2082 647 2162 679 huic

283 703 464 745 suffragata
487 702 571 734 sint:
595 701 641 733 sic
664 701 755 732 enim
778 699 1000 732 conferamus.
1046 699 1109 731 Est
1129 704 1227 729 tuum
1248 708 1373 728 nomen
1395 702 1540 738 utraque
1561 695 1690 727 familia
1718 698 1903 730 consulare.
1948 700 2042 731 Num
2062 700 2164 732 dubi,-

284 764 333 788 tas
356 755 477 798 igitur,
502 754 584 797 quin
608 765 743 793 omnes,
775 753 833 796 qui
855 752 972 784 fauent
994 751 1181 791 nobilitati,
1214 750 1272 793 qui
1294 749 1330 781 id
1351 755 1473 792 putant
1496 761 1567 781 esse
1592 750 1891 792 pulcherrumum,
1924 752 1983 794 qui
2004 752 2164 795 imagini.

284 810 365 848 bus,
393 807 451 850 qui
472 807 666 838 nominibus
688 806 813 838 uostris
839 805 1029 844 ducuntur,
1063 810 1097 836 10
1119 804 1264 835 aedilem
1286 801 1450 834 fecerint?
1496 803 1667 844 Equidem
1690 815 1760 834 non
1784 802 1913 835 dubito.
1958 805 2016 836 Set
2044 805 2072 837 si
2101 817 2164 849 pas-

285 874 364 894 rum
385 860 486 893 multi
507 866 602 900 sunt,
628 860 686 902 qui
707 859 921 891 nobilitatem
943 863 1073 897 ament,
1097 868 1181 888 num
1205 857 1300 888 istast
1322 861 1437 887 nostra
1459 856 1580 898 culpa?
1611 856 1748 887 Etenim
1769 855 1812 887 ad
1833 863 1933 900 caput
1964 863 1997 889 et
2021 858 2064 889 ad
2085 858 2165 890 fon.-

287 922 357 947 tem
379 913 557 955 utriusque
579 912 710 956 generis
733 912 920 943 ueniamus.

243 980 278 1007 19
373 967 470 1000 VIII.
494 967 549 997 Tu
574 978 607 998 es
631 977 673 997 ex
695 964 882 1007 municipio
912 963 1157 1006 antiquissumo
1181 961 1393 1001 Tusculano,
1425 973 1469 993 ex
1493 973 1558 1004 quo
1582 961 1687 1003 [sunt]
1712 962 1892 1004 plurumae
1913 961 2062 996 familiae
2084 976 2167 998 con-

289 1021 434 1059 sulares,
457 1019 493 1050 in
517 1020 637 1061 quibus
662 1024 711 1049 est
733 1017 834 1049 etiam
857 1016 1030 1056 quentia,
1054 1022 1121 1056 tot,
1153 1021 1237 1058 quot
1259 1026 1301 1046 ex
1324 1015 1463 1057 reliquis
1488 1014 1682 1058 municipiis
1707 1016 1864 1047 omnibus
1886 1028 1956 1048 non
1980 1023 2075 1057 sunt3
2110 1019 2167 1051 hic

290 1080 340 1105 est
363 1085 382 1105 e
403 1071 616 1116 praefectura
638 1070 787 1110 Atinati,
816 1081 886 1102 non
908 1075 978 1101 tam
1000 1069 1127 1113 prisca,
1155 1079 1226 1100 non
1246 1073 1316 1099 tam
1339 1068 1520 1109 honorata,
1549 1079 1617 1099 non
1646 1073 1715 1098 tam
1742 1068 1945 1101 suburbana.
1990 1071 2166 1112 Quantum

365 1227 541 1267 aliquando)
562 1226 733 1254 Seruarunt
751 1225 776 1253 Β
796 1230 828 1254 et
847 1225 883 1253 E.
901 1239 938 1247 -—

366 1277 414 1312 Si,
435 1274 528 1315 quod)
547 1274 596 1301 Lb
617 1273 783 1312 Siquidem.
802 1288 841 1294 ·—-
879 1271 1026 1312 Romani)
1045 1281 1080 1310 χι
1102 1273 1231 1300 rczcioni.
1247 1285 1285 1292 —
1322 1268 1436 1309 tecum)
1456 1270 1486 1298 D
1503 1270 1536 1299 in
1552 1281 1644 1309 marg.
1659 1281 1717 1309 pro
1732 1271 1883 1300 uarietate
1896 1270 1991 1302 habet
2005 1283 2115 1304 secum.
2129 1290 2167 1298 -

291 1322 514 1357 Romanorum)
535 1321 579 1358 χ5
600 1326 772 1354 terrarum,
791 1330 818 1358 ψ
837 1322 979 1350 Romani.
997 1334 1036 1340 —-
1074 1317 1189 1358 tamen)
1209 1319 1274 1354 Mb,
1295 1329 1341 1354 ου,
1360 1320 1462 1353 Pucc.‚
1484 1325 1514 1348 et
1534 1318 1605 1346 Urs.
1626 1325 1757 1348 tantum.
1776 1335 1816 1340 —
1853 1330 1909 1348 cur
1927 1325 1963 1349 tu
1981 1319 2067 1358 huic)
2092 1322 2118 1351 Β
2139 1329 2170 1353 et

291 1374 318 1401 Ε
340 1384 396 1402 cur
416 1372 508 1404 lmioe
528 1371 571 1398 Pa
590 1379 647 1397 cur
663 1375 697 1396 ta
717 1368 780 1397 hoc.
801 1384 838 1390 -—
875 1366 1020 1406 irascare)
1041 1367 1065 1396 C
1086 1371 1117 1395 et
1138 1367 1164 1394 T
1186 1369 1328 1395 irascere.
1347 1381 1385 1389 -—
1423 1365 1512 1405 afuit)
1531 1367 1584 1395 Ma
1604 1370 1635 1394 et
1654 1367 1692 1404 23
1721 1367 1826 1406 afficit.
1844 1382 1882 1389 ·—

366 1417 532 1458 Equidem)
552 1419 604 1446 Ma
623 1418 757 1452 Etenim,
778 1417 810 1445 H
826 1418 868 1445 Ec
888 1417 1019 1455 quidem.
1039 1429 1077 1436 —
1116 1413 1154 1453 si)
1174 1414 1223 1442 Lb
1245 1416 1311 1442 etsi.
1329 1428 1367 1435 —
1405 1412 1452 1452 fit)
1473 1413 1496 1442 C
1509 1414 1587 1450 fiat.
1606 1428 1644 1435 —
1681 1413 1780 1443 iactor
1799 1413 1845 1453 in)
1866 1415 1910 1453 23
1929 1417 2170 1446 metatorum...-

292 1468 351 1506 est)
372 1467 418 1494 Le
439 1471 469 1494 et
489 1466 522 1494 H
543 1476 601 1494 om.
619 1479 657 1487 —-
696 1464 763 1503 ego)
783 1475 818 1493 ου
840 1475 898 1494 0111.
921 1479 957 1487 -
997 1461 1162 1502 fornicem)
1181 1463 1234 1491 Mc
1248 1461 1471 1499 Phormionem.
1487 1476 1525 1482 —-
1563 1460 1608 1499 in)
1627 1471 1663 1489 ου
1683 1472 1742 1489 om.
1762 1475 1800 1482 —--
1835 1461 1981 1498 incurrit)
1998 1464 2170 1495 Arusianus

294 1515 429 1545 Messius
451 1525 480 1552 p.
499 1513 564 1541 382.
584 1511 754 1541 incumbat.
773 1528 811 1533 —

367 1562 479 1600 neque)
497 1561 527 1588 D
549 1570 587 1588 ne
602 1570 680 1598 quae
699 1569 769 1588 cum
790 1560 828 1598 gl.
850 1570 1002 1598 neque.—
1021 1556 1130 1596 Pedio)
1155 1556 1194 1595 χ5
1212 1556 1320 1585 Pedio.
1337 1571 1377 1577 —
1395 1557 1565 1595 suscenses)
1584 1556 1634 1585 Sic
1658 1556 1702 1594 Ε,
1728 1558 1781 1586 Μ3
1796 1556 1964 1593 subcenses,
1985 1556 2083 1587 ceteri
2099 1569 2169 1588 suc-

293 1620 405 1640 censes.
425 1624 463 1629 --
499 1606 551 1647 A.)
577 1609 630 1637 Ma
650 1609 690 1636 al.
709 1623 747 1630 --
785 1614 817 1637 et
838 1608 874 1636 ab
906 1607 954 1645 eo)
974 1606 1021 1634 La
1050 1605 1088 1633 ab
1111 1614 1153 1633 eo.
1170 1618 1210 1625 ·—·
1248 1603 1318 1641 hos)
1344 1604 1394 1633 Lb
1410 1598 1480 1641 veos,
1506 1605 1536 1632 D
1556 1615 1619 1632 uos.
1638 1619 1677 1626 --
1715 1603 1858 1641 dimouit)
1876 1604 1903 1632 E
1924 1608 1956 1632 et
1973 1603 2004 1631 D
2027 1605 2170 1642 demonit,

296 1668 331 1686 ου
350 1657 478 1686 domuit.
496 1670 534 1677 ·—-
571 1656 605 1683 in
628 1660 659 1684 te
678 1655 790 1694 ipsum)
811 1656 871 1691 Ma,
891 1656 942 1690 Ρ3,
962 1659 993 1682 et
1023 1654 1060 1691 23
1081 1658 1110 1681 te
1126 1654 1248 1690 ipsum,
1266 1651 1312 1679 Lc
1335 1658 1364 1680 te
1386 1655 1417 1681 ἰη
1441 1655 1552 1690 ipsum.
1573 1666 1612 1672 —-

371 1703 398 1744 §.
422 1705 464 1732 18.
486 1705 599 1740 tamen)
618 1704 679 1737 Ma,
700 1703 756 1738 Le,
777 1708 808 1731 et
826 1704 859 1732 H
881 1713 940 1731 om.
960 1716 996 1724 ·-
1034 1701 1110 1729 11300
1138 1699 1198 1728 tibi
1219 1698 1276 1737 est)
1305 1700 1357 1728 Ma
1376 1699 1451 1727 haec
1472 1706 1517 1727 est
1537 1699 1602 1727 tibi.
1622 1712 1660 1720 —·
1696 1697 1808 1738 nestri)
1833 1699 1887 1727 Ma
1906 1702 1937 1726 et
1955 1697 1987 1726 D
2007 1701 2114 1728 nostri.
2131 1715 2170 1723 -—

300 1751 447 1790 uincitur)
469 1751 492 1780 C
513 1753 639 1779 elicitur.
658 1766 696 1771 —
735 1750 895 1789 confitear)
914 1751 968 1779 Mb
989 1750 1183 1786 confiteatur.
1198 1761 1237 1767 --
1274 1746 1347 1785 Sed)
1366 1747 1415 1775 Lb
1436 1749 1472 1775 si.
1487 1762 1526 1769 —
1563 1756 1627 1774 non
1646 1744 1710 1785 hic)
1730 1747 1777 1775 La
1795 1746 1847 1775 hie
1863 1757 1933 1782 non,
1952 1745 2002 1773 Db
2023 1756 2084 1774 non
2104 1747 2170 1781 lzoc,

303 1801 327 1828 C
349 1811 406 1827 non
427 1800 508 1828 haec.
526 1814 564 1819 --
603 1804 633 1827 et
653 1798 726 1826 alias
753 1798 795 1837 et)
828 1799 881 1827 Mc
902 1801 1007 1827 etiam.
1024 1812 1063 1819 —-
1101 1793 1187 1832 alias)
1208 1794 1273 1830 Mb,
1292 1794 1353 1830 Lb‚
1372 1794 1423 1830 Pa,
1443 1795 1498 1831 Pb,
1516 1795 1574 1830 Pe,
1597 1793 1636 1830 O,
1663 1798 1694 1822 et
1713 1804 1731 1826 ς
1751 1795 1830 1823 aliis.
1849 1808 1887 1816 —-
1923 1791 1974 1831 in)
1995 1792 2036 1830 C,
2058 1793 2104 1831 T,
2124 1806 2169 1833 ου,

303 1851 333 1874 et
357 1847 394 1883 23
415 1849 509 1874 etiam
525 1849 567 1875 in.
589 1862 628 1867 —
663 1845 822 1884 uincebar)
842 1846 866 1874 C
887 1845 1040 1874 uincebat.
1058 1858 1097 1866 —-

377 1893 463 1932 11300)
482 1895 508 1922 Τ
531 1905 589 1922 om.
609 1908 648 1914 —
685 1892 855 1932 suffragata)
882 1893 921 1929 T,
942 1903 987 1929 ου,
1006 1898 1038 1922 et
1058 1893 1096 1931 23
1121 1890 1285 1930 szffragia.
1304 1905 1340 1912 -—·
1379 1889 1455 1930 sint)
1475 1890 1526 1919 Lb
1545 1891 1597 1919 sit.
1618 1903 1657 1911 ·--
1693 1885 1833 1926 utraque)
1858 1896 1897 1915 ου.
1912 1893 2034 1924 utrum,
2059 1899 2079 1922 ς
2098 1897 2173 1921 tua-

303 1953 369 1980 que.
388 1957 425 1964 -—·
462 1941 557 1980 Num)
576 1943 638 1977 Ma,
659 1942 724 1977 Mb,
745 1943 808 1977 Me,
828 1942 883 1977 La,
904 1941 955 1976 Pa,
976 1941 1031 1977 Pb,
1052 1942 1104 1976 Pe,
1124 1940 1165 1975 D,
1187 1939 1226 1975 Ο,
1247 1939 1287 1974 G,
1306 1938 1368 1974 Bu,
1395 1938 1430 1974 C,
1450 1938 1492 1974 Η,
1511 1949 1539 1974 ς,
1567 1948 1615 1976 χι,
1635 1942 1667 1965 et
1685 1944 1711 1974 ψ
1729 1936 1812 1963 Non.
1830 1950 1867 1957 -—
1907 1935 2040 1975 dubitas)
2066 1939 2119 1968 Ma
2140 1947 2174 1971 et

305 1991 338 2019 II
358 1990 483 2018 dubites.
502 2004 539 2011 —
577 1988 693 2028 omues)
714 1999 748 2018 ου
769 1999 823 2018 σος.
840 2005 878 2011 -
915 1987 1082 2027 ducuntur)
1101 1988 1146 2016 Le
1163 1988 1320 2016 (licuntur.
1334 2001 1372 2009 —-
1409 1983 1554 2024 fecerint)
1572 1986 1620 2014 La
1638 1995 1707 2014 cum
1726 1984 1764 2022 gl.
1776 1983 1936 2022 ficerunt,
1955 1983 2001 2012 Pb
2012 1985 2173 2023 fecerunt.

307 2053 344 2060 —-
362 2037 447 2075 num)
468 2038 508 2064 Pe
530 2039 618 2066 uncle.
637 2053 675 2060 ·-
713 2037 771 2077 est)
790 2037 839 2066 Lb
860 2047 919 2065 om.
939 2051 977 2058 --
1012 2034 1131 2072 nostra)
1152 2035 1194 2071 C,
1215 2035 1253 2072 Τ,
1275 2040 1307 2064 et
1326 2035 1375 2063 F1
1396 2040 1510 2063 uestra.
1531 2049 1570 2055 —
1605 2032 1643 2061 ad
1663 2031 1766 2071 caput)
1788 2031 1843 2060 Mb
1870 2035 1902 2059 et
1919 2041 1938 2064 ς
1958 2038 1987 2060 et
2006 2034 2052 2062 ad
2067 2044 2172 2074 eaput,

306 2100 346 2106 -
367 2089 398 2112 et
417 2083 466 2121 ad)
485 2085 545 2120 Ma,
566 2085 621 2120 Lc⁷
641 2091 670 2113 et
691 2086 723 2114 H
742 2092 781 2115 et.
800 2100 838 2106 —
875 2084 1037 2123 utriusque
1054 2083 1186 2122 generis)
1206 2083 1232 2112 E
1250 2085 1376 2122 generis
1395 2084 1566 2121 utriusque.
1582 2094 1620 2102 -—

383 2131 417 2159 C.
437 2130 525 2159 VIII.
545 2130 572 2170 §.
596 2141 637 2170 19.
658 2133 707 2171 ex)
726 2133 752 2162 E
773 2145 796 2162 e.
816 2147 854 2155 —-
891 2138 964 2161 sunt
982 2132 1133 2172 plurimae
1152 2131 1300 2171 familiae)
1320 2132 1371 2160 Sic
1393 2131 1434 2169 133
1455 2130 1481 2158 E
1498 2130 1654 2167 plurimae
1673 2133 1747 2156 sunt
1759 2126 1909 2165 familiae
1918 2136 1931 2162 ;
1958 2129 2054 2157 ceteri
2067 2132 2174 2168 plut-⁸¹·-

311 2190 377 2208 mae
388 2178 537 2217 familiae
557 2186 640 2208 sunt.
657 2195 694 2201 —
731 2180 788 2220 est)
808 2182 832 2210 B
853 2192 911 2210 om.
931 2196 970 2204 ——-
1007 2179 1161 2220 quentia)
1180 2182 1242 2216 Ma,
1261 2180 1327 2216 Mb,
1347 2180 1409 2214 Mc,
1435 2178 1477 2213 D,
1504 2176 1543 2212 O,
1564 2186 1608 2212 Ου,
1634 2186 1662 2212 ς,
1691 2186 1737 2214 ΖΙ,
1769 2180 1800 2203 et
1825 2182 1852 2213 ψ
1872 2177 2059 2212 inuentam,
2087 2179 2121 2207 Η
2137 2182 2174 2208 in

311 2228 462 2261 aemilia,
483 2227 536 2261 Le,
557 2227 607 2262 Pa,
627 2227 682 2263 Pb,
703 2234 733 2257 01
752 2229 793 2256 Pe
813 2231 1000 2265 inuentitia,
1022 2229 1047 2258 C
1067 2231 1103 2257 in
1121 2231 1293 2267 uegintina.
1312 2241 1351 2249 —-
1387 2230 1452 2261 tot,
1473 2229 1548 2263 quot
1566 2222 1618 2260 ex)
1639 2222 1690 2250 Sic
1710 2232 1765 2260 ego
1786 2232 1824 2251 ex
1844 2222 1941 2258 coni.;
1965 2223 2002 2259 B,
2021 2224 2059 2261 Ε,
2076 2231 2108 2255 et
2125 2226 2172 2255 La

312 2282 357 2304 tot
375 2284 429 2308 εκ,-
446 2278 493 2302 set
508 2273 541 2302 111
556 2275 602 2303 La
616 2286 708 2314 super
723 2282 766 2303 tot
782 2277 929 2315 scriptum
949 2283 1042 2316 quot5
1061 2278 1123 2313 Mc,
1145 2276 1205 2313 Lb,
1224 2276 1276 2312 Pa,
1296 2276 1352 2311 Pb,
1371 2274 1422 2309 Pc,
1444 2272 1483 2308 O,
1505 2271 1543 2307 G,
1562 2271 1625 2306 Er.²
1646 2270 1680 2306 C,
1700 2270 1754 2306 F1,
1774 2281 1799 2307 2,
1820 2269 1913 2306 pith„
1934 2275 1965 2299 et
1979 2271 2060 2301 Lau.
2079 2279 2124 2302 tot
2137 2284 2172 2309 e,-

314 2334 359 2359 ου,
385 2334 413 2357 ς,
440 2331 486 2360 χι,
518 2327 549 2350 et
573 2332 600 2361 ψ
627 2329 691 2353 tot:
716 2323 746 2351 D
776 2329 810 2351 ut
830 2334 844 2351 e
875 2334 943 2353 cum
962 2325 1001 2363 gl.
1025 2330 1088 2359 tot;
1107 2325 1140 2354 H
1155 2331 1247 2364 quot5
1266 2322 1363 2352 ceteri
1383 2326 1455 2360 quot
1475 2331 1543 2348 e.-
1561 2329 1624 2347 non
1640 2317 1722 2358 sunt)
1740 2319 1790 2348 Lb
1807 2329 1869 2347 non
1883 2324 1928 2346 est
1942 2320 2008 2348 alia
2021 2330 2119 2358 super.
2133 2335 2172 2342 --

387 2369 416 2407 e)
436 2369 462 2396 E
483 2380 526 2397 ea.
541 2385 580 2392 --
615 2370 750 2409 Atinati)
771 2371 798 2399 E
814 2382 872 2408 pro
891 2381 944 2399 ·n·
964 2374 1082 2401 atinati
1088 2382 1101 2407 ;
1119 2371 1150 2400 D
1172 2372 1328 2406 Λίιίηαιί,
1355 2373 1386 2398 et
1406 2367 1450 2397 sic
1469 2371 1663 2404 constanter3
1696 2367 1750 2396 Mc
1770 2360 1848 2396 et'C
1865 2368 2019 2404 Arpinati.
2038 2381 2077 2389 ·-·
2111 2373 2172 2398 tam

315 2417 426 2462 prisca)
446 2417 476 2444 D
491 2419 607 2455 prisea.
626 2432 662 2439 —
