2264 2746
247 107 300 135 124
904 97 1471 129 COMMENTARIUS.

243 188 316 208 sem
338 175 542 219 suspicatur,
569 174 661 213 fore,
691 178 729 203 ut
751 170 880 203 Maecia
902 182 921 202 a
942 171 1080 204 Plancio
1105 172 1307 212 reiceretur,
1338 173 1430 215 quod
1452 173 1605 206 homines
1630 173 1721 205 illius
1744 174 1852 206 tribus
1876 176 2028 208 omnium
2049 188 2123 208 ma-

245 240 350 261 xume
371 227 500 260 inimici
524 226 657 258 Plancio
685 230 811 264 essent,
839 230 940 266 atque
963 224 1035 267 ipse
1060 224 1202 256 fortasse
1224 225 1418 257 Laterensis
1443 227 1474 258 ei
1498 226 1601 258 tribui
1623 226 1810 269 adscriptus
1834 234 1928 259 esset.
1972 229 2124 262 Licuisse

243 288 357 313 autem
387 280 624 313 sodaliciorum
653 290 712 310 reo
740 289 843 309 unam
876 277 917 308 de
944 284 1105 320 quattuor
1138 277 1293 310 tribubus
1324 277 1365 309 ab
1388 286 1594 311 accussatore
1621 279 1719 310 editis
1750 279 1894 320 reicere,
1931 280 1968 312 in
1991 281 2123 326 Proleg.

246 337 288 368 L.
312 335 372 366 III.
398 335 435 365 C.
459 334 518 364 III.
547 333 576 374 ς.
601 332 631 363 5.
656 331 967 363 demonstratumst.

330 388 360 429 §.
384 387 434 428 59.
471 384 540 415 Sao
564 385 713 423 iudicio,
738 397 805 416 non
827 384 874 416 ad
895 384 1101 416 sententiam
1124 382 1226 427 Iegis)
1271 383 1445 414 Sententia
1466 383 1549 426 legis
1572 384 1653 416 haec
1679 390 1766 423 erat,
1804 390 1842 416 ut
1863 391 2051 418 accussator
2074 397 2127 418 eas

244 440 367 477 tribus,
393 448 471 479 quas
496 443 671 479 corruptas
695 436 949 475 criminaretur,
983 435 1099 467 ederet
1122 447 1164 467 ex
1188 436 1296 478 iisque
1318 436 1445 468 iudices
1469 436 1641 479 deligeret.
1687 438 1772 469 Eam
1795 450 1864 469 non
1895 444 2026 470 secutus
2057 444 2128 470 erat

244 490 452 529 Laterensis,
493 489 585 532 quod
616 490 803 522 Uoltiniam
833 495 866 520 et
897 488 1136 529 Terentinam,
1180 501 1260 531 quas
1288 496 1465 533 corruptas
1494 491 1672 533 arguebat,
1711 491 1759 522 ita
1791 490 1961 522 deuinctas
1990 490 2127 522 Plancio

244 543 386 581 sciebat,
417 548 455 573 ut
478 554 536 573 reo
559 542 826 585 patrocinaturas
852 553 922 573 esse
945 548 1036 573 certo
1063 542 1290 585 praeuideret.

328 596 386 627 Set
408 595 455 627 ad
477 607 576 627 suam
598 608 691 639 spem
713 595 881 639 aliquam)
926 595 1044 626 Tacite
1069 594 1233 637 significat
1258 601 1292 626 et
1323 600 1410 626 tecte
1439 594 1575 635 Cicero,
1614 596 1781 627 eiusmodi
1809 596 1935 628 iudices
1960 594 2000 626 ab
2023 596 2128 627 Late-

243 660 339 681 rense
369 647 514 680 delectos
545 660 632 689 esse,
667 660 748 690 quos
773 647 961 691 sperauerit
990 653 1191 691 propterea,
1227 647 1318 689 quod
1341 647 1575 679 inimicissumi
1597 648 1734 680 Plancio
1758 655 1886 689 essent,
1926 660 2023 680 reum
2046 660 2128 680 con-

243 702 485 745 dempnaturos
511 712 592 732 esse.
640 700 870 734 Uehementer
889 706 1003 732 autem
1033 699 1135 732 falsus
1166 706 1216 731 est
1237 700 1414 732 Ernestius
1438 699 1480 730 ad
1503 701 1592 732 hunc
1617 700 1745 740 locum,
1778 701 1983 744 coniungens
2011 701 2127 741 uerba,

242 767 336 798 spem
358 755 513 798 aliquam
536 755 577 786 cle
601 755 762 792 ciuitate,
788 764 1014 795 monensque:
1038 754 1229 796 „Intellege
1253 753 1294 784 de
1315 759 1482 796 potestate
1505 753 1642 784 testium
1665 765 1708 785 ex
1731 754 1891 786 uniuerso
1915 754 2043 797 populo
2067 754 2128 785 de-

242 806 475 849 ligendorum,
503 819 573 839 non
596 819 613 839 e
634 806 788 839 tribubus
813 806 923 837 certis.
969 806 1045 837 Hoc
1067 805 1156 838 infra
1179 807 1267 838 clare
1290 806 1381 838 dicit.
1392 809 1412 824 ‘⁴

326 860 381 892 De
405 858 548 892 ciiiitate
570 858 751 903 delegerit)
796 859 901 890 Recte
925 858 1084 890 dicuntur
1105 859 1232 891 iudices
1259 860 1300 890 ab
1324 860 1507 891 Laterense
1535 857 1576 888 de
1599 857 1734 889 ciuitate
1761 859 1881 890 delecti
1905 871 1989 899 esse,
2017 871 2129 902 quon-

241 914 309 945 iam
337 919 524 944 accussator
549 919 708 956 quattuor
729 912 855 952 tribus,
891 922 971 953 quas
992 912 1209 943 commodum
1238 911 1368 951 fuerat,
1403 910 1554 942 ediderat
1577 923 1619 942 ex
1642 911 1751 954 iisque
1772 923 1840 943 una
1861 911 1901 943 ab
1925 923 1983 944 reo
2006 912 2130 944 reiecta

243 964 370 996 iudices
398 965 577 1007 delegerat.

327 1019 425 1058 Quid
446 1019 536 1050 enim
553 1025 669 1062 potest
691 1019 823 1058 dicere,
859 1030 921 1050 rur
944 1018 1012 1050 ista
1037 1018 1142 1049 editio
1165 1030 1232 1049 non
1255 1029 1424 1050 Simmiam
1446 1017 1569 1049 habeat
1592 1017 1827 1060 acerbitatem)
1871 1018 1926 1049 Sic
1954 1018 1991 1049 in
2015 1016 2128 1049 omni-

242 1072 303 1103 bus
335 1071 431 1102 codd.
463 1070 735 1113 editionibusque
765 1071 935 1103 scribitur.
981 1069 1215 1102 Nihilominus
1246 1081 1306 1112 ego
1330 1081 1397 1101 non
1424 1069 1576 1101 dubitaui
1601 1076 1701 1113 potes
1727 1071 1908 1113 corrigere.
1953 1072 2043 1103 Nam
2066 1070 2128 1101 etsi

242 1124 278 1156 in
303 1130 427 1155 antece.
450 1129 541 1154 recte
564 1124 699 1156 Tullius
723 1125 823 1156 tertia
846 1135 924 1154 usus
947 1134 1092 1165 persona
1115 1121 1155 1153 de
1178 1123 1361 1154 Laterense
1388 1123 1518 1153 Iocutus
1543 1128 1611 1161 est,
1647 1129 1829 1165 propterea
1858 1123 1948 1165 quod
1972 1123 2013 1154 ad
2036 1122 2129 1154 iudi-

243 1188 294 1208 ces
317 1175 504 1208 necessario
528 1176 757 1207 conuertenda
779 1176 887 1207 oratio
912 1182 999 1214 erat,
1036 1181 1148 1206 tamen
1172 1186 1262 1206 nunc
1285 1175 1396 1206 denuo
1420 1177 1639 1207 Laterensem
1670 1175 1823 1207 debuisse
1846 1175 2050 1218 conpellari,
2083 1186 2128 1206 ex

241 1241 335 1271 seqq.
369 1230 421 1261 Ta
453 1229 589 1272 deligas
619 1235 680 1260 etc.
704 1227 882 1259 manifesto
914 1234 1065 1270 apparet.
1111 1228 1331 1270 Omninoque
1359 1228 1592 1267 tenendumst,
1638 1239 1772 1271 semper
1805 1229 1841 1260 in
1872 1229 1934 1260 hac
1962 1228 2127 1266 oratione,

242 1282 308 1313 nisi
337 1281 395 1312 ubi
424 1280 465 1310 ad
497 1281 622 1312 iudices
654 1281 808 1312 conuerti
838 1280 1027 1312 orationem
1058 1281 1253 1322 oportebat,
1288 1281 1443 1312 Tullium
1466 1282 1686 1312 Laterensem
1710 1282 1821 1324 ipsum
1845 1281 1983 1323 adloqui
2006 1280 2127 1312 solere.

243 1334 347 1366 Cuius
374 1333 425 1365 rei
454 1345 568 1365 caussa
596 1334 631 1365 in
655 1340 725 1366 eost
748 1334 873 1376 posita,
910 1333 1000 1376 quod
1030 1333 1182 1364 minume
1204 1334 1251 1365 ita
1273 1334 1493 1364 Laterensem
1516 1334 1651 1364 Tullius
1676 1333 1895 1376 despiciebat,
1929 1339 1968 1364 ut
1989 1333 2130 1364 adlocu-

242 1386 335 1418 tione
358 1397 435 1416 eum
459 1386 637 1428 indignum
660 1386 835 1418 iudicaret.
880 1387 930 1418 Ea
946 1386 1037 1417 enim
1050 1387 1121 1417 sola
1143 1386 1209 1418 fuit
1229 1398 1352 1425 caussa,
1380 1386 1422 1417 ob
1447 1398 1547 1428 quam
1570 1386 1605 1417 in
1630 1386 1838 1417 orationibus
1853 1386 1978 1425 Pison.‚
2004 1385 2130 1426 Catill„

244 1446 277 1471 et
304 1439 454 1472 Uerrinis
488 1439 528 1470 de
553 1440 692 1477 Pisone,
728 1439 890 1480 Catilina,
925 1446 958 1471 et
981 1440 1091 1472 Uerre
1120 1439 1324 1481 saepissume
1350 1439 1450 1470 tertia
1476 1450 1554 1470 usus
1583 1449 1729 1481 persona
1756 1439 1887 1470 locutus
1911 1444 1970 1470 est.
2017 1439 2131 1480 Quam

242 1492 340 1524 facile
369 1498 482 1523 autem
508 1499 626 1535 potes,
663 1492 863 1535 praesertim
891 1498 1052 1533 sequente
1082 1503 1116 1522 u.
1149 1493 1281 1530 dicere,
1316 1491 1350 1522 in
1370 1497 1484 1535 potest
1511 1492 1662 1533 potuerit
1685 1491 1827 1529 mutari,
1862 1502 1978 1524 omnes
2001 1492 2130 1524 uident.

243 1546 298 1577 Sic
327 1544 414 1576 infra
444 1546 473 1586 ἓ.
500 1557 528 1586 7.
556 1546 648 1577 nihil
669 1551 768 1588 potes
801 1545 835 1576 ia
861 1550 892 1576 te
914 1544 1070 1587 plerique
1098 1543 1195 1574 codd.
1227 1543 1349 1574 uitiose
1377 1549 1490 1586 potest
1519 1544 1682 1575 scribunt.
1728 1545 1888 1575 Ceterum
1916 1556 2032 1577 sensus
2062 1551 2130 1578 est:

248 1597 409 1629 concedas
434 1605 615 1637 necessest,
660 1598 871 1635 Laterensis,
917 1597 1177 1628 acerbis-sumam
1200 1596 1298 1627 istam
1322 1597 1474 1628 tribuum
1498 1596 1682 1628 editionem
1706 1609 1793 1637 esse,
1824 1609 1908 1639 quae
1930 1598 2131 1629 accussatori

244 1651 317 1693 lege
339 1650 472 1682 Licinia
496 1651 715 1689 concedatur,
753 1650 780 1681 si
805 1661 888 1691 qnos
912 1648 1161 1681 commodumst
1186 1649 1328 1688 iudices,
1364 1661 1515 1692 quosque
1537 1655 1595 1680 aut
1617 1649 1741 1682 amicos
1765 1656 1860 1690 tuos,
1895 1656 1954 1682 aut
1975 1650 2129 1682 inimicos

244 1703 310 1742 rei,
334 1710 391 1734 aut
416 1703 555 1734 omuino
579 1704 724 1735 crudelis
749 1703 948 1742 existumas,
972 1702 1101 1744 deligis.

331 1757 478 1788 Remota
511 1758 645 1789 ratione
677 1757 738 1788 illa
749 1782 757 1794 ἢ,
797 1769 900 1800 quam
931 1757 965 1787 in
995 1754 1203 1787 decernendo
1231 1755 1340 1786 secati
1368 1755 1499 1797 simius)
1543 1755 1621 1787 Nisi
1646 1767 1704 1787 eae
1726 1756 1834 1788 tribus
1858 1756 1899 1787 ab
1921 1758 2129 1786 accussatore

247 1807 410 1843 eduntur,
439 1820 518 1850 quas
543 1810 721 1852 largitione
745 1815 920 1850 corruptas
943 1808 1152 1839 criminatur.

333 1861 361 1901 ξ.
374 1861 424 1893 4ο.
453 1862 506 1893 Tu
531 1862 666 1905 deligas
678 1880 719 1886 —
731 1874 834 1905 cogas
860 1873 1018 1893 caussam
1031 1861 1072 1892 de
1081 1860 1243 1904 fortunis
1257 1860 1412 1892 omnibus
1429 1861 1542 1892 dicere
1551 1861 1581 1904 P)
1607 1860 1739 1893 Offensi
1754 1860 1818 1892 hoc
1832 1857 2046 1891 coniunctiuo
2062 1858 2129 1890 uiri

247 1912 384 1954 quidam
409 1913 497 1944 docti
521 1921 616 1953 sunt,
653 1916 725 1946 sine
750 1915 852 1945 dubio
876 1920 1076 1956 propterea,
1112 1912 1203 1954 quod
1227 1924 1293 1954 quo
1317 1913 1421 1943 uerbo
1447 1914 1606 1945 auxiliari
1628 1925 1689 1945 nos
1712 1913 1754 1944 ad
1777 1911 2034 1955 exprimendam
2057 1911 2129 1943 uim

246 1965 375 2006 primae
397 1978 560 2008 personae
588 1968 686 1999 huius
711 1967 918 1999 coniunctiui
939 1966 1150 2008 potentialis,
1180 1965 1217 1996 in
1240 1965 1504 2007 interrogatione
1527 1967 1650 2008 positi,
1683 1966 1733 1997 uti
1755 1967 1918 2005 solemus,
1951 1965 1986 1996 id
2007 1976 2130 2008 parum

249 2024 365 2060 aptum
389 2019 467 2050 huic
494 2020 567 2051 loco
592 2021 772 2052 uidebatur
795 2032 875 2052 esse.
922 2020 1054 2051 Uerum
1083 2030 1287 2061 quamquam
1318 2019 1466 2049 eademst
1495 2019 1620 2061 ubique
1647 2018 1747 2050 huius
1777 2018 1983 2049 coniunctiui
2006 2024 2130 2059 poten-

252 2070 337 2102 tialis
368 2072 469 2111 ratio,
509 2073 580 2104 siue
610 2074 720 2116 prima
749 2074 819 2105 siue
843 2071 987 2104 secunda
1011 2083 1154 2114 persona
1185 2071 1342 2113 positast,
1379 2071 1563 2102 tenendum
1587 2077 1717 2109 tamen,
1746 2071 1832 2102 hane
1852 2069 2033 2101 secundam
2059 2070 2130 2102 eius

251 2134 429 2166 personam
453 2126 635 2166 aptissume
658 2137 756 2168 saepe
778 2125 907 2156 anobis
932 2125 1038 2155 uerbo
1063 2125 1202 2157 nolendi
1224 2124 1284 2167 (da.
1308 2125 1415 2156 willst
1439 2144 1477 2149 —
1504 2125 1658 2156 auslesen
1668 2125 1698 2166 P)
1722 2123 1817 2154 reddi
1840 2134 1949 2166 posse.
1997 2121 2068 2154 Cfr.
2085 2123 2128 2154 II.

251 2180 288 2210 iu
311 2176 409 2208 Catil.
433 2178 532 2216 VIII,
561 2178 608 2209 18.
641 2179 692 2210 Tu
719 2179 834 2222 agris.
862 2185 899 2210 ta
922 2177 1113 2220 aedificiis,
1138 2183 1173 2209 tu
1199 2183 1363 2220 argento,
1390 2184 1425 2209 tu
1441 2176 1601 2221 flmzilia,
1627 2182 1664 2208 tic
1688 2176 1787 2207 rebus
1810 2177 1963 2208 omnihus
1986 2182 2130 2208 ornatus

252 2234 286 2261 et
309 2229 463 2272 copiosus
486 2231 551 2268 sis,
584 2237 615 2262 et
639 2232 770 2263 dubites
794 2232 931 2274 aliquid
953 2232 993 2263 de
1011 2232 1224 2274 possessione
1254 2231 1452 2269 detrahere,
1487 2230 1665 2273 acquirere
1687 2229 1734 2259 acl
1746 2228 1884 2271 fidem?
1928 2229 1955 2260 I.
1982 2228 2018 2259 in
2040 2228 2131 2260 Rul-

254 2281 326 2311 lum
349 2281 381 2319 I,
406 2281 434 2313 5.
480 2282 611 2313 Siluani
637 2297 717 2315 itero
742 2290 776 2315 tu
803 2284 978 2315 Scantiam
1004 2284 1132 2315 {tendas
1156 2283 1251 2315 nobis
1275 2283 1470 2315 consulibus
1492 2288 1594 2325 atque
1617 2282 1678 2313 Ῐιοι·
1700 2284 1845 2314 senatu?
1879 2290 1916 2315 tn
1936 2282 2048 2313 ullum
2070 2294 2132 2314 ue·-

255 2333 365 2375 ctigal
400 2334 583 2376 adtingas,
631 2342 667 2366 ta
694 2337 818 2379 populi
855 2337 1007 2368 Romani
1044 2336 1198 2368 subsidia
1236 2336 1333 2374 belli,
1379 2342 1416 2367 tic
1446 2340 1644 2366 ornamenta
1677 2334 1773 2378 pacis
1811 2335 1973 2378 eripias?
2016 2335 2059 2366 ΙΙ.
2095 2334 2130 2365 in

256 2385 348 2416 Ruti.
373 2386 532 2424 XXVH,
561 2386 609 2424 fii.
638 2387 689 2419 Ίίι
716 2402 781 2420 mm
805 2388 972 2431 c‘Icfirli‘aS,
1008 2395 1089 2432 quot
1113 2389 1279 2427 colonias,
1313 2388 1347 2419 in
1372 2399 1456 2429 quae
1480 2387 1571 2424 loca,
1603 2399 1667 2429 qao
1691 2398 1831 2418 munero
1855 2387 2051 2419 colonorum
2072 2387 2130 2419 de·-
