2264 2746
328 72 366 99 80
979 58 1552 93 COMMENTARIUS.

328 141 410 174 ibid.
434 140 536 178 XIII,
560 139 610 171 52.
628 137 795 181 polliceor
817 135 879 167 hoc
901 133 1016 173 uobis,
1043 147 1077 178 p.
1101 147 1145 173 c.,
1170 139 1304 166 tantam
1326 134 1362 165 in
1384 136 1480 169 nobis
1502 136 1697 169 consulibus
1711 134 1795 179 fore
1818 136 2057 180 diligentiam,
2079 155 2122 162 —-
2159 142 2199 170 ut

331 194 550 227 Catilinae
583 188 861 234 profectione
888 188 1003 219 omnia
1029 186 1210 230 patefacta
1233 205 1274 211 —
1297 188 1458 221 uideatis.
1481 189 1516 220 iu
1539 189 1604 220 Pis.
1629 189 1770 229 XXIII,
1801 190 1852 220 54.
1885 191 1955 221 scio
1979 191 2060 222 item
2082 191 2201 222 uirum

321 247 456 292 fortem
477 263 519 269 —-
541 245 735 276 aduentu
762 242 845 272 isto
869 247 944 272 tuo
970 241 1062 272 (lomi
1077 239 1196 282 fuisse
1220 241 1376 272 otiosum.
1400 241 1493 272 Lael.
1518 242 1584 280 IH,
1625 253 1671 273 10.
1698 254 1751 273 me
1774 242 1846 286 ipse
1870 243 2039 282 consolor,
2074 248 2107 274 et
2129 256 2204 275 ma-

330 312 431 333 xume
460 299 519 329 illo
552 295 695 332 solatio,
734 296 825 338 quod
854 308 891 327 eo
920 306 1035 327 errore
1058 306 1177 332 careo,
1214 305 1279 336 quo
1309 293 1548 326 (cinit-orum
1576 296 1757 327 decessu
1782 295 1942 338 plerique
1972 296 2058 338 angi
2087 296 2205 328 solent.

331 354 375 385 II.
398 353 433 383 in
457 352 527 382 Cat.
552 348 618 386 Vl,
648 347 694 378 15.
719 348 774 379 11ίο
796 359 858 391 ego
879 366 921 371 --
948 347 1105 391 quaesiui
1128 360 1149 379 a
1176 347 1347 385 Catilina,
1380 353 1588 379 nocturno
1619 353 1831 380 conuentu
1854 353 1940 390 aput
1963 348 2013 379 M.
2036 348 2207 380 Laeccam.

322 406 455 450 ficisset
480 414 591 433 necne.
635 401 678 431 II.
702 400 737 431 111
760 403 857 431 Uerr.
881 401 932 439 V,
959 412 987 441 7,
1015 400 1062 430 16.
1088 412 1187 442 quem
1210 400 1292 438 iste,
1318 405 1358 431 ut
1380 399 1594 432 Panormum
1617 402 1732 440 uenit,
1755 401 1803 433 ast
1824 413 1858 431 se
1881 400 2001 431 uocari
2023 405 2054 431 et
2078 400 2119 431 cle
2142 401 2208 432 tri-

332 457 450 490 bunali
472 454 576 486 citari
600 454 703 485 iussit
726 465 944 485 concursu
968 452 1487 496 magnofrequentiaque
1509 460 1763 486 conuentus.
1793 465 1856 496 pro
1880 453 1954 485 Mil.
1979 453 2030 491 X,
2056 452 2106 484 28.
2130 465 2208 485 cum

331 512 387 543 liic
409 508 594 540 insidiator
616 525 659 530 --
681 519 757 538 cum
781 518 886 538 uxore
908 506 1090 538 ueheretur
1114 507 1149 537 in
1173 506 1297 543 rheda,
1326 506 1556 548 paenulatus,
1586 518 1737 549 magno
1761 512 1800 538 et
1826 507 2030 549 inpedito
2055 511 2093 537 et
2116 518 2209 537 mu-

332 562 464 594 liebri
486 573 533 592 ac
555 559 744 591 delicato
767 559 976 590 ani-illarum
992 571 1249 602 puerorumque
1272 559 1499 590 comitatu.
1522 559 1581 589 III.
1607 558 1641 588 in
1666 559 1738 589 Cat.
1761 559 1805 597 II,
1828 560 1857 590 6.
1882 572 1959 590 cum
1982 560 2053 590 iam
2067 564 2209 602 pontem

330 615 505 649 BIuluionz
530 624 681 655 magno
706 613 913 643 comitatu
945 612 1055 655 legati
1077 612 1307 654 Allobrogum
1331 611 1471 654 ingredi
1500 611 1708 654 inciperent3
1745 622 1822 641 nam
1850 611 1903 641 hic
1927 623 2060 653 quoque
2083 623 2210 654 magno

331 668 498 700 comitatu
530 677 599 696 11011
630 671 678 696 est
710 664 949 708 explicandum
979 677 1057 696 eum
1085 676 1212 707 magno
1245 666 1430 701 comitatu,
1463 669 1513 694 set
1536 665 1656 695 multis
1680 663 1933 695 comitantibus.
1977 665 2104 695 Nostro
2136 664 2211 695 loco

331 719 470 751 omnino
494 718 588 761 paria
610 719 691 750 haec
719 725 817 750 suut:
849 717 918 749 Cic.
950 717 990 748 de
1014 718 1066 748 Re
1097 717 1233 759 publica
1255 718 1287 757 I,
1317 729 1347 760 9.
1383 723 1415 749 te
1438 723 1554 749 autem
1576 721 1845 760 pernzagnumst
1872 716 2026 747 nancisci
2053 717 2211 762 otiosum,

331 773 406 805 hoc
422 773 693 816 praesertim
717 777 830 803 motu
854 771 917 803 rei
933 770 1160 814 publicae.
1197 772 1222 802 Ι.
1247 771 1283 802 111
1306 771 1400 802 Rull.
1425 771 1528 808 Ytll,
1554 770 1699 801 24.l1oc
1721 775 1837 801 motu
1859 774 1989 811 atque
2011 769 2213 813 liacper-

332 825 588 858 turbatione
610 825 852 857 animorum
874 831 1002 867 atque
1026 835 1168 855 rerum
1190 842 1232 847 -—
1255 825 1444 856 uerendum
1467 824 1566 855 credo
1591 823 1687 854 nobis
1711 823 1793 863 erit,
1817 834 1858 854 ne
1881 827 2000 853 uestra
2019 822 2088 854 ista
2104 834 2211 865 prae-

330 879 428 910 clara
460 878 514 909 lex
543 879 690 920 agraria
721 879 835 921 magis
858 877 1043 921 popularis
1074 889 1143 908 esse
1178 877 1351 909 uideatur.
1386 888 1449 919 pro
1479 876 1587 907 Sestio
1610 876 1756 912 XXlV,
1788 874 1839 906 54.
1866 874 1943 906 llac
1964 880 2087 906 tanta
2107 886 2212 918 per-

329 930 577 963 turbatione
601 932 809 963 riuitatis
832 942 873 961 ne
895 935 1024 961 noctem
1051 930 1188 972 quidem
1207 931 1359 962 eonsules
1386 931 1477 960 inter
1499 941 1612 960 meum
1634 929 1818 960 discrimen
1844 933 1877 960 et
1903 939 2019 959 eorum
2046 928 2213 971 praedam

331 984 493 1016 interesse
510 986 610 1027 passi
633 991 722 1016 sunt.
746 995 809 1025 pro
833 982 907 1014 Mil.
932 982 1075 1019 XXVI,
1101 983 1151 1024 (39.
1178 984 1261 1022 erit,
1290 984 1357 1015 erit
1381 983 1463 1013 illut
1479 980 1639 1025 profecto
1665 987 1815 1024 tempus,
1846 993 1946 1024 quom
1969 986 2007 1012 tu
2031 980 2212 1012 incolumi-

332 1036 410 1073 bus,
432 1042 471 1067 nt
494 1049 608 1079 spero,
635 1038 733 1069 rebus
756 1037 844 1073 tuis,
869 1041 920 1066 set
933 1033 1091 1076 fortasse
1112 1042 1225 1067 motu
1253 1037 1408 1079 aliquo
1433 1047 1548 1066 conm
1563 1035 1716 1066 unium
1744 1040 1995 1076 temporum,
2026 1034 2087 1077 qui
2109 1045 2212 1077 quam

330 1088 446 1120 crebro
469 1090 605 1121 accidat
635 1089 766 1132 experti
789 1087 944 1119 debemus
978 1087 1065 1118 scire
1087 1087 1349 1130 —fortissumi
1378 1088 1450 1120 uiri
1479 1088 1757 1130 magnitudinem
1787 1087 1897 1118 animi
1926 1087 2112 1118 desideras,
2146 1097 2211 1129 pro

331 1140 439 1172 Sestio
462 1141 552 1179 XV,
581 1142 631 1173 55.
656 1148 767 1173 tamen
792 1141 845 1172 liis
869 1140 975 1170 tantis
998 1140 1100 1170 nullis
1124 1146 1249 1173 tanto
1272 1142 1477 1174 bonorum
1500 1146 1568 1172 stu
1579 1140 1669 1178 clio,
1697 1141 1842 1179 iudices,
1867 1140 2132 1178 restitissemus,
2162 1145 2213 1171 set

331 1199 409 1224 etc..
456 1194 530 1224 Nec
551 1200 646 1232 suut,
679 1193 742 1224 etsi
765 1193 942 1231 uidentur,
974 1191 1148 1223 dissimilia
1174 1194 1273 1225 haec:
1310 1196 1352 1225 II.
1377 1194 1412 1225 in
1443 1193 1537 1224 Run.
1561 1193 1668 1231 XXI,
1698 1193 1749 1224 55.
1781 1193 1971 1235 uectigalia
1995 1192 2108 1223 locare
2129 1204 2213 1223 nus·-

331 1258 434 1290 quam
456 1247 535 1277 licet
559 1247 628 1278 nisi
650 1247 685 1277 in
710 1247 774 1277 leae
797 1245 896 1283 urbe,
929 1246 991 1276 lioo
1015 1257 1054 1276 ex
1078 1245 1171 1284 loco,
1209 1247 1287 1278 liae
1316 1253 1514 1278 uestrum
1530 1245 1805 1288 frequentia.
1843 1245 1885 1275 II.
1910 1245 1943 1275 in
1970 1246 2069 1277 Uerr.
2093 1244 2136 1275 ΙΙ.
2161 1256 2212 1286 77,

334 1300 403 1341 189.
428 1299 564 1330 tabulas
588 1300 623 1330 in
637 1297 722 1341 foro
746 1311 907 1330 summa
931 1298 1075 1329 bomin
1086 1311 1147 1329 um
1162 1297 1431 1341 frequentia
1455 1298 1600 1330 excribo.
1624 1297 1683 1327 III.
1708 1296 1749 1327 de
1764 1298 1869 1339 Legg.
1894 1299 1992 1336 XVI,
2017 1297 2068 1339 57.
2092 1310 2215 1341 quam-

331 1353 463 1390 obrem,
495 1352 658 1394 quoniam
680 1364 746 1382 non
771 1351 1044 1394 recognoscimus
1068 1363 1158 1383 nunc
1181 1352 1273 1394 leges
1291 1352 1417 1395 populi
1440 1352 1508 1389 R.,
1538 1356 1589 1382 set
1611 1355 1673 1381 aut
1698 1351 1883 1393 repetimus
1908 1357 2042 1394 ereptas
2066 1356 2129 1381 aut
2150 1363 2214 1382 no-

331 1419 395 1438 uas
418 1405 615 1437 scribimus.-
639 1416 724 1442 non,
746 1405 830 1448 quid
851 1406 925 1436 lzoc
942 1405 1107 1447 Populo
1134 1405 1281 1436 obtineri
1297 1405 1429 1447 possit,
1453 1410 1524 1442 set,
1549 1404 1633 1447 quid
1656 1409 1833 1446 optumum
1855 1403 1919 1441 sit,
1944 1403 2007 1434 tibi
2030 1402 2213 1436 (licendum

328 1465 425 1503 puto.
448 1457 507 1488 ubi
532 1457 742 1489 Goerenzius
765 1464 842 1500 apte
866 1456 988 1489 adtulit
1011 1456 1052 1487 ad
1076 1458 1150 1489 Att.
1174 1459 1220 1496 X,
1249 1470 1296 1489 11.
1322 1459 1408 1501 quid
1429 1459 1519 1489 enim
1542 1458 1655 1488 dicam
1677 1457 1754 1488 lzac
1777 1457 2033 1487 iuuentute?
2077 1457 2131 1487 Ne
2152 1467 2215 1488 au-

332 1518 401 1543 tem
425 1510 558 1542 diuersa
583 1521 637 1540 me
660 1509 850 1541 confudisse
874 1510 1031 1552 exempla
1056 1511 1223 1553 quispiam
1248 1516 1428 1552 queratur,
1466 1509 1724 1547 nioneiidtlilist,
1764 1514 1801 1539 ut
1827 1508 1980 1549 uolgarcs
2001 1508 2052 1539 illi
2075 1508 2215 1541 ablatiui

332 1563 589 1605 consequentiae
612 1575 675 1605 pro
703 1562 863 1605 cuiusque
887 1563 952 1594 loci
975 1563 1105 1594 ratione
1129 1576 1218 1594 1111110
1245 1564 1306 1594 hac
1335 1574 1424 1593 1111110
1455 1562 1513 1593 illa
1538 1562 1703 1604 particula
1736 1560 1892 1593 soluendi
1921 1560 2006 1600 sint,
2041 1572 2117 1593 cum
2142 1574 2215 1599 >una

332 1616 471 1662 proprie
494 1615 678 1658 eademque
699 1616 741 1647 sit
764 1616 916 1648 omnium
939 1616 1156 1658 significatio,
1179 1617 1225 1648 ita
1248 1616 1283 1647 iu
1307 1616 1358 1647 his
1384 1627 1536 1657 quoque,
1564 1627 1647 1658 quae
1665 1616 1783 1653 adtuli,
1809 1613 1974 1656 exemplis
1996 1626 2064 1645 11011
2086 1615 2212 1647 mirum

333 1681 403 1702 esse
426 1668 454 1700 si
476 1668 518 1699 ad
541 1668 780 1711 explicandum
803 1669 986 1700 ablatiuom
1010 1682 1099 1701 1111110
1122 1683 1218 1709 cum,
1240 1681 1330 1701 nunc
1353 1670 1508 1713 quando,
1532 1680 1622 1699 nunc
1645 1670 1676 1701 si
1697 1668 1863 1711 particula
1886 1667 2075 1698 adhibenda
2097 1667 2150 1698 sit.
2168 1685 2212 1694 —-

332 1721 562 1755 Dissimiliora
584 1728 679 1761 suut,
711 1728 761 1753 set
783 1728 894 1753 tamen
917 1729 1098 1765 propterea
1122 1724 1187 1755 huc
1211 1734 1344 1765 quoque
1368 1722 1588 1764 pertinentia,
1629 1722 1718 1763 quod
1743 1723 1778 1753 in
1802 1721 2059 1763 praepositionis
2084 1732 2148 1763 ope
2170 1721 2211 1752 ab

333 1774 574 1818 interpretibus
598 1774 745 1816 antiquis
776 1781 808 1806 et
828 1776 1017 1808 recentibus
1052 1777 1218 1820 explicata
1245 1782 1338 1815 sunt,
1371 1775 1471 1806 haec:
1514 1775 1583 1805 Cic.
1608 1775 1666 1805 111.
1691 1774 1726 1805 111
1751 1774 1822 1805 Cat.
1846 1774 1912 1810 III,
1951 1773 1979 1804 6.
2005 1774 2213 1807 tardissunze

333 1834 447 1860 autem
470 1827 643 1860 Lentulus
667 1828 780 1867 uenit,
818 1830 916 1860 credo
941 1830 1032 1873 quod
1061 1830 1230 1862 litteris
1261 1828 1420 1861 dandis
1444 1833 1588 1870 praeter
1618 1827 1897 1859 consuetudinem
1917 1838 2092 1869 prosunuz
2115 1834 2212 1859 nocte

335 1881 524 1924 uigilarat3
549 1891 614 1921 quo
635 1880 709 1911 loco
733 1886 766 1911 et
788 1881 812 1912 ii
836 1889 1008 1922 errarunt,
1039 1883 1096 1924 qui
1120 1883 1248 1914 litteris
1266 1893 1329 1923 pro
1354 1880 1468 1911 datiuo
1493 1880 1700 1917 habuerunt,
1727 1886 1759 1911 et
1782 1880 1825 1917 ii,
1850 1879 1907 1921 qui
1931 1891 1974 1910 ex
1999 1879 2212 1922 interpolatis

337 1932 431 1963 codd.
456 1934 491 1964 in
514 1933 800 1975 praepositionem
825 1942 1035 1978 receperunt.
1081 1936 1292 1968 Rectissume
1313 1934 1439 1965 dictum
1464 1935 1593 1966 litteris
1616 1935 1741 1966 [landis
1764 1933 1828 1963 1100
1857 1944 1974 1963 sensu:
2017 1945 2094 1963 cum
2117 1933 2212 1965 litte-

336 1997 393 2016 ras
417 1986 524 2018 claret.
569 1986 623 2017 Sic
645 1986 735 2017 idem
759 1988 818 2018 ΙΙΙ.
843 1987 884 2018 de
904 1989 1007 2030 Legg.
1027 1990 1109 2029 XV,
1134 1990 1184 2021 55.
1209 1990 1340 2026 (licam,
1365 1994 1397 2018 et
1420 1988 1582 2019 uersabor
1606 1988 1641 2018 in
1665 1998 1700 2018 re
1723 1986 1912 2030 difficili—
1928 1992 1960 2017 et
1983 1998 2083 2028 saepe
2106 1998 2212 2029 quae-

336 2037 425 2069 sita.-
447 2038 621 2082 siffragia
641 2041 883 2083 magistrat
897 2054 918 2073 u
940 2043 1181 2074 mandando
1205 2047 1280 2073 aut
1303 2053 1373 2073 reo
1398 2041 1440 2072 iu
1450 2042 1632 2073 dicando
1648 2058 1688 2063 —
1708 2040 1795 2071 clam
1817 2052 1861 2071 an
1880 2040 2000 2083 palam
2016 2038 2118 2082 ferre
2140 2051 2211 2071 me·

338 2090 406 2122 lius
436 2098 529 2123 esset.
556 2092 594 2122 ad
620 2093 693 2124 Att.
720 2094 790 2133 IV,
831 2106 858 2126 1.
891 2107 955 2138 quo
979 2095 1013 2126 S.
1041 2095 1076 2127 C.
1099 2096 1242 2127 recitato
1269 2107 1345 2126 cum
1363 2095 1516 2137 populus
1538 2111 1579 2117 --
1596 2094 1761 2137 plausum
1791 2104 1877 2123 meo
1901 2093 2041 2123 nomin
2057 2104 2073 2124 e
2096 2093 2211 2124 reci-

340 2144 472 2175 tando
501 2144 668 2183 dedisset,-
700 2147 741 2178 ad
766 2159 865 2189 quem
888 2148 1000 2179 10011111
1023 2155 1100 2191 apte
1123 2148 1287 2180 Matthiae
1310 2153 1471 2189 conparat
1495 2147 1589 2178 Orat.
1613 2145 1736 2182 XXII,
1781 2146 1830 2186 74.
1855 2159 1931 2177 cum
1955 2145 2210 2178 inmolanda

338 2196 578 2239 Iphigenia
609 2200 719 2231 tristis
750 2201 893 2233 Calchas
924 2207 1019 2234 esset.
1048 2208 1079 2233 et
1104 2200 1185 2232 ibid.
1217 2201 1391 2240 LXVIII,
1421 2200 1512 2232 228..
1555 2198 1656 2231 Adde
1684 2209 1747 2240 pro
1776 2199 1868 2229 Mur.
1898 2199 2000 2237 ΥΙΙΙ,
2033 2209 2081 2239 17.
2113 2203 2146 2229 et
2168 2197 2210 2229 de

340 2248 409 2282 Off.
433 2249 463 2288 Ι,
489 2259 523 2288 2,
549 2249 597 2280 4..

425 2302 454 2343 §.
482 2302 529 2334 16.
573 2302 633 2335 Aa
655 2307 899 2338 contentionem
921 2306 1091 2351 nostrum)
1136 2308 1209 2350 Ego
1233 2306 1479 2339 contentionem
1510 2309 1665 2336 nostrum
1688 2309 1720 2334 et
1743 2303 1776 2334 11.
1801 2303 1822 2334 l.
1847 2309 1879 2334 et
1904 2315 1931 2334 c.
1956 2315 2007 2345 7.,
2048 2303 2122 2347 ipso
2142 2305 2209 2336 Er-

340 2353 483 2386 furtensi
514 2360 724 2398 contempto,
761 2359 913 2391 restituo.
966 2361 1059 2402 Quid
1090 2360 1180 2392 enim
1209 2359 1375 2402 apertius,
1412 2369 1512 2400 quam
1542 2356 1596 2396 id,
1635 2356 1725 2398 quod
1757 2356 1838 2387 011111
1867 2357 2001 2388 monuit
2022 2357 2206 2398 Manutius,
