2264 2746
635 76 735 105 PRO
763 74 836 105 CN.
872 73 1116 104 PLANCIO.
1144 73 1249 104 CAP.
1276 73 1333 103 ΙΙΙ.
1353 73 1410 103 IV.

1943 84 1960 109 5

87 153 206 187 teritus
229 164 298 184 non
322 157 381 183 est.
425 151 515 183 Nam
537 150 565 183 si
588 150 635 182 ita
657 157 760 192 esset,
791 151 880 193 quod
905 157 1017 194 patres
1040 155 1123 193 aput
1144 149 1289 181 maiores
1311 155 1446 181 nostros
1468 154 1585 181 tenere
1606 159 1676 180 non
1697 155 1899 192 potuerunt,
1924 158 1964 184 ut

84 206 347 249 reprehensores
374 210 483 236 essent
505 204 733 244 comitiorum,
757 204 792 235 id
808 205 973 236 haberent
994 204 1140 243 iudices;
1163 203 1220 235 uel
1244 203 1333 245 quod
1357 202 1466 234 multo
1487 201 1588 234 etiam
1604 202 1716 234 minus
1740 209 1825 234 esset
1848 202 1963 235 feren-

86 258 185 291 dum:
217 265 290 290 tum
321 258 412 289 enim
440 257 674 300 magistratum
701 269 770 289 non
794 258 930 300 gerebat
952 258 998 298 is,
1031 257 1089 300 qui
1113 263 1264 300 ceperat,
1294 256 1322 288 si
1345 262 1456 299 patres
1478 262 1630 287 auctores
1653 267 1723 287 non
1747 262 1843 287 erant
1864 255 1961 297 sacti3

85 323 176 343 nunc
204 311 396 354 postulatur
423 323 442 342 a
473 311 591 352 uobis,
627 318 666 344 ut
703 310 773 343 eius
803 311 925 352 exilio,
964 311 1023 355 qui
1058 317 1189 343 creatus
1222 310 1282 351 sit,
1323 308 1487 341 iudicium
1517 308 1638 352 populi
1665 308 1814 340 Romani
1843 321 1963 352 repre·

87 364 254 396 hendatis.

172 441 290 483 Itaque
317 454 524 484 quamquam
548 454 614 484 qua
635 442 731 474 nolui
754 441 854 474 ianua
875 454 951 474 sum
974 441 1143 484 ingressus
1166 439 1201 471 in
1228 450 1392 478 caussam,
1416 450 1552 482 sperare
1573 440 1709 481 uideor,
1733 446 1864 472 tantum
1890 439 1966 472 afu-

89 500 200 526 turam
222 506 291 526 esse
315 494 503 527 orationem
527 507 638 527 meam
661 507 679 526 a
700 496 853 530 minuma
874 495 1065 539 suspicione
1084 492 1278 526 offensionis
1302 498 1389 531 tuae,
1414 497 1446 523 te
1466 498 1504 523 ut
1525 494 1638 535 potius
1665 494 1851 536 obiurgem,
1876 493 1967 536 quod

87 547 215 579 inicum
251 547 286 579 in
323 547 504 580 discrimen
539 548 682 580 adducas
720 548 919 591 dignitatem
955 555 1066 588 tuam,
1108 558 1210 590 quam
1244 552 1283 577 ut
1316 556 1377 588 ego
1414 556 1488 576 eam
1523 545 1594 576 ulla
1630 547 1836 579 contumelia
1865 558 1966 578 coner

89 599 274 643 adtingere.

172 678 236 711 IV.
282 679 337 710 Tu
360 679 619 720 continentiam,
643 686 681 712 tu
703 679 923 717 industriam,
946 684 981 709 tu
1005 676 1156 708 animum
1180 676 1216 708 iu
1227 655 1523 719 {Ra-publicam,
1545 681 1583 707 tu
1605 675 1783 717 uirtutem,
1807 684 1845 709 tu
1868 678 1995 710 inno-9

91 731 246 771 centiam,
271 737 308 762 tu
331 731 443 771 fidem,
466 738 501 763 tu
526 733 657 764 labores
681 739 767 771 tuos,
793 731 883 773 quod
907 731 1025 762 aedilis
1046 743 1116 762 non
1139 729 1182 762 sis
1206 728 1323 769 factus,
1347 728 1470 761 fractos
1494 740 1565 760 esse
1587 734 1620 760 et
1641 729 1785 761 abiectos
1809 737 1842 762 et
1864 743 1969 774 repu-

90 784 198 816 diatos
219 786 340 827 putas?
365 785 454 817 Uide
478 786 630 824 tandem,
655 784 865 823 Laterensis,
889 790 1055 826 quantum
1079 795 1139 826 ego
1163 795 1182 814 a
1203 789 1237 814 te
1260 782 1466 814 dissentiam.
1511 783 1547 814 Si
1577 781 1708 813 medius
1731 781 1830 814 fidius
1855 783 1969 815 decem

90 838 154 870 soli
179 844 289 869 essent
311 837 346 868 in
370 838 506 869 ciuitate
528 838 595 868 uiri
618 838 715 877 boni,
744 837 928 880 sapientes,
957 836 1055 875 iusti,
1081 848 1218 878 graues,
1251 836 1309 878 qui
1332 842 1365 867 te
1388 836 1568 878 indignum
1590 834 1762 866 aedilitate
1790 836 1972 868 iudicauis-

89 896 182 930 sent,
206 891 341 933 grauius
366 890 406 921 de
425 897 456 921 te
478 890 663 921 iudicatum
685 896 861 932 putarem,
886 901 987 932 quam
1010 895 1060 920 est
1083 890 1163 928 hoe,
1189 889 1280 931 quod
1303 895 1341 920 tu
1363 889 1502 929 metuis,
1528 900 1572 920 ne
1594 901 1613 920 a
1634 887 1763 931 populo
1787 888 1969 920 iudicatum

94 955 165 975 esse
187 944 355 975 uideatur.
387 944 467 974 Non
492 943 581 974 enim
604 942 748 973 comitiis
772 942 899 973 iudicat
921 953 1056 984 semper
1077 943 1236 986 populus,
1258 949 1308 974 set
1329 948 1490 973 mouetur
1511 942 1715 985 plerumque
1737 941 1860 982 gratia:
1885 942 1972 974 cedit

90 996 265 1040 predbusg
289 994 368 1026 facit
391 1007 464 1034 eos,
488 1007 506 1026 a
531 995 650 1037 quibus
671 1001 721 1026 est
742 1006 904 1026 maxume
926 994 1092 1034 ambitus,
1117 994 1263 1037 denique
1287 994 1419 1025 etiamsi
1442 994 1584 1033 iudicat,
1608 1006 1678 1025 non
1703 993 1835 1025 delectu
1858 995 1970 1036 aliquo

93 1055 151 1080 aut
181 1047 345 1091 sapientia
374 1047 509 1079 ducitur
537 1047 579 1079 ad
615 1047 853 1089 iudicandum,
890 1053 942 1079 set
969 1047 1090 1091 inpetu
1115 1059 1375 1090 nonnumquam
1402 1053 1436 1079 et
1465 1046 1610 1089 quadam
1639 1046 1741 1078 etiam
1772 1048 1970 1079 temeritate.

169 1218 222 1247 uel
242 1218 341 1257 quod)
361 1219 416 1248 Mb
437 1219 474 1247 id
493 1217 545 1246 uel
562 1217 660 1255 quod,
686 1216 772 1246 Uict.
793 1227 811 1246 a
829 1217 866 1246 id
882 1218 935 1247 uel
958 1217 1046 1256 quod.
1064 1232 1104 1239 —
1121 1217 1220 1246 multo
1242 1216 1334 1246 ctiam
1353 1215 1474 1253 minus)
1493 1216 1537 1244 Pa
1556 1218 1651 1245 etiam
1671 1217 1768 1245 multo
1787 1218 1900 1252 minus,
1921 1216 1975 1252 Pb,

94 1279 154 1313 Pe,
174 1277 221 1313 D,
242 1282 274 1305 et
294 1277 322 1305 O
344 1279 440 1306 mullo
460 1279 564 1306 minus
584 1278 697 1312 etiam,
730 1287 765 1305 ου
785 1276 883 1304 multo
904 1278 1019 1304 minus.
1038 1290 1075 1297 —-
1095 1275 1185 1311 esset)
1215 1274 1266 1302 Sic
1286 1275 1327 1311 B,
1355 1274 1398 1310 E,
1426 1274 1498 1309 Mb,
1528 1279 1558 1302 ct
1586 1274 1670 1303 Uict.
1691 1285 1723 1311 :13
1751 1275 1848 1302 ceteri
1869 1281 1920 1303 est.
1940 1289 1976 1296 -

94 1325 269 1362 ferendum)
291 1326 315 1354 C
336 1325 545 1363 referendum.
563 1339 602 1346 ·—
621 1323 698 1361 tum)
718 1324 763 1352 Pb
785 1334 864 1357 cam,
884 1333 902 1355 ς
922 1329 1020 1353 tunm.
1039 1339 1078 1345 —
1097 1323 1239 1362 gerebat)
1260 1322 1307 1350 La
1323 1332 1391 1350 cum
1412 1321 1601 1360 ghferehat,
1622 1323 1667 1351 Lc
1689 1327 1719 1350 et
1739 1323 1977 1361 23serebal.—

96 1375 201 1410 erant)
221 1375 266 1411 χὸ
288 1379 392 1401 essent.
411 1387 449 1393 —
468 1373 661 1411 postu1atur)
681 1373 726 1410 χ5
747 1373 828 1400 enim
843 1372 1033 1408 postulatas.
1052 1386 1090 1394 ·—-
1110 1371 1193 1408 eius)
1218 1372 1271 1400 Ma
1291 1375 1322 1399 et
1341 1371 1383 1399 Pa
1404 1380 1461 1398 om.
1480 1385 1518 1391 —
1538 1370 1652 1408 exilio)
1672 1371 1720 1399 La
1739 1381 1808 1399 cum
1827 1370 1864 1408 gl.
1885 1371 1977 1398 auxi-

97 1445 157 1481 lio,
177 1443 232 1472 Mb
253 1427 387 1488 qim-ilw,
407 1444 474 1480 Lb,
494 1444 544 1480 II,
565 1448 595 1472 ct
614 1451 641 1481 ψ
660 1444 788 1478 auxilio,
808 1447 854 1470 set
874 1442 923 1469 Lb
944 1442 978 1470 in
997 1453 1090 1481 marg.
1110 1444 1201 1472 exilio
1220 1441 1322 1470 habet.
1339 1456 1379 1463 —
1396 1441 1454 1478 sit)
1474 1441 1517 1470 Pa
1538 1452 1596 1470 om.
1616 1457 1652 1464 —

172 1501 297 1539 Itaque)
317 1513 352 1531 ου
372 1503 433 1531 Ila.
447 1519 484 1524 —
504 1503 700 1541 quamquam)
720 1501 746 1529 E
767 1503 833 1529 iam
858 1490 926 1539 quo.
945 1516 984 1522 -—-
1013 1501 1086 1539 qua)
1111 1501 1138 1529 E
1167 1511 1234 1537 om,
1260 1505 1306 1529 set
1326 1499 1419 1528 habet
1440 1500 1702 1539 superscriptum,
1726 1500 1769 1528 Pa
1789 1501 1823 1528 in
1843 1509 1913 1537 qua.
1940 1514 1979 1520 —

100 1548 206 1585 nolui)
226 1549 267 1585 B,
287 1550 330 1586 E,
350 1551 418 1586 Ma,
438 1551 485 1586 D,
506 1551 556 1585 H,
578 1561 597 1589 χ
617 1551 712 1587 (sic),
732 1549 863 1577 Lambb.
882 1559 947 1577 uno
969 1554 1110 1586 excepto,
1134 1555 1164 1578 et
1184 1550 1301 1588 aliquot
1322 1548 1398 1577 Pall.
1420 1549 1522 1582 uolui,
1544 1559 1563 1580 ς
1586 1559 1645 1577 om.
1659 1563 1697 1570 ·—-
1711 1549 1795 1584 sum)
1817 1547 1867 1575 Sic
1886 1548 1921 1583 B,
1941 1547 1979 1583 E,

97 1596 168 1630 Mb,
188 1596 240 1631 Pa,
260 1596 314 1632 Pb,
334 1598 358 1625 F
373 1608 397 1632 1,
417 1603 448 1626 et
467 1608 501 1635 23
523 1598 619 1626 ceteri
638 1600 706 1626 sim.
725 1614 760 1619 —
785 1607 851 1624 sum
871 1597 1044 1635 ingressus)
1063 1598 1116 1626 Ma
1136 1608 1195 1626 om.
1215 1614 1252 1618 —
1271 1597 1438 1634 ingressus)
1458 1596 1488 1623 D
1505 1607 1648 1634 gressus,
1669 1601 1715 1625 sct
1733 1605 1866 1634 superse.
1884 1596 1927 1623 in.
1942 1609 1979 1616 --

100 1643 240 1682 sperare)
260 1644 312 1671 Ma
331 1652 534 1681 spectare.’—·
561 1647 698 1682 tantuin)
716 1645 772 1679 La,
792 1646 854 1679 Mc,
876 1654 927 1680 ου,
949 1650 980 1673 et
998 1652 1025 1683 ψ
1051 1651 1173 1681 tamen,
1205 1649 1252 1673 set
1278 1645 1310 1672 in
1331 1645 1377 1672 La
1405 1653 1522 1682 supers.
1544 1649 1675 1672 tansum.
1694 1659 1733 1665 —-
1758 1643 1925 1679 afuturam)
1951 1643 1978 1670 E

101 1690 297 1728 affitlztrctm,
324 1690 372 1719 Lb
399 1693 602 1731 abfuturum,
630 1693 654 1722 C
675 1697 706 1721 ct
732 1694 777 1730 χ5
798 1692 983 1731 affitiurum.
1003 1709 1040 1715 —-
1061 1693 1250 1730 orationem)
1270 1694 1321 1721 Ma
1343 1694 1503 1720 rationem.
1523 1706 1560 1712 —
1580 1689 1750 1728 obiurgem)
1770 1691 1838 1725 Ma,
1858 1691 1918 1725 La,
1940 1690 1979 1726 Ο,

104 1737 150 1771 G,
170 1738 238 1773 Bu,
259 1738 308 1772 Π,
337 1749 387 1773 ων,
416 1744 446 1767 ct
466 1748 491 1777 ψ
511 1741 697 1780 obiurgare,
727 1745 774 1768 set
793 1740 827 1768 in
846 1740 894 1768 La
913 1751 1030 1779 supers.
1050 1740 1226 1779 ohiurgem,
1246 1741 1310 1775 Lb,
1330 1739 1387 1774 Le,
1409 1738 1450 1774 C,
1471 1743 1501 1766 ct
1520 1747 1539 1776 χ
1555 1747 1565 1765 1
1588 1738 1756 1774 obiurga-e,
1776 1737 1806 1763 D
1827 1737 1979 1774 obiurger,

101 1790 150 1814 set
169 1795 201 1813 er
221 1785 254 1812 in
273 1795 341 1813 ras„
361 1799 399 1806 ——-
426 1787 525 1824 quod)
545 1789 590 1826 χῦ
617 1794 647 1817 ct
666 1796 693 1827 ψ
719 1799 821 1827 qaam.
839 1803 877 1810 —·
902 1789 1045 1827 iniquum
1070 1790 1117 1824 in)
1136 1790 1162 1817 E
1186 1789 1346 1817 inimicum
1365 1790 1415 1824 in,
1436 1797 1480 1825 χι
1502 1788 1536 1815 in
1556 1787 1716 1815 inimicum
1735 1786 1779 1819 in,
1799 1785 1841 1812 Pa
1860 1786 1894 1813 in
1913 1787 1978 1814 ini-

102 1844 199 1872 quum
218 1835 262 1862 in.
281 1849 319 1854 —
338 1843 392 1871 ego
414 1835 496 1872 eam)
516 1835 542 1863 E
564 1847 631 1864 eam
650 1847 716 1874 ege,
734 1847 752 1868 ς
773 1846 825 1874 ego
846 1846 891 1874 ea,
912 1847 947 1865 ου
967 1848 1027 1865 om.
1044 1852 1082 1859 —
1102 1837 1165 1866 ulla
1186 1834 1385 1874 contumelia)
1406 1836 1448 1864 Pa
1467 1833 1681 1863 contumeliam
1700 1832 1809 1861 allam.
1828 1846 1868 1852 -

181 1901 215 1930 C.
237 1900 293 1929 IV.
313 1899 340 1940 §.
361 1911 387 1939 9.
426 1902 458 1930 in
478 1913 543 1931 rem
563 1904 737 1942 publicam)
756 1905 800 1941 E,
819 1905 890 1942 Mc,
917 1910 948 1934 ct
966 1905 996 1933 D
1019 1907 1053 1934 in
1071 1916 1105 1934 re
1118 1916 1164 1943 p..
1183 1920 1221 1927 —
1241 1904 1339 1943 quod)
1360 1910 1385 1941 ψ
1406 1912 1515 1941 quum,
1544 1900 1611 1928 sine
1631 1899 1724 1928 dubio
1746 1889 1811 1939 εῖν-ἧ,
1832 1900 1914 1939 quod
1934 1900 1979 1930 cd.

106 1948 166 1977 Ox.
188 1949 404 1987 compendium
425 1961 519 1988 quum
538 1952 708 1990 particulae
727 1963 889 1992 perperam
909 1953 1051 1982 credidit.
1071 1970 1109 1975 —
1128 1951 1262 1991 tandem)
1283 1963 1319 1980 ου
1340 1958 1454 1980 tamen.
1472 1964 1510 1970 ·-
1537 1954 1683 1987 quantum
1708 1958 1763 1987 ego
1783 1959 1800 1976 ἃ
1820 1951 1863 1983 ῒθ)
1883 1949 1934 1977 SfC
1953 1950 1979 1977 B

106 2002 137 2026 et
157 1997 201 2034 E3
221 1997 269 2025 La
288 2005 440 2036 quamam
461 2000 505 2027 ad
522 2005 570 2034 te;
590 1999 686 2027 ceteri
706 2007 858 2037 quantum
876 2013 897 2030 a
916 2008 954 2031 te.

182 2054 304 2092 decem)
325 2056 367 2084 Pa
387 2058 415 2084 si
434 2057 543 2086 decem.
562 2073 601 2078 —-
620 2063 737 2095 graues)
759 2069 794 2087 ου
815 2069 874 2087 om.
893 2073 931 2080 --
950 2057 1183 2097 iudicauissent)
1204 2058 1266 2094 Mc,
1286 2056 1342 2091 La,
1362 2059 1393 2083 et
1412 2053 1462 2082 Lb
1482 2053 1680 2091 iudicassent,
1701 2053 1726 2082 C
1746 2053 1980 2084 iudicarent.—

110 2104 216 2141 quam)
238 2113 272 2132 ου
293 2114 491 2143 quamquam.
510 2119 548 2127 —-
566 2107 618 2143 tu)
638 2113 664 2144 ψ
685 2113 721 2134 te.
740 2121 779 2127 --
798 2116 814 2134 a
833 2107 968 2145 populo)
989 2107 1014 2136 C
1028 2109 1154 2146 populo.
1174 2121 1212 2130 —-

184 2166 285 2204 cedit)
312 2168 360 2197 La
385 2173 416 2197 ct
442 2176 469 2207 ψ
494 2170 575 2198 cedit
596 2171 743 2208 populus.
762 2184 801 2191 —
826 2169 920 2207 facit)
945 2169 994 2199 La
1012 2175 1044 2200 et
1068 2178 1096 2208 ψ
1113 2169 1229 2208 fauet,
1256 2166 1355 2198 setin
1381 2165 1429 2195 La
1453 2175 1570 2205 superS.
1589 2164 1686 2204 facit.
1711 2179 1750 2188 —
1775 2166 1845 2203 eos)
1864 2165 1912 2194 La
1939 2166 1981 2194 eis

112 2222 181 2242 cnm
201 2214 239 2253 gl.
260 2224 315 2243 eos.
334 2230 372 2236 —-

189 2273 393 2321 etimnsiy'sic
412 2285 438 2314 B
459 2290 490 2314 et
508 2286 553 2323 E3
574 2285 669 2315 ceteri
689 2287 725 2315 si.
745 2301 783 2309 —
810 2285 948 2323 delectu)
968 2287 1004 2323 B,
1024 2286 1061 2323 Ε,
1080 2285 1146 2322 Mb,
1167 2285 1222 2322 Pb,
1242 2286 1293 2322 Pe,
1313 2285 1373 2321 Lb,
1393 2288 1423 2313 et
1444 2283 1472 2312 Ο
1500 2284 1630 2320 dilectu,
1659 2287 1705 2312 set
1731 2281 1764 2310 in
1790 2282 1839 2311 Lb
1865 2290 1980 2320 supers.

117 2328 235 2357 delectu
244 2340 256 2363 ,·
282 2331 324 2358 Pa
343 2333 466 2362 ‹lelio-tu.
485 2350 522 2357 -·
540 2336 610 2371 aut)
629 2335 675 2371 χ5
695 2339 737 2363 ut.
756 2348 794 2356 —-
820 2334 1035 2371 iudicandum)
1054 2335 1097 2364 Pa
1116 2336 1189 2363 iura
1209 2334 1419 2363 iudicandum.
1438 2346 1476 2354 -
1494 2331 1740 2370 nonnumquam)
1760 2331 1828 2366 Ma,
1853 2329 1925 2364 Mb,
1951 2332 1982 2356 εἴ

119 2382 139 2411 χ
160 2375 238 2412 (sic)
258 2387 465 2417 nonunquam.
484 2398 522 2405 -
542 2382 651 2419 etiam)
672 2382 712 2419 B,
732 2383 800 2419 Mc,
820 2387 850 2411 et
872 2382 899 2410 T
921 2393 979 2410 om.
999 2397 1036 2405 —
