2264 2746
256 100 309 127 176
909 93 1486 124 COMMENTARIUS.

256 169 287 200 ei
310 180 386 200 cum
408 169 589 201 Laterense
611 168 751 199 sciamus
774 165 888 197 fuisse.
930 168 970 198 In
992 175 1182 212 promptust
1205 169 1296 200 enim
1318 168 1449 208 uidere,
1473 180 1511 199 ea
1533 169 1589 201 hic
1610 176 1738 201 tantum
1760 174 2003 206 conmemorari
2025 186 2133 218 posse,

256 233 340 264 quae
362 222 517 253 Plancius
540 219 671 257 fecerit,
694 219 883 250 Laterensis
906 219 1016 251 facere
1038 228 1090 253 aut
1119 222 1268 253 omiserit
1293 227 1349 252 aut
1371 221 1528 253 noluerit.
1573 222 1689 263 Itaque
1711 222 1825 253 nullus
1846 223 2047 266 relinquitur
2072 227 2134 258 du-

255 275 379 306 bitandi
404 275 511 313 locus,
545 272 643 314 quin,
676 271 767 313 quod
790 272 870 314 ipsis
893 283 1000 314 paene
1023 274 1192 305 codicibus
1216 274 1405 305 auctoribus
1427 274 1557 317 Proleg.
1582 274 1604 306 l.
1628 275 1650 306 l.
1674 274 1906 317 reponendum
1927 276 2017 318 dixi,
2041 280 2136 322 peti-

255 329 308 360 uit
333 341 372 360 ea
395 339 477 359 usus
500 325 633 356 ratione
656 330 717 355 etc.
742 336 760 355 a
783 325 945 356 Cicerone
970 326 1133 369 scriptum
1156 326 1268 358 suerit.
1312 327 1470 370 Denique
1494 327 1647 359 minume
1671 327 1891 366 tribunatus,
1925 328 1965 359 de
1988 340 2055 371 quo
2078 341 2136 361 co·

254 381 369 422 gitauit
393 377 611 416 Garatonius,
637 383 684 407 set
706 377 900 408 aedilitatis
923 378 1103 420 significari
1126 381 1343 424 petitionem,
1369 391 1451 411 uere
1473 391 1492 411 a
1514 392 1569 411 me
1592 380 1723 422 Proleg.
1746 381 1946 412 declaratum
1972 392 2042 412 esse
2065 392 2137 412 cer-

255 434 469 464 tissumunist.
514 429 636 461 Erraui
658 436 770 460 autem
792 429 828 460 in
851 440 902 467 eo,
927 430 1014 471 quod
1038 443 1162 464 nomen
1189 434 1302 472 uitae,
1328 432 1417 475 quod
1440 433 1475 464 in
1497 433 1524 464 B
1549 439 1579 464 et
1604 433 1632 464 E
1656 440 1729 475 post
1753 435 1889 466 ratione
1911 434 2056 465 additum
2082 445 2138 465 re—

257 486 401 529 peritur,
433 483 587 526 spurium
619 481 779 521 indicaui,
815 482 903 523 quod
926 483 1044 516 Cicero
1073 497 1142 516 non
1172 485 1211 516 de
1240 486 1345 525 uitae,
1379 492 1427 517 set
1449 485 1489 516 de
1511 485 1671 527 petendae
1694 485 1869 516 aedilitatis
1891 486 2037 526 ratione,
2072 497 2138 528 qua

258 537 409 570 Plancius
432 548 510 568 usus
533 537 590 576 sit,
620 537 676 568 hic
698 536 864 576 loquatur.
910 535 957 567 At
980 548 1064 578 quae
1087 538 1190 569 uerba
1211 549 1382 581 proxume
1403 538 1621 581 praecedunt,
1652 539 1710 570 Set
1733 544 1772 570 ut
1799 539 1936 570 redeam
1957 539 2005 571 ad
2025 539 2138 572 Plan·

256 593 347 624 cium
366 607 407 613 —
421 589 502 633 fuit
525 591 561 622 in
585 590 710 627 oculis,
739 587 779 618 iis
801 587 1065 630 manifestumsi,
1098 603 1164 634 quo
1187 592 1275 622 uitae
1297 602 1419 634 genere
1442 601 1521 623 usus
1543 591 1698 622 Plancius
1720 592 1761 622 sit
1782 583 1889 634 usque
1913 592 1995 623 dum
2017 590 2138 623 aedili-

255 650 354 675 tatem
376 643 547 686 petiuerit,
571 641 710 685 exponi.
756 642 877 682 Neque
900 642 1103 684 uerborum,
1128 646 1244 678 ualuit
1266 645 1501 683 adsiduitate,
1526 645 1643 676 ualuit
1665 644 1887 676 obseruandis
1910 646 2050 684 amicis,
2073 657 2138 677 ua-

251 698 319 729 luit
342 697 571 734 liberalitate,
594 695 678 726 alius
701 700 809 738 potest
832 705 933 736 quam
955 695 1010 726 hie
1033 708 1102 728 esse
1125 709 1259 729 sensus:
1284 709 1339 737 eo,
1365 696 1454 739 quod
1478 708 1610 739 semper
1632 697 1762 728 Romae
1785 696 1902 735 suerat,
1927 699 2052 730 amicos
2075 697 2138 729 ob·

251 756 412 788 seruarat,
442 749 588 780 liberalis
612 748 737 787 fuerat,
770 759 843 778 eam
866 747 929 778 sibi
951 749 1071 791 populi
1094 750 1235 792 gratiam
1258 750 1467 790 conciliarat,
1497 756 1534 781 ut
1557 749 1817 793 conpetitoribus
1839 750 2016 781 aedilitatis
2037 761 2137 793 prae-

249 809 443 846 poneretur.
488 803 543 833 Ex
568 813 634 844 quo
658 802 722 833 hoe
743 801 894 844 primum
916 807 1068 843 apparet,
1091 814 1188 845 posse
1211 815 1337 834 nomen
1360 804 1455 835 uitae
1477 814 1496 834 a
1519 803 1682 835 Cicerone
1703 802 1850 833 additum
1870 809 1959 834 recte
1982 803 2135 842 iudicari,

250 855 315 886 hoc
347 866 462 885 sensu:
507 855 627 897 petiuit
658 854 857 885 aedilitatem
888 860 1068 896 postquam
1098 867 1135 886 ea
1157 867 1236 887 usus
1259 862 1330 887 erat
1351 856 1480 887 ratione
1506 855 1612 894 uitae,
1654 867 1719 897 qua
1741 862 1822 887 etc..
1868 856 2001 888 Debere
2021 861 2135 887 autem

251 919 329 938 eum
351 907 397 937 sic
419 906 587 949 scripsisse
611 907 824 945 existumari,
850 907 927 937 inde
949 908 1100 949 primum
1122 909 1302 947 concludo,
1341 908 1448 951 quod,
1484 908 1511 939 si
1533 909 1572 939 de
1594 909 1716 951 petitae
1738 908 1911 940 aedilitatis
1932 909 2059 940 ratione
2081 909 2136 940 lo-

251 959 310 1001 qui
331 960 507 999 uoluisset,
543 960 614 991 sine
635 960 736 990 dubio
760 959 882 1000 omisso
907 960 1010 990 uerbo
1035 973 1118 992 usus
1141 961 1337 1004 simpliciter
1357 962 1487 1005 petiuit
1508 974 1547 994 ea
1572 962 1707 994 ratione
1733 961 1884 994 dixisset.
1927 961 2063 993 Deinde
2085 966 2135 992 et-

249 1012 317 1043 iam
340 1012 460 1051 uerba,
497 1024 582 1054 quae
604 1019 777 1052 secuntur,
814 1025 882 1056 qua
902 1014 1057 1045 minuma
1080 1014 1218 1046 inuidia
1239 1016 1323 1046 noui
1345 1016 1497 1047 homines
1514 1015 1677 1058 plurumi
1699 1016 1832 1047 eosdem
1853 1017 1996 1048 lzonores
2019 1026 2135 1047 conse-

251 1065 343 1103 cuti,
370 1065 404 1095 in
426 1065 535 1107 iisque
558 1078 718 1097 maxume
741 1067 896 1098 minuma
922 1066 1061 1098 inuidia
1085 1066 1233 1109 flagitare
1257 1067 1343 1099 milti
1365 1067 1449 1098 adeo
1474 1068 1650 1108 uidentur,
1674 1075 1710 1099 ut
1732 1068 1771 1098 de
1794 1068 1900 1108 uitae,
1923 1079 1994 1099 non
2015 1068 2055 1099 de
2072 1078 2135 1111 pe·

250 1117 341 1149 tendi
368 1118 575 1160 magistratus
596 1119 724 1150 ratione
749 1118 801 1159 agi
825 1118 879 1149 hic
902 1118 1083 1150 credamus,

335 1171 502 1203 Plurumi
525 1172 657 1203 eosdem
679 1171 822 1202 honores
846 1173 1029 1214 consecuti)
1076 1172 1145 1203 Cur
1166 1179 1266 1212 sunt,
1301 1172 1389 1215 quod
1412 1173 1513 1215 uolgo
1536 1180 1611 1217 post
1634 1175 1823 1213 consecuti,
1852 1174 1892 1205 ab
1919 1173 2050 1205 Orellio
2072 1184 2135 1205 au-

250 1230 317 1255 tem
340 1229 415 1266 post
430 1223 593 1267 plurumi
615 1223 873 1263 conlocaturust,
905 1224 1078 1264 eiecerim,
1105 1226 1297 1268 expositum
1319 1226 1355 1257 in
1377 1226 1509 1268 Proleg.
1532 1227 1574 1258 L.
1601 1228 1644 1258 ΙΙ.
1669 1228 1707 1259 C.
1731 1227 1757 1258 Ι.
1783 1228 1812 1269 §.
1840 1227 1888 1259 16.
1911 1232 1969 1258 est.

1006 1313 1035 1346 C
1060 1312 1093 1347 A
1118 1314 1158 1347 P.
1206 1314 1383 1349 XXVIII.

338 1384 368 1425 ς.
396 1383 447 1415 68.
489 1384 583 1417 Boni
605 1385 678 1417 uiri
700 1390 733 1417 et
756 1384 860 1425 ciues)
906 1385 976 1415 Cfr.
1007 1385 1124 1416 Cicero
1150 1385 1186 1416 in
1210 1386 1346 1417 Consol.
1371 1398 1405 1429 p.
1433 1387 1523 1419 1165.
1550 1386 1599 1418 ed.
1623 1386 1705 1418 ΕΓΗ.
1729 1386 1809 1419 Uol.
1832 1387 1895 1419 IV.
1918 1387 1956 1418 P.
1978 1386 2042 1419 IL:
2077 1387 2136 1419 Ita

251 1449 311 1469 nec
333 1437 412 1468 boni
435 1437 541 1475 ciuis,
565 1450 625 1469 nec
649 1437 727 1469 boni
749 1439 822 1469 uiri
834 1436 1014 1481 fzmgetur
1040 1438 1162 1482 officio.
1205 1439 1344 1471 Bonum
1366 1440 1457 1471 enim
1479 1441 1598 1472 uirum
1623 1440 1736 1478 decet,
1769 1441 1810 1472 de
1833 1446 2023 1472 ceterorum
2045 1452 2136 1472 com-

251 1491 360 1522 modis
392 1502 498 1534 aeque
528 1490 686 1522 laborare
713 1504 754 1522 ac
777 1491 817 1522 de
839 1492 933 1529 sui-53
967 1490 1090 1522 boman
1117 1502 1198 1522 uero
1226 1492 1353 1531 ciuem,
1385 1506 1450 1525 sua
1473 1493 1588 1524 omnia
1608 1493 1802 1536 posteriora
1824 1493 1964 1530 habere,
1991 1493 2136 1536 patriae

250 1544 425 1575 commoda
443 1546 560 1586 prima
581 1549 614 1574 et
635 1555 798 1576 maxuma
821 1544 963 1581 ducere3
998 1556 1019 1575 a
1045 1543 1168 1587 quibus
1190 1556 1297 1588 neque
1320 1546 1436 1578 dolore
1461 1558 1569 1589 neque
1592 1546 1667 1577 ulla
1690 1546 1825 1578 omnino
1852 1546 2004 1577 humana
2025 1546 2135 1578 auelli

247 1596 512 1640 perturbatione
537 1595 707 1628 debemus.

333 1650 413 1682 Meo
437 1650 583 1690 nomine)
629 1650 707 1681 Mea
731 1660 860 1688 caussa,
897 1649 985 1690 quod
1005 1649 1160 1681 Plancius
1186 1662 1257 1691 me,
1299 1663 1376 1683 cum
1398 1651 1433 1683 in
1457 1649 1562 1683 exilio
1599 1661 1721 1691 essem,
1765 1651 1806 1682 ab
1829 1650 2045 1682 inimicorum
2077 1651 2131 1682 in-

249 1701 339 1733 sidiis
364 1701 571 1732 defendisset.

341 1754 468 1787 Utrum
493 1755 607 1798 igitur
628 1767 682 1787 me
704 1755 908 1788 conturbare
930 1756 1076 1799 oportet)
1122 1756 1350 1796 Conturbare,
1385 1757 1527 1788 subaudi
1551 1759 1720 1797 rationes,
1753 1763 1799 1788 est
1822 1757 2022 1799 decoquere,
2058 1768 2127 1789 non

249 1818 347 1849 posse
370 1807 501 1839 soluere
525 1808 613 1850 quod
635 1808 750 1847 debes,
779 1808 853 1839 foro
876 1809 1001 1839 cedere.
1046 1809 1210 1840 Martialis
1233 1810 1300 1849 IX,
1324 1810 1375 1841 lh:
1410 1810 1566 1843 Grandis
1589 1812 1625 1843 in
1649 1811 1800 1843 aetherio
1825 1811 1906 1842 licet
1925 1811 2039 1842 auctio
2051 1810 2128 1854 fiat

252 1859 410 1903 Olympo,
433 1860 678 1904 Coganturque
700 1862 756 1893 dei
779 1863 925 1894 uendere
948 1863 1114 1906 quicquid
1134 1863 1276 1895 lzabent:
1299 1863 1524 1895 Conturbabit
1547 1864 1664 1903 Atlas,
1686 1869 1719 1897 et
1741 1875 1808 1895 non
1829 1863 1897 1895 erit
1918 1863 2021 1895 uncia
2043 1869 2128 1903 tota,

250 1912 399 1944 Decidat
421 1919 532 1945 tecum
555 1926 623 1957 qua
640 1920 745 1957 pater
767 1915 840 1958 ipse
862 1916 974 1948 deum.
999 1916 1205 1947 GRAEUL'S.
1252 1916 1362 1955 Adde,
1401 1928 1483 1958 quos
1508 1917 1711 1949 Garatonius
1733 1914 1877 1947 conferri
1899 1915 2006 1955 iubet,
2036 1916 2128 1948 Tm·-

250 1965 325 1996 neb.
348 1966 411 1998 IV.
433 1966 579 1998 Aduers.
606 1968 674 2005 15.‚
698 1967 779 1998 Ern.
804 1967 897 2000 Clau.
922 1968 1090 2006 Ciceron.,
1116 1975 1145 1999 et
1169 1969 1313 2001 Pareum
1336 1970 1371 2001 in
1393 1971 1480 2002 Lex.
1506 1970 1588 2002 Crit.
1612 1970 1646 2001 h.
1665 1981 1759 2002 uoce.

333 2019 416 2050 Cum
439 2020 603 2063 cuiusque
625 2020 698 2052 dies
720 2021 867 2062 uenerit)
913 2022 999 2052 Cum
1021 2021 1151 2052 uenerit
1174 2021 1244 2053 dies
1266 2023 1460 2062 solutionis,
1491 2035 1557 2065 quo
1581 2023 1701 2065 cuique
1718 2021 1918 2054 soluendum
1942 2026 2008 2060 est,
2039 2021 2127 2063 quod

250 2071 398 2102 debetur.
445 2072 610 2103 Phaedrus
631 2072 762 2114 Ι,-16.;
794 2073 860 2105 Ubi
888 2087 949 2106 uos
980 2075 1175 2118 requiram,
1208 2088 1285 2108 cum
1307 2077 1380 2109 dies
1402 2076 1595 2109 aduenerit.
1639 2076 1725 2109 Uide
1752 2076 1796 2107 D.
1826 2074 1866 2104 de
1887 2074 1982 2105 uei-b.
2011 2074 2125 2116 signif.

249 2124 273 2156 l.
299 2124 369 2155 215.
394 2125 422 2164 §.
445 2126 561 2158 cedere
582 2126 683 2157 diem.
729 2126 936 2158 GRAErn‘s.

344 2176 469 2207 Utrum
490 2178 602 2221 igitur
623 2190 676 2210 me
698 2180 902 2212 conturbare
927 2187 1077 2224 oportet,
1110 2193 1156 2212 an
1177 2181 1317 2220 ceteris,
1349 2194 1426 2214 cum
1449 2183 1612 2226 cuiusque
1635 2182 1708 2228 dies
1729 2181 1882 2218 uenerit,
1909 2180 1972 2212 lzoc
1992 2192 2125 2220 nomen,

251 2230 343 2276 quod
363 2235 485 2272 urget,
517 2242 618 2268 nunc,
641 2243 718 2263 cum
734 2233 883 2275 petitur,
906 2234 1130 2274 dissoluereP)
1175 2234 1228 2265 Sic
1252 2234 1307 2265 hic
1330 2235 1421 2266 locus
1445 2235 1480 2266 in
1504 2234 1657 2266 omnibus
1680 2232 1878 2264 editionibus
1898 2233 2038 2275 scriptus
2061 2244 2124 2264 ex-

250 2290 312 2323 tat3
353 2293 463 2323 neque
494 2282 669 2323 quisquam
691 2283 859 2316 editorum
888 2285 928 2316 de
959 2298 1057 2317 sensu
1083 2287 1284 2327 uerborum,
1325 2301 1370 2319 an
1393 2289 1514 2320 ceteris
1535 2304 1576 2310 -
1599 2287 1803 2325 ‹lissoluere‚
1841 2286 1945 2317 uerbo
1978 2286 2122 2327 monuit,

251 2346 455 2379 quamquam
477 2345 558 2375 prae
581 2336 693 2366 ceteris
717 2337 940 2379 explicatione
964 2340 1112 2382 egebant.
1161 2340 1333 2379 W'olffiuQ
1356 2340 1413 2382 qui
1435 2340 1470 2370 in
1484 2339 1704 2370 uernaculum
1726 2350 1915 2370 sermonem
1939 2338 2026 2369 hanc
2047 2349 2124 2370 ora-

249 2389 378 2421 tionem
399 2386 583 2426 transtulit,
607 2387 651 2418 ita
672 2389 752 2419 haec
775 2390 1009 2433 interpretatus
1032 2398 1094 2424 est:
1118 2405 1212 2424 muss
1234 2393 1289 2424 ich
1311 2393 1399 2424 clenn
1421 2392 1476 2424 die
1497 2391 1710 2436 Zalzlungen
1732 2392 1908 2424 einstellen
1918 2415 1929 2430 ,
1951 2391 2033 2424 oder
2054 2392 2120 2423 den
