2264 2746
261 67 395 96 LXXX
923 63 1450 94 PROLEGOMENA.

261 149 370 180 patres
389 148 529 171 auc-tores
548 152 608 170 non
628 146 717 170 erant
734 139 842 178 sacti;
874 148 958 166 nunc
973 139 1152 175 postulatur
1171 147 1192 166 a
1214 139 1299 167 uobis
1319 138 1516 179 (iudicibus),
1550 147 1584 168 ul
1606 143 1670 169 eius
1697 142 1836 176 exilio,
1863 143 1917 180 qui
1937 147 2058 170 creatas
2076 143 2128 178 sit,

266 191 417 218 iudicium
433 191 544 227 populi
563 190 697 218 Romani
715 185 953 224 reprehendalis.
992 185 1068 214 Illut
1086 185 1255 223 incertum,
1282 192 1357 225 quot
1376 198 1526 216 annorum
1546 188 1675 216 exilium
1696 188 1800 216 fucrit.
1839 188 1942 227 Atque
1962 199 2031 218 cum
2051 199 2128 217 con-

266 243 388 276 pertum
408 237 587 271 habeamus,
616 236 681 272 lege
702 233 824 268 Tullia,
852 233 904 271 (1111
925 233 1056 261 ambitus
1077 233 1212 262 damnati
1240 239 1356 271 essent,
1383 235 1479 263 exilio
1501 235 1659 263 decennali
1679 236 1824 264 multatos
1845 245 1925 272 esse,
1962 236 1998 264 (10
2018 247 2076 275 (1113
2095 246 2131 265 rc

266 284 339 312 uide
360 294 435 322 (11130
462 284 494 312 111
515 284 629 312 Conim.
650 281 686 309 ad
715 281 748 309 C.
769 281 931 309 XXXIV.
958 279 984 320 §.
1006 282 1050 310 83.
1077 281 1221 310 adnotata
1239 288 1327 318 sunt,
1356 288 1448 311 erunt
1473 283 1619 319 sortasse,
1646 284 1698 321 (1111
1719 284 1904 311 atrociorem
1923 282 2034 311 debere
2053 293 2132 322 poe-

268 342 337 360 nam
357 333 501 360 aduersus
521 340 588 365 005,
617 329 668 367 (1111
688 328 906 357 sodaliciorum
934 328 1071 356 conuicti
1098 335 1217 366 esseut,
1245 330 1398 358 decretam
1426 340 1491 358 esse
1511 331 1612 359 statui.
1652 331 1770 359 Uerum
1798 341 1978 369 quamquam
2006 330 2132 359 maioris

268 380 415 408 facinoris
431 388 500 407 reus
520 377 696 415 putabatur,
717 376 769 414 (1111
790 376 827 404 (10
847 376 1002 404 sodaliciis
1022 387 1110 414 quam
1132 377 1184 415 qui
1205 377 1242 405 (10
1262 378 1380 406 ambitu
1400 379 1622 414 accussabatur>
1641 383 1742 406 tamen
1763 388 1817 415 ego
1838 388 1901 406 11011
1922 378 2040 414 dubito,
2059 378 2134 416 quin

269 428 403 455 atrocior
422 435 536 464 poena,
563 435 652 462 quam
671 424 813 462 profecto
834 423 1052 451 sodaliciorum
1072 424 1118 451 rei
1138 425 1312 460 merebant,
1341 425 1374 453 in
1393 426 1552 454 acerbiore
1573 427 1708 462 iudicio,
1738 426 1819 465 quod
1839 426 1871 454 in
1893 436 1944 454 eos
1966 426 2132 454 exerceba-

269 479 336 510 tur,
357 474 456 512 posita
475 472 578 501 fucrit.
616 472 771 500 Acerbius
791 477 892 500 autem
912 471 970 499 hoc
990 472 1139 500 iudicium
1160 477 1225 500 erat
1244 477 1425 511 propterea,
1451 473 1533 511 quod
1553 483 1570 501 a
1589 473 1761 510 indicibus,
1794 484 1869 511 quos
1889 474 1972 502 solus
1993 483 2132 502 accussa-

270 527 320 551 tor
340 532 377 549 cx
397 521 494 549 tribus
514 520 658 548 tribubus
678 520 848 557 delegerat,
876 519 1094 555 exercebatur,
1121 530 1189 548 011111
1211 519 1247 547 (10
1267 520 1384 548 ambitu
1403 520 1533 548 reiectio
1554 520 1622 548 fieri
1642 521 1779 549 iudicum
1800 522 1988 551 alternorum
2009 522 2133 558 soleret,

269 570 399 607 ideoque
419 567 549 596 ambitus
568 568 615 596 rei
634 567 732 596 multo
760 567 881 595 facilius
910 577 997 605 quam
1025 567 1077 604 qui
1105 566 1142 594 de
1169 566 1324 595 sodaliciis
1350 568 1501 606 postulati
1529 573 1617 597 erant
1646 568 1771 598 defendi
1797 574 1828 598 et
1854 570 1973 600 absolui
1998 574 2131 609 possent.

271 617 334 645 Cl'r.
355 626 398 644 or.
418 616 521 644 Plane.
543 615 577 644 C.
597 615 673 644 XV.
694 614 722 654 §.
743 615 788 644 36.
808 615 914 653 ibique
932 614 1088 653 interpres
1107 614 1339 644 Ambrosianus.

1084 844 1112 877 C
1130 842 1161 878 A
1176 845 1216 878 P.
1257 845 1321 880 IV.

523 944 589 971 DE
624 941 970 972 ROMANORUM
1006 942 1249 972 COMITIIS
1290 942 1563 972 AEDILIUM
1597 942 1888 973 CURULII'M.

348 1067 425 1096 Cum
445 1067 564 1106 aliquot
583 1068 732 1097 orationis
752 1068 935 1098 Plancianae
962 1067 1047 1096 locos
1069 1078 1134 1097 esse
1160 1068 1322 1104 uidissem,
1355 1078 1486 1107 quorum
1505 1068 1558 1107 qui
1579 1078 1684 1097 sensus
1705 1073 1800 1105 esset,
1826 1069 1888 1097 nisi
1909 1068 1976 1108 quis
1996 1067 2141 1098 comitio-

272 1125 340 1143 rum
360 1115 528 1151 rationem,
549 1127 624 1154 quae
645 1117 806 1145 Ciceronis
826 1115 1018 1154 temporibus
1045 1116 1197 1145 aedilibus
1226 1117 1385 1146 curulibus
1406 1117 1545 1145 creandis
1564 1116 1669 1145 habita
1689 1122 1807 1152 essent,
1835 1122 2026 1156 perspectam
2045 1116 2142 1145 habe-

271 1168 338 1199 ret,
358 1163 415 1192 uix
433 1168 537 1202 posset
557 1164 713 1202 intellegi:
735 1174 770 1191 eo
791 1163 892 1191 minus
914 1163 1053 1192 dubitaui
1074 1164 1223 1201 singulari
1245 1164 1469 1200 dissertatione,
1489 1174 1579 1202 quam
1598 1165 1828 1202 Prolegomenis
1848 1165 2025 1200 insererem,
2045 1168 2142 1192 totam

272 1211 358 1239 illam
378 1222 442 1239 reni
462 1216 610 1247 tractare,
637 1222 697 1249 quo
717 1211 829 1248 magis,
855 1210 909 1249 qui
928 1215 1032 1239 nostra
1052 1216 1150 1240 aetate
1171 1212 1208 1240 de
1227 1212 1282 1240 illa
1301 1212 1519 1250 antiquitatum
1539 1213 1746 1241 Romanarum
1765 1217 1853 1251 parte
1872 1212 2078 1250 scripserunt,
2105 1210 2145 1239 ad

272 1260 362 1289 falsas
383 1259 459 1287 mihi
480 1258 627 1287 uidentur
647 1259 811 1298 opiniones
831 1259 910 1297 lapsi
938 1269 1013 1287 esse.
1052 1260 1163 1298 Neque
1190 1259 1272 1287 enim
1293 1259 1344 1298 qui
1370 1260 1549 1288 nouissume
1576 1261 1613 1289 de
1633 1261 1844 1289 Romanorum
1870 1259 2003 1288 comitiis
2028 1269 2143 1288 uerna-

273 1308 343 1335 cula
361 1306 464 1344 ]ingua
484 1306 644 1344 exposuit,
672 1306 787 1335 Christ.
807 1307 898 1335 Ferd.
920 1305 1103 1342 Schulzius,
1129 1316 1229 1345 neque
1249 1307 1302 1345 qui
1322 1317 1402 1335 anno
1423 1307 1587 1346 superiore
1607 1307 1728 1336 demum
1748 1307 1785 1335 de
1805 1308 2013 1336 Romanorum
2033 1307 2144 1336 aedili-

272 1355 329 1382 bus
352 1359 496 1392 quattuor
516 1354 700 1392 conscripsit
720 1355 834 1391 libros,
861 1354 948 1383 Frid.
971 1354 1159 1383 Guilielmus
1181 1354 1387 1391 Schubertus‚
1418 1354 1453 1382 in
1472 1354 1528 1383 1130
1553 1366 1588 1384 re
1614 1355 1796 1394 exponenda
1819 1356 1959 1395 priorum
1983 1355 2144 1385 hominum

273 1402 435 1430 doctorum
456 1412 575 1430 errores
596 1407 818 1439 correxerunt,
847 1408 909 1438 set,
936 1412 1045 1431 uerum
1065 1403 1091 1431 si
1111 1403 1202 1432 fateri
1222 1402 1382 1438 uolumus,
1409 1412 1426 1430 a
1444 1413 1533 1439 uera,
1561 1414 1636 1442 quae
1656 1414 1674 1432 a
1692 1403 1822 1431 Nicolao
1845 1403 1984 1432 Gruchio
2005 1404 2145 1443 aliisque,

274 1450 328 1488 qui
349 1460 418 1477 eum
438 1450 536 1478 secuti
557 1456 659 1487 erant,
692 1450 752 1478 iam
773 1455 940 1479 monstrata
960 1456 1042 1487 erat,
1070 1451 1123 1479 uia
1141 1451 1245 1479 nescio
1273 1450 1426 1489 quomodo
1454 1451 1655 1480 uehementer
1680 1452 1868 1479 aberrarunt.
1906 1451 2017 1490 Neque
2042 1456 2145 1480 tamen

275 1497 572 1534 dissimulandmnst‚
599 1498 744 1537 quosdam
764 1499 973 1527 recentiorum
991 1499 1152 1528 hominum
1174 1499 1334 1528 doctorum
1355 1509 1475 1528 errores
1503 1499 1653 1528 refutatos
1678 1503 1762 1527 recte
1781 1498 1817 1526 ab
1840 1498 1961 1527 Orellio
1982 1508 2064 1535 esse,
2091 1499 2145 1538 qui

275 1545 423 1583 singulari
444 1555 592 1581 excursu,
619 1556 708 1584 quem
729 1546 861 1575 editioni
881 1558 952 1576 suae
971 1548 1118 1576 orationis
1139 1547 1320 1576 Plancianae
1340 1548 1474 1584 addidit-7
1505 1547 1577 1575 illut
1595 1547 1757 1585 probauit,
1784 1546 1866 1585 quod
1885 1556 1959 1574 uere
1977 1546 2038 1575 iam
2059 1546 2146 1576 Gru-

277 1593 363 1622 chius
384 1593 498 1631 aliique
518 1597 706 1629 statuerant,
732 1594 859 1623 tributis
880 1596 1014 1624 comitiis
1034 1596 1142 1624 aedilis
1169 1596 1286 1624 curulis
1311 1600 1429 1624 creatos
1457 1605 1530 1624 esse.
1568 1594 1687 1623 Uerum
1714 1604 1781 1623 cum
1801 1603 1864 1621 11011
1884 1593 1959 1621 haec
1978 1594 2077 1623 solum
2095 1605 2146 1623 res

278 1647 475 1670 controuersa
495 1645 526 1668 et
545 1640 636 1678 plena
657 1640 855 1669 dissensionis
875 1642 958 1671 inter
984 1643 1125 1672 homines
1153 1644 1259 1672 doctos
1287 1649 1382 1680 esset,
1417 1654 1492 1682 quae
1513 1642 1639 1671 comitia
1658 1642 1809 1670 aedilibus
1829 1641 1987 1670 curulibus
2007 1643 2146 1672 creandis

277 1688 383 1717 habita
403 1693 514 1723 essent,
534 1692 580 1715 set
598 1687 669 1716 illut
692 1699 812 1727 quoque
832 1689 995 1725 incertum,
1015 1701 1031 1718 a
1049 1701 1108 1729 quo
1131 1691 1319 1729 magistratu,
1339 1701 1398 1728 quo
1420 1696 1568 1729 tempore,
1589 1696 1620 1720 et
1640 1701 1698 1729 quo
1720 1690 1789 1718 loco
1810 1694 1911 1718 essent
1922 1689 2035 1727 habita,
2055 1691 2145 1720 dem·-

280 1747 338 1775 que
353 1747 425 1765 num
445 1736 541 1764 isdem
561 1736 694 1764 comitiis
715 1736 829 1764 aediles
850 1738 971 1765 curules
993 1743 1023 1766 et
1043 1739 1156 1767 aediles
1176 1739 1292 1777 plebeii
1313 1738 1409 1767 creati
1430 1744 1539 1775 essent,
1560 1748 1722 1776 earumque
1742 1748 1846 1766 rerum
1861 1738 1996 1766 omnium
2013 1739 2144 1768 scientia

281 1795 349 1813 cum
368 1796 423 1823 per
446 1794 476 1812 se
495 1784 584 1813 utilis
604 1789 670 1812 tuln
691 1784 728 1812 ad
747 1784 987 1822 intellegendam
1008 1786 1178 1815 orationem
1198 1786 1393 1815 Plancianam
1412 1797 1509 1825 paene
1530 1786 1700 1814 neccssaria
1720 1785 1897 1814 uideretur:
1917 1784 1954 1812 de
1974 1785 2012 1813 iis
2032 1786 2074 1815 ita
2092 1786 2145 1815 hic

282 1833 451 1870 disceptare
478 1832 619 1868 decroni,
651 1838 687 1861 ut
708 1842 785 1870 quae
812 1838 897 1860 recte
918 1838 1018 1861 essent
1037 1833 1073 1861 ab
1096 1834 1217 1862 Orellio
1246 1834 1343 1870 dicta,
1374 1840 1548 1873 repeterem
1577 1833 1846 1871 dissertationique
1865 1842 1949 1860 meae
1967 1833 2144 1872 insererem,

283 1890 360 1919 (11130
387 1890 488 1914 secus,
523 1880 677 1917 corrigere
705 1880 858 1908 studerem
887 1880 986 1919 iisque
1013 1881 1172 1917 adderem,
1209 1891 1285 1919 (11130
1313 1892 1440 1920 prorsus
1467 1893 1483 1909 a
1510 1882 1578 1910 uiro
1607 1882 1791 1910 doctissumo
1818 1880 1943 1908 silentio
1970 1883 2144 1912 transmissa

283 1933 392 1957 essent.
432 1928 575 1955 Attamen
595 1938 634 1955 110
654 1928 721 1966 (11115
743 1928 852 1956 omissa
872 1939 888 1956 a
907 1938 955 1956 1110
975 1933 1137 1966 qucratur,
1170 1939 1245 1967 quae
1265 1929 1303 1957 ad
1322 1928 1417 1965 hane,
1449 1939 1538 1968 quam
1557 1929 1698 1965 institui,
1731 1928 1939 1967 quaestionem
1957 1928 2144 1967 pertineant,

283 1974 468 2004 monendum
488 1974 632 2011 denuost,
652 1976 685 2004 id
703 1981 821 2004 tantum
841 1976 920 2004 mihi
941 1977 1135 2014 propositum
1154 1977 1259 2012 fuisse,
1278 1981 1313 2005 ut
1333 1987 1410 2015 quae
1430 1977 1637 2014 comitiorum,
1656 1977 1806 2004 aedilibus
1827 1975 1986 2004 curulibus
2006 1977 2144 2006 creandis

283 2023 475 2056 habitorum,
506 2023 585 2051 ratio
613 2024 733 2053 saeculo
759 2029 899 2063 septumo
927 2029 999 2063 post
1025 2035 1056 2053 u.
1084 2035 1109 2053 c.
1137 2029 1168 2053 et
1195 2024 1323 2053 ineunte
1350 2030 1459 2054 octauo
1491 2025 1604 2062 fucrit,
1638 2034 1726 2064 quam
1751 2033 1873 2063 possem
1902 2023 2144 2062 diligentissume

285 2080 481 2110 exponerem.

1173 2145 1200 2186 ς.
1227 2154 1253 2178 1.

534 2207 654 2248 Quae
675 2209 858 2242 comitia
886 2210 1111 2243 aedilibus
1133 2210 1364 2243 curulibus
1395 2209 1597 2243 creandis
1619 2208 1771 2241 habita
1793 2209 1894 2242 sint.

359 2286 548 2323 Quamquam
567 2284 670 2313 nullus
690 2291 831 2315 ueterum
849 2288 1051 2326 scriptorum,
1070 2288 1152 2327 quod
1173 2288 1282 2324 sciam,
1303 2288 1416 2317 diserte
1435 2287 1582 2323 tradidit,
1611 2287 1720 2325 quibus
1741 2288 1891 2324 comitiis,
1911 2287 2089 2317 centuriatis
2108 2297 2146 2316 an

284 2334 426 2369 tributis,
452 2333 565 2361 aediles
592 2333 713 2360 curules
742 2335 836 2362 creari
865 2335 927 2363 sint
954 2336 1056 2373 soliti,
1092 2341 1193 2364 tamen
1222 2341 1308 2365 certo
1335 2345 1374 2363 ex
1401 2334 1568 2364 eorundem
1595 2335 1720 2374 seriptis
1748 2336 1853 2365 doceri
1878 2340 1997 2375 potest,
2029 2335 2146 2364 tributa

285 2382 409 2410 comitia
429 2381 565 2409 creandis
586 2381 736 2409 aedilibus
756 2381 915 2410 curulibus
935 2383 1039 2412 habita
1058 2393 1132 2412 esse.

2250 2650 2264 2746 m*
