2264 2746
241 74 295 101 240
892 63 1464 94 COMMENTARIUS.

244 143 306 175 etsi
336 142 442 186 probe
470 141 677 173 intellectum
706 138 951 170 dubitationem
973 144 1086 169 tamen
1114 138 1262 180 aliquam
1289 138 1414 178 mouit,
1448 138 1603 182 pluribus
1631 139 1797 181 exemplis
1819 139 1976 172 inlustrat
2000 141 2106 173 editor

244 197 360 239 Eclog.
386 196 455 227 Cic.
480 194 595 225 'surici
623 193 712 224 1820.
737 204 770 235 p.
796 192 864 223 28..
896 193 1099 224 Omztmrs.
1145 191 1253 232 Quid,
1289 192 1376 233 quod
1402 191 1574 234 Uergilius
1600 203 1690 223 unus
1713 190 1814 222 etiam
1837 191 1879 222 ad
1901 193 2107 235 conparatiui

245 251 317 281 uim
341 247 527 291 augendam
552 245 746 287 usurpauit,
769 245 858 277 Aen.
881 245 914 285 I,
942 246 989 277 15.
1013 256 1152 277 canens:
1184 245 1299 285 Quam
1319 245 1409 277 Iano
1422 244 1547 288 fertur
1572 245 1675 277 terris
1697 244 1811 287 magis
1830 244 1984 277 omnibus
2005 258 2110 279 unam

248 302 457 336 Pes-thabita
479 299 621 331 coluisse
644 298 757 330 Samo.

332 355 428 393 Quae
453 364 487 382 se
510 351 567 382 uel
584 351 706 394 potius
730 352 885 390 excindi,
922 363 1026 394 quam
1048 362 1064 382 c
1082 361 1143 382 suo
1165 350 1331 393 conplexu
1353 357 1392 383 ut
1416 352 1584 396 eriperer,
1608 349 1723 394 facile
1741 349 1935 395 pateretur)
1977 351 2113 382 Durum

247 414 298 439 est
322 407 378 439 ael
392 404 529 447 potius,
565 414 641 434 cum
671 403 702 434 id
727 404 827 435 etiam
851 414 953 434 uersu
975 414 1144 445 proxume
1167 403 1334 445 superiori
1356 404 1410 437 sit.
1453 405 1669 437 Alterutrum
1699 403 1756 436 uel
1780 409 1837 434 aut
1854 404 1974 447 potius
1998 402 2114 434 delen-

247 461 326 491 dum
348 463 442 499 putO.
486 457 641 498 Languet
664 456 765 487 etiam
789 456 922 500 facile,
960 454 1050 498 quod
1072 467 1141 486 non
1170 461 1236 494 est,
1276 456 1303 487 si
1319 458 1440 499 potius
1462 457 1622 488 deleatur.
1657 457 1882 488 Enxssswms.
1925 456 2029 487 Recta
2054 461 2114 496 est,

247 520 294 545 set
329 509 428 542 nimis
466 508 644 539 arbitraria
674 509 811 540 Schutzi
845 509 1026 541 correctio:
1069 521 1155 552 quae
1193 520 1228 540 se
1264 509 1322 540 uel
1351 510 1507 550 exc-isidi,
1544 523 1647 554 quam
1675 528 1718 534 —
1737 509 1889 552 facilius
1920 515 2114 553 pateretur.

248 567 364 604 Longe
387 561 509 592 melior
533 567 582 592 est
605 562 743 595 Weiski
766 562 929 594 medella:
963 574 1049 606 quae
1072 573 1106 592 se
1123 561 1244 604 potius
1267 562 1324 593 uel
1346 564 1482 595 excindi
1502 569 1576 602 etc„
1600 575 1619 594 a
1642 574 1706 606 qua
1728 562 1917 604 recipienda
1938 574 2007 593 non
2029 563 2112 594 alie-

247 630 309 649 nus
334 627 435 646 eram.
467 614 669 646 ORELLH'S.
714 615 819 647 Bakio
842 615 987 658 placuit:
1023 627 1109 658 qliae
1131 625 1165 645 se
1197 615 1254 646 uel
1284 615 1437 654 excindi,
1465 617 1584 660 potius
1606 629 1708 660 (sumn
1731 615 1899 659 —fctcile
1918 621 2112 659 pateretur.

246 671 319 712 Ego
346 668 434 699 1111111
460 666 574 697 uerius
599 673 701 709 puto,
737 679 836 709 (1113111
854 669 975 712 potius
998 679 1067 698 11011
1090 678 1159 698 6336
1184 678 1203 698 3
1227 667 1390 698 Cicerone
1412 669 1592 712 scriptum3
1624 669 1711 711 quod
1734 674 1772 699 ut
1793 674 1949 708 statuam,
1982 668 2111 712 duplex

247 735 302 755 me
325 732 437 753 caussa
459 726 584 751 mouet.
626 721 781 752 Primum
804 733 969 763 nusquam
992 720 1097 751 uerba
1122 719 1179 751 uel
1202 721 1321 763 potius
1354 720 1401 752 sic
1429 727 1468 752 ut
1496 722 1560 753 hoc
1585 722 1659 753 loco
1689 727 1849 763 usurpata
1869 721 2025 762 memini,
2064 728 2115 754 set

247 787 381 818 semper
403 774 645 816 particularum
668 774 945 805 disiunctiuarum
968 773 1073 804 instar
1095 772 1228 803 initium
1251 772 1397 803 membri
1420 773 1583 806 eiusmodi
1609 780 1789 817 occupant,
1822 774 1909 816 quod
1931 774 2030 805 alteri
2051 786 2116 818 op-

248 830 404 873 ponitur,
435 832 473 857 ut
495 826 596 868 paulo
621 833 716 865 ante,
740 827 984 859 Brundusium
1007 827 1104 864 ueni,
1136 826 1193 857 uel
1208 827 1328 869 potius
1350 827 1398 858 ad
1418 828 1552 859 moenia
1574 828 1711 859 accessi.
1754 828 1874 868 Neque
1894 838 1976 858 uero
2002 827 2115 859 lucra-

247 894 325 914 mur
355 880 533 922 quicquam
562 879 834 921 transpositione.
880 882 970 912 Nam
1000 879 1185 910 coniunctis
1212 879 1322 910 uerbis
1353 880 1411 911 uel
1433 880 1568 912 excindi
1600 879 1764 922 particula
1794 879 1927 922 quidem
1950 881 2006 912 uel
2028 880 2113 912 nihil

248 935 347 966 habet
371 931 576 970 offensionis,
601 938 646 962 set
669 934 802 976 potius,
828 934 899 965 siue
922 940 998 964 ante
1022 933 1079 965 uel
1100 933 1171 963 siue
1193 938 1270 974 post
1292 933 1429 964 excindi
1450 939 1606 975 ponatur,
1634 944 1703 963 non
1726 938 1815 963 recte
1838 932 1990 964 additum
2012 939 2115 976 patet.

251 987 337 1029 Quis
361 985 451 1016 6111111
473 996 633 1025 umquam
652 986 772 1027 potius·
789 985 903 1028 fui-ile
922 987 1001 1030 pati
1022 997 1085 1028 pro
1099 984 1252 1028 facilius
1272 986 1351 1028 pati
1373 986 1496 1017 dixisse
1518 985 1731 1028 reperietur?
1776 985 1925 1025 Accedit,
1950 986 2037 1027 quod
2060 987 2118 1020 uel

249 1038 415 1082 particula
437 1049 474 1068 eo
498 1037 553 1067 hic
575 1048 674 1067 sensu
696 1038 855 1079 positast,
879 1045 916 1069 ut
939 1039 1091 1080 procliue
1117 1038 1355 1080 interpretibus
1379 1044 1481 1078 esset,
1515 1050 1586 1069 eam
1605 1040 1725 1083 potius
1749 1038 1914 1082 particula
1936 1039 2118 1081 explicare.

249 1093 332 1124 lllut
354 1097 466 1122 autem
489 1090 684 1131 ambiguum
707 1090 814 1121 fateor
838 1102 923 1129 esse,
957 1097 1072 1121 utrum
1094 1091 1208 1134 facile
1235 1097 1417 1135 pateretur
1445 1103 1487 1122 an
1504 1091 1656 1134 facilius
1676 1097 1859 1135 pateretur
1888 1103 1907 1122 a
1927 1091 1975 1123 Μ.
2000 1092 2117 1124 Tullio

251 1145 413 1187 scriptum
437 1143 490 1173 sit.
535 1144 625 1174 Nam
648 1142 710 1172 hoc
734 1143 868 1184 quidem
891 1149 1069 1182 certumst,
1084 1145 1236 1188 facilius
1259 1144 1286 1175 si
1310 1144 1374 1175 suit
1396 1145 1576 1187 scriptum,
1598 1145 1744 1188 procliui
1768 1156 1880 1175 errore
1902 1143 1933 1175 id
1956 1144 1989 1175 in
2005 1144 2120 1188 facile

250 1198 373 1231 mutari
401 1208 419 1227 a
442 1194 586 1226 librariis
617 1194 776 1235 potuisse.
823 1197 928 1238 Saepe
955 1196 1044 1226 enim
1078 1209 1117 1227 us
1141 1197 1269 1238 syllaba
1300 1197 1407 1227 finalis
1432 1198 1572 1236 excidit,
1610 1209 1686 1228 cum
1709 1197 1834 1228 11116013
1862 1203 1995 1228 tantum
2015 1209 2119 1240 super

251 1249 504 1282 antecedentem
532 1247 679 1278 litteram
710 1248 817 1290 posita
847 1249 989 1279 indicari
1019 1249 1153 1279 soleret.
1199 1249 1368 1290 Exempla
1390 1249 1489 1280 huius
1514 1249 1636 1280 erroris
1660 1260 1702 1279 ex
1725 1250 1837 1281 codice
1860 1250 2054 1282 Ersurtensi
2080 1251 2118 1282 in

252 1302 361 1334 Praef.
385 1301 426 1332 ad
450 1302 551 1333 Uarr.
574 1301 683 1332 Lectt.
708 1313 750 1331 ex
775 1313 812 1333 60
837 1309 925 1333 enot.
950 1314 983 1344 p.
1000 1301 1174 1333 XXXVI.
1189 1301 1396 1333 XXXVIII.
1420 1302 1519 1344 plura
1539 1301 1652 1332 adtuli.
1699 1302 1832 1334 Omissa
1855 1309 1968 1334 autem
1990 1304 2119 1346 syllaba

252 1357 310 1388 illa
334 1354 414 1397 quid
437 1353 576 1396 pronius
601 1359 671 1384 erat
691 1354 854 1393 librariis,
892 1366 991 1397 (1113111
1022 1366 1084 1397 pro
1107 1353 1217 1397 filcilzss
1247 1354 1389 1385 scribere
1409 1354 1548 1397 sac-ile?
1591 1354 1802 1386 Probabilius
1831 1361 1943 1386 tamen
1965 1356 2120 1398 equidem

252 1410 338 1442 mihi
360 1415 503 1439 statuere
525 1407 661 1445 uideor,
689 1412 721 1437 et
740 1408 860 1449 potius
884 1419 953 1439 esse
979 1406 1158 1438 delendum
1182 1417 1242 1436 nec
1255 1406 1370 1449 scu-ile
1397 1418 1466 1439 esse
1489 1407 1696 1445 mutandum,
1720 1407 1767 1438 ita
1792 1413 1830 1438 ut
1856 1421 1959 1452 quam
1980 1409 2019 1440 ad
2040 1422 2123 1453 sup-

252 1473 402 1506 pressam
430 1462 547 1504 potius
578 1460 779 1503 particulam
811 1460 1026 1492 referendum
1057 1460 1116 1499 sit,
1151 1471 1234 1501 (11136
1268 1471 1306 1490 eo
1335 1458 1466 1491 facilius
1493 1461 1659 1503 supprimi
1682 1460 1737 1492 1116
1758 1460 1888 1503 potuit,
1921 1473 1986 1503 quo
2016 1464 2122 1506 magis

255 1514 463 1557 conparatiui
493 1514 585 1545 notio
615 1514 726 1545 uerbis
757 1515 815 1546 uel
835 1515 972 1546 art-indi
1001 1514 1066 1545 iam
1091 1513 1336 1544 continebatur.
1381 1514 1542 1545 Pluruma
1565 1513 1721 1556 exempla
1747 1513 1845 1544 huius
1868 1525 1946 1545 usus
1969 1515 2122 1549 Kritzius

254 1569 292 1599 ad
317 1567 449 1598 Sallust.
478 1567 576 1598 Catil.
602 1567 639 1597 C.
665 1568 758 1600 VIII.
784 1569 814 1609 ἓ.
843 1580 868 1600 1.
892 1573 924 1597 et
947 1567 1004 1608 qui
1027 1566 1066 1597 ab
1091 1578 1129 1597 eo
1154 1567 1393 1598 commemorati
1419 1567 1571 1598 homines
1595 1566 1683 1597 docti
1705 1571 1783 1597 sunt
1803 1565 2006 1599 adtulerunt.

339 1621 403 1653 Cui
426 1633 502 1652 cum
526 1632 638 1652 omnes
661 1621 784 1662 metus)
831 1620 884 1651 Sic
905 1631 964 1661 ego
990 1620 1120 1662 primus
1145 1619 1253 1658 edidi,
1278 1631 1340 1662 pro
1364 1620 1496 1662 uolgato
1519 1620 1627 1651 omnis
1651 1630 1693 1649 ex
1716 1619 1776 1650 Mb
1802 1624 1834 1649 et
1858 1620 1907 1650 Lc
1930 1632 2042 1654 omnes
2063 1634 2121 1653 re-

255 1674 418 1711 stituens,
446 1685 546 1715 quem
569 1685 748 1704 numeruln
772 1673 917 1705 latinitas
944 1674 998 1705 hic
1028 1672 1165 1715 flagitat.
1213 1671 1283 1704 Csr.
1314 1673 1353 1704 (le
1380 1685 1491 1716 arusp.
1520 1683 1669 1714 respons.
1703 1672 1739 1703 C.
1764 1672 1883 1704 XXV.
1915 1673 1944 1713 §-
1968 1675 2019 1706 55.
2049 1676 2120 1708 iam

257 1739 369 1758 omues
393 1727 470 1765 isti,
495 1728 554 1770 qui
575 1728 847 1770 portenduntur,
879 1733 989 1758 metus
1013 1727 1271 1770 extinguentur.
1301 1738 1364 1769 pro
1389 1726 1496 1757 Sestio
1520 1727 1556 1757 C.
1579 1726 1662 1758 XV.
1688 1724 1717 1766 §-
1741 1724 1792 1756 55.
1821 1730 1871 1756 set
1892 1738 1944 1758 me
1963 1727 2028 1759 alii
2051 1740 2121 1761 me..

258 1786 312 1811 tus
335 1785 438 1822 atque
460 1781 552 1812 aliae
575 1793 678 1812 curae
703 1785 895 1812 mouerant.

342 1833 406 1864 Cui
430 1846 506 1864 cum
528 1852 569 1857 —
596 1834 678 1865 llaec
696 1833 850 1876 perpeti,
884 1833 915 1864 si
936 1833 1149 1873 acciderent,
1178 1834 1321 1872 maluit,
1355 1845 1457 1877 quam
1480 1831 1671 1865 custodiam
1695 1831 1762 1863 mei
1784 1832 1909 1876 capitis
1932 1832 2118 1876 dimittere)

258 1887 351 1917 Ilaec
382 1885 494 1916 uerbis
525 1885 654 1916 maiora
683 1897 752 1916 non
785 1884 873 1921 fieri,
918 1885 1011 1916 testis
1043 1886 1185 1928 epistula
1216 1893 1262 1918 est
1292 1886 1333 1917 ad
1363 1897 1503 1917 uxorem
1525 1885 1632 1924 XIV,
1669 1884 1699 1915 4.
1734 1884 1811 1917 Nos
1832 1884 2014 1917 Brundusi
2034 1893 2121 1930 aput

260 1940 309 1970 M.
332 1939 506 1970 Laenium
530 1940 698 1971 Flaccum
730 1939 802 1970 dies
825 1938 933 1971 XIII.
953 1937 1096 1982 fitimus
1127 1938 1184 1982 (ex
1210 1946 1286 1970 ante
1317 1939 1407 1970 diem
1431 1939 1530 1970 XIV.
1554 1938 1631 1970 Kal.
1654 1937 1761 1970 {Maias
1789 1937 1828 1968 ad
1856 1944 1932 1968 ante
1961 1938 2051 1969 diem
2074 1940 2120 1972 V.

261 1991 336 2021 Kal.
361 1991 507 2029 easdem,
532 1997 568 2022 ut
592 2004 632 2023 ex
657 1993 718 2023 hac
743 1991 884 2033 epistula
908 1998 938 2022 et
961 1993 1020 2023 ΙΙΙ.
1047 1992 1087 2023 ad
1111 1994 1185 2025 Att.
1211 2005 1239 2034 7.
1264 1992 1453 2030 conficitur,
1482 1990 1596 2022 decem
1619 1990 1679 2022 uix
1702 1996 1795 2028 sunt3
1824 1989 1964 2021 reiectus
1986 1989 2126 2024 fortasse

261 2050 362 2074 uento
387 2045 510 2075 mansit
532 2044 573 2075 ad
595 2045 702 2088 pridie
725 2044 819 2082 Kal„
859 2045 916 2085 qui
940 2044 1009 2076 dies
1033 2045 1195 2087 epistulae
1218 2045 1456 2082 subscribitur3
1495 2044 1541 2075 ita
1560 2049 1649 2074 certe
1674 2043 1742 2075 dies
1765 2043 1861 2074 XIII.
1885 2041 2036 2085 fuerunt)
2065 2044 2122 2076 m·-

263 2107 340 2126 rum
363 2103 557 2138 optumum,
588 2099 648 2141 qui
665 2097 863 2141 periculum
877 2096 1109 2141 fortunarum
1132 2105 1163 2130 et
1187 2100 1311 2142 capitis
1335 2098 1390 2130 sui
1404 2110 1491 2141 prae
1513 2109 1589 2129 mea
1610 2097 1721 2128 salute
1742 2094 1913 2137 neglexit3
1945 2107 2052 2139 neque
2070 2096 2120 2128 le-

260 2149 318 2191 gis
345 2149 613 2191 inprobissumae
631 2164 744 2195 poena
767 2151 933 2182 deductus
957 2157 1023 2190 est,
1047 2152 1227 2194 quominus
1250 2152 1378 2194 hospiti
1400 2156 1431 2182 et
1455 2151 1629 2183 amicitiae
1651 2151 1704 2181 ius
1726 2147 1941 2191 officiumque
1956 2153 2120 2191 praesta-

265 2205 325 2232 ret.
367 2201 463 2232 Huic
486 2205 619 2235 utinam
639 2204 828 2247 aliquando
848 2204 1006 2245 gratimn
1030 2203 1159 2247 referre
1176 2204 1368 2248 possimne-93
1402 2203 1596 2235 habebimus
1619 2201 1754 2245 quidem
1775 2212 1915 2243 semper.
1959 2200 2122 2233 Brundu-

263 2254 351 2284 sium
378 2252 496 2294 igitur,
521 2257 606 2296 quod
631 2257 718 2287 intra
746 2256 820 2287 finis
845 2262 915 2287 erat
945 2256 1018 2298 lege
1040 2256 1275 2298 praestitutos,
1308 2268 1345 2288 ea
1367 2257 1434 2288 iam
1457 2257 1521 2288 lata
1542 2253 1705 2299 peruenit.
1751 2254 2009 2284 GARATONIUS.

351 2305 494 2349 Optumi
517 2309 624 2347 senis,
658 2315 689 2341 et
702 2308 837 2352 fratris
860 2315 892 2340 et
915 2309 1096 2352 utriusque
1108 2308 1286 2352 filiorum)
1331 2310 1544 2352 Quamquam
1566 2306 1692 2338 additio
1716 2306 1773 2337 illa
1796 2306 2005 2348 egregiorum
2028 2304 2123 2337 codi-

265 2371 358 2398 cum,
403 2359 485 2390 Bau.
515 2365 545 2390 et
576 2360 666 2400 Erf„
709 2368 742 2394 et
761 2361 896 2405 fratris
929 2373 947 2391 a
975 2362 1188 2403 sequentibus
1217 2368 1250 2394 et
1281 2363 1461 2406 utriusque
1479 2359 1642 2404 filiorum
1671 2359 1848 2391 manifesto
1878 2358 2118 2403 postulabatur,
