2264 2746
217 82 271 109 158
865 73 1431 104 COMMENTARIUS.

219 170 308 190 unus
332 158 382 188 ita
404 169 456 188 me
475 157 569 199 gessi
592 156 626 187 iu
652 151 802 183 iudiciis.
846 149 941 181 Adde
970 160 1032 190 pro
1057 148 1150 179 Sulla
1174 148 1211 179 C.
1236 148 1299 179 IX.
1324 148 1353 189 δ.
1378 147 1428 180 28.
1460 149 1577 189 Quare
1599 161 1666 181 non
1689 161 1765 181 sam
1787 149 1939 188 nescias,
1969 155 2096 192 quanto

216 210 371 254 periculo
395 210 515 241 zu'uam
538 210 572 239 ia
598 211 695 237 tauta
717 203 943 235 multitudine
966 201 1204 244 inprfforwn,
1240 213 1317 232 eum
1339 202 1442 234 mihi
1474 215 1496 234 ιι
1506 202 1551 233 ni
1583 214 1661 234 cum
1683 202 1838 233 omnibus
1866 202 2016 244 inprobis
2038 214 2097 234 ae-

221 270 358 296 ternum
381 264 516 295 uideam
540 260 665 291 bellum
688 269 757 288 esse
781 261 987 298 susceptum.
1031 253 1158 285 Ibidem
1184 254 1221 285 C.
1237 253 1283 284 X.
1308 254 1338 294 ξ.
1365 264 1416 296 29.
1443 256 1533 298 quod
1555 255 1706 286 omnium
1729 260 1856 285 mentes
1880 253 2099 296 inprobormn

220 318 307 349 mila·
330 317 391 348 uni
412 324 568 346 maxume
591 315 670 342 sunt
695 308 861 352 infensae.
883 319 945 349 pro
970 307 1068 337 domo
1094 306 1131 336 C.
1153 306 1323 337 XXVIII.
1351 307 1380 347 ἕ.
1405 307 1455 348 75.
1480 308 1632 339 decreuit
1655 313 1807 345 senatus,
1831 312 1869 338 ut
1894 318 2018 343 omneS,
2043 306 2101 348 qui

222 382 349 412 remp.
372 368 505 399 saluata
528 364 674 400 uellent,
698 363 744 393 acl
766 373 824 392 me
848 373 899 392 un
914 373 936 391 ιι
947 373 980 391 m
1003 358 1256 401 defendendum
1278 360 1446 392 uenirent.
1490 360 1617 392 Ibidem
1644 361 1680 391 C.
1697 359 1855 390 XXXV.
1879 359 1909 399 ὃ.
1927 357 1977 399 94.
1996 368 2105 400 prae-

222 424 338 455 sertim
363 432 436 451 eum
468 418 572 449 mihi
593 413 617 448 ιι
628 416 671 447 ni
693 432 735 438 —
764 415 880 445 iurato
903 413 1023 444 'dicere
1037 411 1102 453 fas
1119 411 1264 454 fuisset.
1296 423 1358 454 pro
1383 413 1488 444 Sestio
1522 414 1560 445 C.
1585 414 1664 445 VII.
1690 413 1719 454 ς.
1748 413 1795 443 15.
1827 413 1979 443 intentus
2001 420 2103 440 arcus

223 478 257 508 in
285 488 335 506 me
359 484 474 503 unum.
520 469 649 501 Eodem
678 466 821 507 deniqne
846 465 943 495 modo
968 475 1155 507 pronomen
1179 465 1251 507 ipse
1276 465 1533 505 pronominibus
1556 466 1786 510 personalibus
1809 463 1971 507 praeponi
1998 461 2103 498 debet,

224 529 250 559 si
273 526 363 558 notio
386 521 596 566 pronominis
620 525 692 563 ipse
715 518 902 562 primariast
924 529 1151 559 maxumeque
1178 517 1341 558 urgenda,
1371 529 1559 560 pronomen
1582 526 1692 550 autem
1716 518 1891 561 personale
1915 513 2103 557 explicandi

223 577 449 611 tantummodo
473 573 683 618 pronominis
707 574 778 615 ipse
802 583 913 602 caussa
935 570 1083 601 adicitur.
1129 570 1298 612 Exempla
1321 582 1392 601 rem
1415 572 1624 613 patefacient.
1668 573 1755 603 Plin.
1775 572 1833 602 Ill.
1858 569 1964 612 Epist.
1979 568 2010 599 4.
2034 568 2106 599 Fa-

224 640 332 669 ctum,
356 629 482 671 inquit,
505 634 644 660 senatus
668 626 879 663 consultum,
911 629 949 656 ut
973 624 1076 655 darer
1094 623 1372 666 prouincialibus
1394 630 1583 667 patronus,
1606 626 1643 662 ‚si
1665 625 1712 657 ab
1736 626 1831 668 ipso
1854 635 1911 656 nze
1934 623 2106 664 inpetras-

224 691 309 717 sent.
355 684 432 724 Quo
457 682 530 712 loco
553 681 595 712 ab
621 681 693 722 ipso
715 691 767 710 me
792 677 916 707 dictum
938 676 1002 707 hoc
1025 687 1141 707 sensu:
1166 675 1193 705 si
1215 675 1255 705 ab
1279 687 1317 707 eo
1342 676 1432 718 ipso,
1465 689 1566 718 quem
1592 684 1747 720 cuperent
1774 683 1970 719 patronum,
2002 673 2035 704 id
2059 677 2107 703 est

223 750 241 769 a
263 749 317 769 me
340 737 569 779 inpetrassent.
616 733 734 764 Cicero
760 731 796 762 in
820 730 884 761 Pis.
910 729 948 760 C.
974 729 1057 759 XX.
1083 729 1113 769 ξ.
1137 728 1189 759 48.
1217 728 1256 759 Si
1269 728 1454 771 familiam
1477 736 1573 761 tuam
1596 731 1796 768 dimisisses,
1819 729 1909 772 quod
1931 729 1978 759 ad
1999 726 2107 759 nemi-

225 803 301 823 nem
323 790 392 821 nisi
421 788 474 819 ad
502 788 639 830 ipsum
670 791 707 817 te
730 785 940 829 pertineret,
978 781 1083 812 amici
1113 786 1145 812 te
1168 781 1221 812 tui
1252 782 1558 825 constringendum
1582 789 1759 826 putarent.
1805 783 1870 814 Hic
1902 791 2036 822 quoque
2062 779 2110 810 acl

225 844 339 886 ipsum
362 847 394 872 te
416 840 499 870 dixit
521 839 637 872 Cicero
662 837 865 879 significans:
891 833 978 876 quod
1002 833 1039 864 ad
1060 833 1232 863 neminem
1255 833 1320 864 nisi
1342 834 1380 864 ad
1405 845 1483 864 eum
1505 835 1626 877 ipsum,
1653 836 1709 877 qui
1737 835 1897 866 familiam
1923 831 2107 869 dimisisset,

224 895 258 927 id
283 900 330 925 est
353 893 392 924 ad
422 899 452 923 te
474 892 668 934 pertineret.
714 890 816 921 Plane
840 887 955 919 eodem
986 897 1082 917 sensu
1107 885 1230 916 dictum
1253 885 1367 929 ipsum
1396 892 1428 918 te
1451 886 1486 917 in
1511 893 1591 918 orat.
1615 899 1677 930 pro
1701 887 1775 929 Lig.
1806 888 1843 919 C.
1867 887 1964 919 VIII.
1999 886 2028 926 ς.
2056 884 2108 915 23.

226 948 264 979 Si
290 945 503 989 responderit
530 944 663 976 Tubero
686 942 866 985 Africam,
893 953 957 983 quo
981 945 1119 971 senatus
1143 951 1220 970 eum
1243 951 1382 982 sorsque
1404 940 1566 978 miserat,
1591 941 1654 972 tibi
1670 947 1809 983 patrem
1832 952 1933 972 suum
1956 939 2109 970 traditu-

227 1012 304 1031 rum
319 997 456 1040 fuisse.-
483 1009 549 1028 non
573 996 733 1028 dubitabo
757 1000 862 1038 aput
889 993 985 1035 ipsu
996 1004 1030 1023 m
1054 997 1114 1030 te,
1148 992 1246 1023 cuius
1270 991 1308 1022 id
1329 1004 1406 1023 eum
1419 991 1543 1034 facere
1565 992 1748 1036 interficit,
1769 992 2005 1036 grauissmnis
2029 1001 2108 1022 uer-

227 1052 277 1084 bis
300 1053 373 1083 eius
400 1050 579 1082 consilium
607 1048 862 1092 reprehendere.
905 1046 982 1076 Hoc
1007 1044 1097 1075 enim
1120 1044 1195 1075 dicit
1223 1044 1357 1075 Cicero:
1388 1050 1469 1086 aput
1497 1055 1574 1074 eum
1604 1044 1733 1086 ipsum,
1767 1046 1859 1077 cuius
1882 1063 1923 1069 —
1946 1042 2109 1081 interfuit,

227 1104 260 1134 id
284 1110 330 1134 est
353 1109 431 1145 aput
456 1108 486 1132 te
510 1108 588 1132 ete..
634 1102 755 1142 Neque
786 1099 851 1130 alia
879 1099 993 1129 ratiost
1021 1097 1104 1136 loci,
1148 1108 1248 1138 quem
1276 1107 1319 1126 ex
1351 1108 1398 1126 or.
1422 1107 1484 1138 pro
1507 1096 1618 1127 Deiot.
1651 1097 1688 1128 C.
1712 1099 1771 1129 III.
1800 1099 1830 1139 ξ.
1854 1098 1884 1130 8.
1909 1095 2110 1128 Garatonius

227 1155 354 1186 adtulit.
401 1155 532 1196 Quibus
562 1165 604 1185 ex
636 1153 718 1184 locis
748 1158 853 1195 patet,
891 1156 1005 1181 nostro
1037 1150 1111 1180 loco
1143 1150 1183 1181 de
1213 1151 1286 1193 ipso
1318 1162 1371 1181 me
1400 1148 1523 1180 dixisse
1548 1149 1744 1181 Ciceronem
1769 1151 1833 1181 hoc
1855 1162 1971 1182 sensu:
2005 1149 2045 1180 de
2071 1160 2110 1180 eo

228 1209 320 1251 ipso,
358 1208 414 1249 qui
438 1218 658 1248 responsurus
682 1211 744 1243 cst,
778 1204 872 1234 idest
897 1202 936 1232 de
958 1213 1012 1233 me
1038 1208 1115 1232 etc..
1162 1202 1286 1233 Contra
1311 1201 1338 1232 si
1361 1203 1402 1234 de
1423 1215 1476 1234 me
1498 1203 1572 1245 ipso
1597 1202 1748 1242 dixisset,
1785 1203 2014 1245 significasset,
2048 1213 2112 1233 ex-

228 1261 410 1304 pectauisse
438 1271 471 1289 se
495 1259 577 1297 fore,
602 1264 637 1288 ut
662 1257 793 1288 Cassius
816 1256 855 1286 de
878 1255 951 1286 aliis
974 1255 1167 1286 hominibus
1190 1255 1323 1291 diceret,
1345 1266 1464 1284 uerum
1489 1254 1529 1284 de
1552 1265 1586 1284 se
1611 1266 1672 1285 nec
1690 1255 1729 1285 de
1752 1255 1825 1286 aliis
1847 1255 1980 1287 dixisse.
2011 1255 2111 1298 Quod

230 1312 511 1357 quemadmodum
536 1323 605 1342 non
630 1309 834 1352 expectauit,
859 1308 903 1339 ita
929 1309 1028 1339 etiam
1055 1313 1245 1349 expectasse
1269 1318 1302 1337 se
1323 1306 1508 1348 significare
1531 1318 1600 1338 non
1623 1308 1744 1350 potuit.

314 1377 357 1408 In
381 1388 433 1407 me
457 1371 747 1418 reprehendendo)
793 1371 882 1412 Quia
905 1371 1079 1403 Plancium
1107 1368 1332 1402 defenderem.
1376 1370 1591 1401 MANUTIFS.

316 1439 400 1472 Non
424 1436 572 1481 ingrati)
617 1437 729 1469 Meam
757 1435 847 1466 enim
872 1446 947 1477 erga
970 1434 1055 1464 bene
1078 1433 1116 1464 de
1140 1444 1194 1464 me
1216 1433 1352 1464 meritos
1374 1433 1531 1475 pietatem
1554 1432 1740 1464 ostendunt.
1785 1433 1999 1465 MANUTIUS.

318 1503 347 1543 ξ.
373 1502 423 1543 59.
469 1500 540 1540 Qui
567 1505 652 1532 esset
673 1498 821 1542 familia
852 1495 1040 1539 consulari)
1085 1496 1160 1526 Hoc
1190 1495 1393 1537 significabat
1418 1496 1569 1536 Cassius,
1611 1496 1796 1529 faciliorem
1827 1496 1898 1527 sine
1921 1494 2022 1526 dubio
2045 1506 2115 1526 esse

233 1556 323 1586 uiam
346 1554 385 1584 ad
408 1554 552 1584 honores
578 1551 634 1591 iis,
660 1551 716 1593 qui
742 1551 868 1582 familia
893 1555 998 1580 essent
1022 1547 1206 1586 consulari,
1240 1559 1339 1589 quam
1362 1549 1512 1590 equitum
1538 1550 1772 1581 Romanorum
1801 1548 1897 1587 filiis3
1928 1548 2015 1590 quod
2038 1559 2115 1579 cum

234 1609 268 1639 in
291 1609 471 1639 Laterense
494 1611 608 1636 contra
633 1605 815 1644 cecidisset,
840 1602 922 1634 coici
945 1602 1063 1640 licere,
1094 1601 1234 1643 gratuita
1257 1601 1390 1632 comitia
1412 1613 1481 1632 non
1505 1601 1617 1633 fuisse.
1652 1603 1866 1634 MANUTlt's.

324 1672 453 1703 Tamen
482 1669 649 1699 honorum
677 1668 795 1699 aditus
820 1664 1026 1709 numquam)
1070 1665 1139 1696 Cur
1171 1665 1228 1696 illi
1256 1675 1446 1707 pronomen
1475 1664 1647 1706 eiecerim,
1693 1665 1886 1709 expositum
1918 1663 1954 1694 in
1982 1663 2113 1706 Proleg.

234 1726 275 1757 L.
298 1725 341 1756 II.
367 1724 404 1755 C.
427 1723 452 1753 I.
477 1722 506 1762 ς.
535 1732 582 1751 11.
606 1732 640 1763 p.
665 1721 794 1752 XLVI.
820 1726 877 1750 est.

322 1787 541 1828 Quamquam
563 1785 611 1816 acl
627 1791 815 1827 praecepta
836 1788 932 1815 aetas
956 1793 1022 1813 non
1046 1787 1097 1813 est
1117 1782 1256 1825 grauis)
1304 1780 1452 1813 Uerbum
1477 1781 1604 1823 grauis
1632 1793 1729 1812 sensu
1757 1779 1951 1823 praegnanti
1978 1778 2112 1817 dictum,

237 1847 349 1882 estque
372 1845 458 1869 aetas
481 1838 519 1868 ad
541 1843 716 1879 praecepta
740 1848 806 1867 non
831 1835 958 1878 grauis,
984 1846 1068 1877 quae
1091 1841 1279 1877 propterea,
1304 1834 1392 1875 quod
1416 1833 1547 1864 infirma
1569 1833 1676 1864 adhuc
1703 1840 1748 1864 est
1772 1833 1911 1864 necdum
1933 1831 2050 1869 adulta,
2075 1831 2114 1861 ad

237 1899 409 1937 praecepta
441 1890 591 1922 nondum
618 1896 693 1932 apta
715 1889 786 1919 siue
814 1889 971 1919 idoneast.
1020 1888 1119 1929 Quod
1141 1894 1227 1930 patet
1252 1887 1378 1918 maiore
1404 1898 1478 1917 cum
1503 1886 1599 1917 laude
1623 1887 1794 1918 Ciceronis
1818 1885 1865 1916 fili
1888 1884 2010 1914 dictum
2033 1895 2113 1923 esse,

241 1958 339 1988 quam
362 1945 388 1975 si
411 1950 494 1988 apta
517 1943 572 1973 uel
595 1943 735 1980 idonea,
762 1941 947 1972 cuiusmodi
969 1941 1110 1972 uerbum
1138 1940 1318 1972 editoribus
1343 1939 1539 1981 quibusdam
1565 1940 1619 1971 hic
1641 1939 1832 1983 ponendum
1858 1937 2007 1975 uisumst,
2033 1937 2116 1967 scri-

240 2005 334 2041 ptum
356 2004 447 2028 esset.
492 1996 738 2027 Recte-autem
768 2001 855 2025 aetas
887 1994 1074 2036 appellatur
1099 1995 1236 2038 grauis.
1280 1993 1335 2024 Sic
1359 1992 1427 2024 Cic.
1453 1993 1523 2024 Cat.
1553 1993 1601 2024 Μ.
1629 1994 1665 2024 C.
1689 1993 1735 2024 X.
1769 1992 1798 2032 §.
1821 1990 1891 2028 55„
1925 1989 2018 2020 cuius
2048 1989 2115 2021 loci

241 2051 307 2082 iam
328 2049 491 2081 Graeuius
516 2047 721 2079 mentionem
748 2046 843 2078 fecit:
882 2053 921 2078 ut
944 2053 977 2078 et
1000 2047 1191 2090 infirmitas
1219 2058 1408 2089 puerorum
1437 2051 1470 2076 et
1491 2044 1664 2088 ferocitas
1687 2046 1865 2081 iuuenum,
1899 2048 1931 2074 et
1951 2044 2116 2085 grauitas

243 2104 314 2135 iam
344 2102 529 2133 constantis
558 2101 684 2132 aetatis
714 2106 746 2131 et
775 2100 958 2132 senectutis
987 2101 1174 2132 maturitas
1205 2099 1367 2132 naturale
1397 2099 1563 2142 quiddam
1587 2098 1726 2135 habeat,
1760 2097 1850 2139 quod
1878 2108 1938 2127 suo
1968 2101 2116 2139 tempore

238 2155 373 2199 percipi
397 2154 522 2186 debeat.
565 2154 679 2194 Itaque
702 2153 862 2184 sententia
884 2152 967 2191 loci,
995 2153 1082 2195 quod
1106 2153 1188 2184 Baki
1212 2163 1322 2184 caussa
1344 2163 1478 2190 moneo,
1502 2150 1582 2181 haec
1603 2156 1666 2181 est:
1691 2149 1780 2190 Quin
1808 2149 1906 2179 eiiam
1932 2148 2001 2179 filio
2027 2161 2114 2187 meo,

245 2217 445 2249 quamquam
478 2205 516 2235 ad
541 2217 612 2235 eam
641 2211 779 2235 aetatem
810 2205 960 2236 nondum
989 2206 1160 2248 peruenit,
1198 2212 1235 2236 ut
1266 2203 1374 2236 imbui
1403 2202 1586 2246 praeceptis
1616 2201 1734 2244 possit,
1777 2202 1841 2233 hoc
1870 2207 1980 2232 tamen
2008 2212 2114 2232 unum

244 2264 459 2302 praeceptum
488 2257 552 2287 iam
584 2269 672 2288 nunc
702 2258 778 2287 dare
808 2257 918 2289 soleo:
958 2259 1180 2301 uigilandum
1207 2264 1255 2290 est
1279 2269 1409 2300 semper
1432 2262 1508 2287 etc..
1555 2256 1708 2286 Ceterum
1740 2266 1856 2286 ueram
1879 2255 1979 2293 hanc,
2015 2265 2115 2296 quam

246 2312 476 2353 interpretatus
499 2320 582 2347 sum,
606 2310 799 2351 scripturam
824 2322 903 2349 esse,
929 2311 1025 2341 docui
1048 2311 1178 2353 Proleg.
1202 2312 1243 2342 L.
1261 2311 1286 2341 I.
1314 2310 1351 2341 C.
1375 2309 1434 2340 III.
1459 2309 1488 2350 §.
1516 2307 1563 2339 15.
1588 2318 1622 2349 p.
1645 2307 1788 2339 XXVII
1811 2319 1871 2350 sq„
1894 2307 1953 2338 ubi
1973 2306 2115 2349 integras

247 2364 346 2395 etiam
369 2362 530 2393 editorum
554 2360 593 2391 ad
617 2361 649 2391 h.
677 2362 788 2393 locum
812 2363 1036 2394 adnotationes
1060 2363 1238 2406 descriptas
1261 2363 1373 2394 uidere
1398 2362 1485 2393 licet.

2238 1941 2249 2399 “Mn—am
2237 1791 2244 1932 m
2231 1251 2243 1786 vuw———z-ae-——sssp
2236 1080 2242 1244 ,d--Lw
