2264 2746
285 107 320 132 >⁸4
929 91 1509 121 COMMENTARIUS.

286 174 413 212 babile,
453 171 649 203 Ciceronem
677 167 732 199 hic
755 178 889 209 quoque
912 167 1079 199 incumbit
1101 166 1294 210 scripsisse,
1330 166 1531 209 praesertim
1553 177 1628 197 cum
1651 166 1841 198 Arusianus
1864 167 2005 200 Messius
2027 180 2061 212 p.
2086 169 2159 202 582.

290 228 341 258 ed.
366 225 446 257 Mai.
471 225 550 255 llaec
574 221 676 253 uerba
699 218 853 250 adferens
876 220 1050 252 incumbat
1074 220 1206 251 scribat.
1253 220 1288 251 Si
1312 220 1423 262 ipsum
1444 219 1652 262 praebuisset
1676 221 1859 259 incumbit,
1887 221 2097 262 recepissem.

373 279 421 310 Et
446 278 487 310 ab
510 290 563 314 eo,
587 275 646 317 (sui
669 274 728 305 hos
759 273 925 312 dimouit,
952 273 1072 317 potius
1103 285 1205 316 quam
1227 272 1269 305 ab
1292 273 1354 311 iis,
1385 274 1445 316 qui
1468 274 1503 305 in
1528 278 1559 304 te
1582 273 1695 316 ipsum
1717 273 1963 309 incubuerunt,
1990 279 2021 305 te
2043 275 2165 318 depul-

291 344 364 364 sum
384 330 503 374 puta-5¹)
548 324 756 358 Erfurtensis
780 336 842 367 pro
867 326 1013 358 dimouit
1039 325 1139 356 habet
1162 326 1324 358 clemouit.
1348 326 1553 358 GRAEUIrs.
1599 325 1784 357 Lambinus
1807 326 1874 357 iam
1897 325 2030 368 pridem
2052 327 2165 359 <lemo-

291 386 344 417 uit
375 392 469 413 more
497 392 557 411 suo
588 378 748 409 ediderat.
794 379 925 409 Tamen
960 384 1054 409 caute
1086 377 1253 409 Graeuius
1285 385 1412 410 ceteros
1439 379 1547 411 omnis
1576 379 1696 419 libros,
1733 379 1769 410 iu
1793 379 1913 421 quibus
1943 379 2009 410 mei
2033 390 2165 421 quoque

292 443 386 473 sunt,
414 445 480 464 non
505 432 663 464 deseruit.
710 429 799 463 Uide
820 431 846 461 1.
871 431 948 462 Act.
972 431 1008 462 111
1032 433 1133 464 Uerr.
1161 442 1208 472 17.
1233 436 1266 461 et
1288 443 1351 474 pro
1377 432 1472 463 Caec.
1499 432 1567 463 15..
1601 432 1860 463 GARATONIUS.
1907 432 2068 473 Reliquas
2094 431 2167 463 edi-

293 497 404 520 torum
427 485 468 516 ad
492 486 525 516 h.
550 485 662 516 locum
686 483 918 514 adnotationes
941 495 1120 526 meamque
1148 482 1189 513 de
1210 494 1310 515 sensu
1333 483 1404 515 eius
1427 485 1628 516 sententiam
1650 485 1729 516 uide
1751 485 1884 528 Proleg.
1907 486 1949 517 L.
1967 486 2026 516 III.
2051 485 2089 517 C.
2104 485 2166 518 IV.

295 542 323 582 ς.
349 551 377 570 2.
404 549 437 580 p.
464 537 661 569 LXXXIII
683 547 756 577 sqq.
781 535 980 578 expositam.

376 592 405 633 ξ.
434 591 482 622 18.
528 591 587 622 Set
613 595 726 621 tamen
748 590 843 629 llaec)
870 589 1063 620 Pronomen
1087 589 1170 620 haec
1191 599 1261 620 non
1283 588 1325 620 ad
1347 588 1588 629 antecedentia,
1614 595 1664 620 set
1686 589 1727 620 ad
1750 591 1924 632 sequentia
1943 590 2083 634 generis
2108 601 2170 622 uo-

293 646 358 677 stri
373 644 607 688 suntiliaeque
629 640 865 679 referendum,
897 647 930 672 et
952 653 1067 673 sensus
1090 641 1145 673 hic
1168 648 1233 673 est:
1267 642 1379 685 prima
1401 642 1464 674 tibi
1486 654 1564 673 cum
1586 642 1722 673 Plancio
1748 644 1917 675 contentio
1941 649 1990 674 est
2012 643 2093 674 haec
2112 653 2172 685 ge-

295 698 383 729 neris
407 696 514 728 uostri
537 695 751 735 familiaeque
775 693 957 725 contentio.

378 751 422 782 In
445 748 644 781 consulatus
666 745 846 790 petitione)
894 745 965 777 Cfr.
989 747 1077 778 Plut.
1100 747 1137 778 in
1158 747 1220 779 uit.
1240 747 1308 779 Cic.
1332 759 1360 778 c.
1384 748 1448 779 XI.
1470 746 1580 780 καίτοι
1603 748 1671 779 ’τῶν
1692 746 1879 790 μετιόντων
1903 746 1921 780 ὁ
1937 747 2089 790 Κικέρων
2107 745 2172 789 μό-

296 817 355 840 νος
381 801 423 845 ἦν
447 805 478 839 ἐξ
501 801 639 833 ἱππικοῦ
663 796 807 842 πατρός,
832 797 872 831 οὐ
893 800 1082 842 βουλευτοῦ
1104 797 1260 843 γεγονώς.

387 856 541 898 Utraque
555 853 714 897 fcmzilia)
759 853 839 883 Non
865 851 954 883 dixit
973 865 1117 896 genere,
1144 853 1222 896 quia
1244 859 1353 885 totum
1376 865 1480 897 genus
1502 852 1696 885 Laterensis
1718 864 1788 885 non
1811 860 1883 886 erat
1904 852 2100 893 consulare,
2124 858 2175 885 set.

298 908 427 941 familia
451 913 581 939 tantum
604 905 709 945 patris
733 905 802 936 eius
827 912 860 936 et
882 905 1010 937 matris.

381 961 453 1001 Qui
475 959 668 991 nominibus
692 959 820 990 uostris
851 957 1039 1000 (lincuntur)
1088 957 1157 999 Qui
1180 958 1380 1001 plurumum
1401 958 1558 990 tribuunt
1580 958 1759 990 nobilitati.
1804 959 1961 992 ZVomina
1984 958 2075 990 enim
2096 958 2176 990 lati-

297 1017 349 1048 nis
379 1014 552 1047 nobilitas.
598 1011 666 1043 Cic.
691 1010 733 1042 ad
755 1010 836 1042 Diu.
860 1011 926 1050 HI,
953 1010 983 1042 8.
1028 1010 1104 1042 Ista
1133 1017 1253 1043 nostra
1282 1012 1422 1044 nomina
1445 1025 1633 1057 numquam
1666 1025 1742 1044 sum
1766 1013 1972 1045 admiratus.
2016 1011 2106 1045 Uide
2128 1011 2175 1043 ibi

300 1074 407 1100 notas.
454 1067 662 1098 GRAEL‘IUS.

381 1117 536 1161 Etenim)
572 1115 772 1158 Legendum
800 1122 883 1159 puto
913 1116 965 1148 At
993 1117 1093 1149 enim.
1136 1116 1198 1147 Est
1221 1116 1311 1147 enim
1333 1116 1469 1149 initium
1497 1118 1579 1150 noui
1601 1117 1802 1161 argumenti.
1846 1117 1892 1149 Et
1920 1117 1957 1148 111
1978 1117 2074 1150 libris
2096 1117 2179 1149 haec

301 1175 368 1205 duo
390 1171 563 1204 interdum
590 1175 781 1212 permutata
804 1175 893 1200 sunt.
917 1169 1141 1200 ERNESTIUS.
1185 1169 1434 1201 Alienissumae
1457 1171 1497 1202 ab
1520 1172 1584 1203 hoc
1607 1173 1680 1203 loco
1708 1171 1892 1215 particulae
1918 1177 1955 1203 at
1977 1171 2067 1203 enim
2088 1176 2178 1210 sunt,

301 1227 343 1257 de
372 1235 515 1267 quarum
544 1221 786 1264 significatione
816 1222 895 1253 uide
917 1221 1032 1253 Handi
1055 1221 1289 1252 'rm-sellinum
1320 1222 1361 1254 de
1383 1230 1470 1266 part.
1499 1225 1556 1256 lat.
1580 1224 1659 1256 Uol.
1683 1225 1708 1255 Ι.
1739 1236 1771 1267 p.
1795 1224 1858 1255 444
1887 1235 1981 1266 sqq..
2025 1223 2064 1255 Id
2088 1223 2180 1254 enim

302 1279 369 1309 iam
393 1277 511 1308 Cicero
535 1275 621 1316 agit,
644 1281 698 1314 ut,
724 1286 783 1306 cur
805 1286 927 1317 parum
949 1273 1049 1305 multi
1071 1274 1156 1313 siut,
1183 1274 1241 1316 qui
1263 1275 1433 1307 nobilitati
1453 1277 1645 1308 Laterensis
1668 1275 1830 1317 fauet-int,
1862 1277 1998 1309 uberius
2021 1277 2178 1320 explicet.

305 1331 422 1372 ltaque
445 1328 516 1360 sola
539 1329 664 1361 etenim
687 1327 744 1359 uel
769 1339 849 1360 nam
871 1326 1037 1370 particula
1062 1325 1141 1357 huic
1164 1327 1238 1358 loco
1262 1328 1432 1360 conuenit.

1089 1415 1118 1448 C
1145 1415 1176 1449 A
1201 1416 1249 1450 P.
1297 1416 1399 1451 VIII.

391 1491 421 1532 ς.
448 1501 495 1532 19.
541 1490 599 1522 Ex
624 1502 690 1533 quo
715 1488 822 1530 [sunt]
842 1487 1042 1532 plurumae)
1086 1488 1241 1520 Uerbum
1267 1494 1349 1520 sunt
1373 1500 1434 1519 cur
1455 1494 1494 1520 ut
1516 1489 1670 1531 spurium
1693 1490 1786 1522 uncis
1808 1489 2021 1530 incluserim,
2054 1488 2182 1521 dictum

307 1544 343 1574 in
364 1543 497 1585 Proleg.
522 1543 564 1574 L.
588 1543 631 1573 ΙΙ.
657 1543 695 1573 C.
715 1542 740 1572 I.
766 1542 795 1582 ξ.
824 1553 871 1572 11.
896 1548 955 1572 est.
1001 1540 1171 1580 Bauarici‚
1208 1541 1244 1572 111
1267 1542 1483 1584 sequentibus
1507 1549 1557 1575 est
1580 1542 1783 1583 emittentis,
1818 1554 1889 1575 non
1910 1554 2007 1586 posse
2028 1553 2183 1585 maguam

307 1597 543 1628 auctoritatem
566 1606 651 1634 esse,
676 1606 718 1625 ex
742 1594 874 1636 Proleg.
899 1595 939 1626 L.
964 1596 1006 1626 Π.
1033 1595 1070 1626 C.
1091 1594 1117 1625 Ι.
1143 1594 1172 1635 §.
1196 1594 1227 1625 4.
1250 1601 1401 1637 apparet.

392 1648 570 1689 quentia)
598 1647 688 1678 Hinc
710 1647 848 1678 uidetur
871 1648 1004 1680 Uelleio
1027 1647 1203 1677 Paterculo
1228 1646 1293 1678 dici
1315 1649 1366 1681 M.
1389 1649 1573 1681 quentius
1596 1648 1809 1680 Laterensis,
1851 1648 2057 1680 GRAEUIUS.

399 1702 484 1739 Tot,
509 1707 590 1744 quot
611 1712 652 1732 ex
676 1700 818 1743 reliquis
840 1700 1040 1743 municipiis
1065 1699 1218 1731 omnibus
1241 1713 1308 1732 non
1331 1702 1426 1743 sunt)
1451 1702 1537 1732 Cum
1560 1711 1670 1742 neque
1694 1706 1754 1739 tot,
1782 1700 1872 1743 quod
1894 1701 1930 1731 in
1951 1700 2064 1732 codice
2085 1700 2184 1743 prin—-

311 1755 384 1798 cipe
407 1754 572 1796 scriptum
596 1753 746 1784 extitisse
771 1759 947 1792 eertmnst,
992 1763 1102 1794 neque
1126 1758 1223 1795 quot,
1263 1764 1362 1795 quam
1385 1754 1587 1796 scripturam
1615 1765 1634 1784 a
1657 1752 1762 1784 doctis
1788 1765 1871 1785 saec.
1893 1754 1993 1786 XIV.
2019 1753 2075 1784 uel
2098 1753 2182 1786 XV·

312 1807 457 1838 librariis
482 1813 591 1838 ortam
615 1818 685 1838 esse
708 1805 972 1844 manifestumst,
1009 1817 1028 1836 a
1053 1805 1215 1837 Cicerone
1237 1806 1338 1837 scribi
1360 1807 1528 1850 potuerit,
1561 1817 1637 1837 cum
1661 1812 1711 1837 tot
1732 1806 1895 1849 particula
1918 1806 2026 1837 omnis
2049 1813 2185 1838 senten-

313 1861 377 1891 tiae
400 1859 613 1891 cohaerentia
634 1858 795 1897 tollatur,
823 1865 903 1902 (piot
926 1864 1038 1889 autem
1062 1869 1138 1889 cum
1160 1859 1367 1900 superlatiuo
1385 1861 1574 1904 plurumae
1596 1859 1748 1889 minume
1771 1865 1947 1900 congruat,
1979 1859 2116 1902 reposui
2138 1859 2185 1900 id,

317 1913 405 1954 quod
430 1919 463 1944 et
485 1912 597 1944 sensui
620 1911 909 1942 accounnodatum
934 1924 1004 1943 esse
1027 1923 1089 1942 nec
1109 1923 1127 1942 a
1150 1912 1302 1943 codicum
1326 1914 1492 1956 scriptura
1515 1912 1648 1955 longius
1670 1911 1826 1943 recedere
1849 1917 1998 1954 apparet.

398 1966 432 1997 E
451 1965 680 2009 praefectura
701 1964 856 2008 Atinati)
901 1964 1116 1996 Praefectura
1149 1972 1220 1997 erat
1249 1966 1329 1998 urbs
1354 1965 1485 2005 Italiae,
1521 1965 1557 1996 111
1581 1976 1680 2007 (1113111
1702 1963 1898 1995 mittebatur
1919 1964 2030 1995 Roma
2051 1963 2187 2007 praefe-

318 2024 406 2057 ctus,
452 2019 509 2060 qui
533 2029 605 2048 eam
629 2017 879 2048 administraret
902 2018 1087 2049 secundum
1111 2019 1199 2061 leges
1225 2030 1244 2049 a
1265 2018 1428 2050 Romanis
1450 2019 1687 2061 praescriptas,
1724 2022 1757 2048 et
1780 2015 1837 2057 qui
1858 2016 1908 2047 ius
1930 2016 1966 2047 in
1989 2028 2026 2047 ea
2049 2017 2186 2050 diceret.

321 2070 407 2102 Uide
431 2071 544 2112 Sigon.
571 2070 610 2100 de
634 2070 773 2112 antiquo
797 2071 871 2101 iure
894 2071 1009 2102 Italiae
1031 2072 1094 2111 XI,
1123 2083 1170 2103 1ο.
1195 2078 1227 2103 et
1248 2084 1339 2114 sqq..
1384 2071 1490 2103 Atina
1512 2083 1594 2102 uero
1618 2075 1667 2101 est
1688 2069 1768 2100 urbs
1791 2068 1994 2100 Uolscorum
2017 2069 2053 2100 in
2074 2070 2186 2110 Latio,

318 2123 354 2153 iu
376 2129 491 2153 monte
514 2123 555 2153 ad
581 2124 692 2154 Lirim
715 2123 843 2165 posita3
890 2125 1082 2156 etiamnunc
1110 2125 1234 2156 retinet
1262 2125 1438 2167 antiquom
1466 2135 1608 2163 nomen,
1645 2132 1899 2163 nonnumquam
1920 2123 2029 2155 Atino
2053 2122 2187 2154 dicitur.

322 2175 409 2207 Uide
432 2175 568 2205 Cluuer.
595 2177 726 2207 Italiam
750 2177 923 2219 antiquam
946 2179 1012 2217 111,
1047 2178 1097 2210 8..
1134 2178 1341 2209 ΟΒΑΕϊΙϊὸ.
1386 2177 1492 2218 Uide,
1526 2187 1627 2219 quem
1649 2173 1798 2206 Orellius
1821 2174 1888 2205 iam
1912 2174 2059 2207 conferri
2080 2175 2187 2217 iussit,

322 2227 470 2268 §attigny
495 2228 695 2258 Gescliichte
719 2228 775 2260 des
798 2232 885 2260 ro'm.
910 2231 1054 2263 Rechtes
1077 2232 1102 2262 1.
1126 2243 1159 2274 p.
1183 2230 1253 2262 40..

416 2280 541 2310 Utrum
578 2282 691 2322 magis
718 2281 848 2324 fauere
877 2290 986 2326 putas
1016 2285 1176 2318 Atinatis
1208 2297 1253 2316 an
1288 2283 1501 2316 Tusculanos
1531 2280 1650 2323 suiSP)
1695 2279 1769 2312 Ait
1804 2279 2076 2314 Tusculanos
2109 2283 2189 2314 mi-

323 2345 401 2364 nus
440 2344 529 2364 esse
575 2333 854 2375 suffragatos
902 2337 1194 2380 municipibus
1236 2338 1349 2376 suis,
1399 2335 1519 2365 uelut
1554 2333 1804 2376 iampridem
1843 2333 2089 2366 huiusmodi
2123 2334 2190 2365 di-

325 2385 495 2426 gnitate
533 2390 769 2423 saturatosg
811 2387 919 2419 istos
948 2401 1067 2428 uero,
1104 2391 1174 2432 qui
1203 2390 1379 2422 Atinate
1410 2385 1565 2428 oppido
1600 2385 1815 2424 uenirent,
1853 2393 2082 2430 exoptasse
2119 2398 2190 2418 or·-
