2264 2746
698 129 723 157 c
743 128 771 156 A
791 130 828 158 P.
868 128 963 157 xix.
984 126 1011 168 ς.
1031 132 1076 160 48.
1096 144 1134 150 —
1153 129 1230 158 xx.
1250 128 1277 169 ς.
1299 135 1344 161 49.
1900 138 1953 164 141

84 217 118 250 p.
142 205 274 237 LXIX.
299 204 604 236 demonstratumst.
647 203 779 235 Deinde
800 215 912 235 errare
938 215 993 235 eos
1018 203 1178 243 editores,
1211 204 1269 246 qui
1292 210 1369 247 post
1394 204 1514 236 consul
1535 214 1665 236 comma
1688 211 1825 247 ponant.
1869 207 1955 238 Pro-

84 263 202 301 pterea
228 257 318 288 enim
342 263 439 300 negat
453 257 570 288 Cicero
586 256 760 288 Plancium
784 267 1001 298 corrumpere
1024 255 1131 287 tribus
1154 256 1314 298 potuisse,
1338 256 1428 298 quod
1452 256 1624 299 superiora
1646 257 1779 288 comitia
1804 258 1954 299 primum

83 310 125 341 ab
149 310 314 342 eiusmodi
337 311 473 342 consule
499 308 615 341 haberi
641 316 757 351 coepta
781 310 864 347 sint,
903 310 961 352 qui
990 321 1066 340 cum
1099 309 1256 341 omnibus
1285 309 1320 340 in
1343 309 1443 341 rebus
1474 320 1605 340 summa
1626 310 1820 341 auctoritate
1842 310 1954 352 fuerit,

84 368 158 395 tum
187 363 274 406 ipsas
307 363 382 395 illas
412 363 556 395 ambitus
579 362 667 404 leges
690 362 885 404 pertulerit3
934 374 1000 404 quo
1024 361 1204 403 significat,
1240 361 1392 393 minume
1415 362 1635 393 toleraturum
1660 362 1756 394 illum
1782 365 1955 396 consulem

84 414 208 456 fuisse,
231 422 267 447 ut
288 416 324 447 in
347 416 508 455 comitiis,
533 427 617 457 quae
640 415 712 458 ipse
734 415 890 454 haberet,
920 416 1032 458 ipsum
1055 415 1131 445 illut
1153 413 1298 452 facinus,
1332 414 1422 456 quod
1445 415 1651 457 grauissuma
1673 427 1782 458 poena
1803 417 1956 448 sancien-

86 467 168 499 dum
196 469 340 511 putarit,
375 469 613 500 admitteretur.
658 467 819 500 Alterum
842 474 1095 511 argumentum,
1137 478 1203 508 quo
1226 467 1402 498 Plancium
1431 468 1535 499 tribus
1560 479 1779 511 corrumpere
1801 481 1868 502 non
1890 482 1956 513 po-

84 520 188 552 tuisse
210 521 418 564 conprobare
442 521 569 561 studet,
603 521 668 552 hoc
691 527 756 562 est,
795 522 882 564 quod
907 522 1041 553 comitia
1071 521 1131 552 illa
1152 520 1262 552 subito
1285 526 1418 563 praeter
1442 520 1637 562 opinionem
1661 522 1813 554 omnium
1839 524 1953 555 haberi

86 579 203 616 coepta
221 574 299 605 sint.

169 641 402 685 Corzparancli)
448 643 642 685 Conparare
664 648 702 674 ut
721 642 801 673 alibi
824 641 869 673 ita
891 642 947 673 hic
969 640 1153 683 significat,
1189 652 1274 682 quae
1297 640 1335 671 ad
1358 652 1432 673 rem
1456 641 1603 683 aliquam
1629 643 1809 685 gerendam
1840 656 1955 677 neces-

83 693 170 724 saria
191 700 287 733 sunt,
311 706 446 737 parare,
470 696 586 735 nobis,
611 697 667 728 die
686 696 878 739 gelzo'rigen
904 694 945 728 V
943 694 1205 736 orbereitungetz
1230 693 1365 738 treffen.

176 761 327 795 Uocatae
349 765 481 805 tribus‚·
513 765 625 797 latum
647 763 879 808 suffragium,-
911 762 1076 794 diribitae
1097 762 1258 801 tabellae,
1283 763 1521 795 renuntiatae.-
1547 763 1648 806 longe
1664 764 1871 807 plurumum
1891 779 1956 798 ua-

82 814 151 847 luit
173 815 356 860 Plancius)
401 818 491 850 Nolo
515 817 570 849 hic
592 822 765 859 repetere,
796 827 880 858 quae
902 815 938 846 in
961 815 1207 846 Dissertatione
1230 815 1269 845 de
1291 813 1533 856 significatione
1555 816 1651 846 uerbi
1675 817 1840 858 diribere,
1873 831 1956 861 quae

83 867 270 900 dissertatio
301 869 455 902 insertast
481 869 590 901 Praef.
619 869 659 900 ad
681 870 781 901 Uarr.
805 869 915 900 Lectt.
949 879 992 898 ex
1016 867 1086 898 cod.
1116 866 1189 899 Erf.
1216 873 1304 898 enot.
1336 878 1370 910 p.
1397 867 1786 908 CXXVI—CLVIII„
1824 871 1863 901 de
1893 872 1956 904 hoc

82 920 158 952 loco
184 932 218 963 p.
244 921 358 953 CXLI
380 934 453 964 sqq.
478 922 631 965 exposui.
676 921 788 952 Docui
817 920 882 959 ibi,
923 919 1107 952 necessario
1138 920 1301 952 diribitae
1326 931 1390 962 pro
1414 920 1546 961 uolgato
1577 922 1770 965 descriptae
1793 935 1835 955 ex
1859 931 1957 966 optu-

82 984 218 1004 morum
240 973 334 1005 codd.
358 975 554 1006 auctoritate
576 973 821 1007 restituendum
844 985 929 1011 esse,
972 972 1141 1014 simulque
1171 972 1333 1003 excidisse
1363 983 1480 1003 uocem
1504 973 1650 1006 tabellae
1678 981 1755 1017 post
1784 976 1958 1016 diribitae,

85 1037 187 1068 quam
210 1037 271 1069 ego
296 1038 364 1057 non
386 1026 537 1058 dubitaui
560 1027 669 1059 textui
692 1025 832 1058 inferre.
876 1025 983 1058 Porro
1007 1031 1103 1056 extra
1126 1036 1261 1056 omnem
1286 1024 1550 1056 controuersiam
1572 1027 1687 1068 posui,
1711 1028 1859 1060 diribere
1881 1040 1957 1060 cum

82 1078 222 1120 reliquis
245 1078 280 1108 in
294 1078 375 1124 locis
400 1080 555 1111 omnibus
579 1086 652 1111 tum
674 1079 730 1111 hic
754 1079 899 1111 tabellas
922 1079 959 1111 itz
976 1078 1080 1110 cistas
1103 1079 1272 1109 coniectas
1295 1078 1474 1121 disponere
1497 1078 1694 1121 significare.
1737 1081 1882 1123 Aliquid
1906 1088 1958 1113 ta-

82 1142 161 1162 men
184 1129 375 1162 etiamnunc
398 1132 460 1164 hoc
482 1132 518 1163 in
543 1132 617 1164 loco
640 1144 695 1163 me
719 1132 869 1172 offendit,
904 1130 1047 1163 uerbum
1070 1130 1145 1162 dico
1169 1132 1410 1169 renuntiatae,
1445 1131 1535 1172 quod
1559 1132 1670 1164 nescio
1693 1145 1735 1164 an
1757 1133 1796 1164 ab
1818 1134 1955 1176 antiquo

81 1183 265 1225 interprete
288 1184 436 1215 additum
459 1185 512 1216 sit.
558 1185 662 1227 Quod
684 1191 722 1216 ut
735 1185 879 1225 credam,
907 1184 1014 1216 tribus
1038 1195 1243 1215 Connloueor
1267 1183 1400 1214 caussis.
1445 1183 1598 1216 Primum
1622 1187 1820 1218 renuntiari
1843 1193 1871 1217 et
1891 1187 1957 1219 ho-

80 1238 189 1268 mines
220 1237 356 1279 quidem
386 1238 514 1278 solent,
549 1238 669 1280 quibus
693 1238 904 1280 magistratus
927 1237 1140 1269 demandatus
1164 1243 1230 1276 est,
1267 1242 1297 1267 et
1320 1234 1477 1278 suffragia
1509 1236 1592 1278 dici,
1626 1249 1748 1270 uerum
1771 1251 1956 1282 numquam

83 1289 229 1322 tabellae
258 1296 314 1320 aut
345 1289 449 1321 dictae
478 1297 558 1322 sunt
586 1291 626 1321 ab
657 1291 802 1332 antiquis
831 1290 1051 1334 scriptoribus
1079 1289 1289 1322 renuntiatae
1316 1295 1374 1320 aut
1398 1296 1486 1321 recte
1510 1290 1574 1321 dici
1600 1297 1795 1333 potuerunt.
1840 1293 1956 1334 Itaque

80 1342 148 1374 iam
174 1342 246 1385 ipsa
268 1342 411 1374 elocutio
434 1355 497 1386 per
519 1355 554 1375 se
569 1343 698 1385 aliquid
720 1343 822 1374 habet
844 1343 1050 1376 offensionis.
1095 1342 1227 1375 Deinde
1249 1341 1364 1373 addito
1387 1343 1452 1374 1100
1474 1343 1579 1374 uerbo
1603 1346 1822 1377 renuntiatae
1845 1357 1956 1377 mem-

80 1395 221 1426 brorum
244 1395 344 1426 etiam
367 1396 549 1437 aequalitas
574 1396 745 1435 euertitur,
771 1408 855 1439 quae
872 1396 995 1428 omisso
1009 1408 1047 1427 eo
1062 1394 1241 1438 egregiast:
1277 1394 1426 1428 Uoc—atae
1440 1397 1568 1436 tribus3
1592 1398 1701 1430 latum
1719 1397 1953 1441 suffragium,⁰

81 1447 246 1480 diribitae
269 1448 432 1481 tabellae:
457 1450 558 1493 longe
576 1450 781 1493 plurumum
803 1449 919 1481 ualuit
932 1449 1111 1481 Plancius.
1156 1447 1315 1489 Denique
1337 1449 1442 1491 magis
1465 1450 1565 1481 etiam
1588 1450 1805 1492 intellegitur,
1829 1451 1886 1492 qui
1902 1451 1956 1482 fa-

82 1507 174 1532 ctum
196 1500 258 1540 sit,
287 1507 325 1531 ut
347 1513 417 1533 uox
441 1502 586 1534 tabellae
612 1502 845 1541 omitteretur,
875 1502 903 1534 si
926 1502 1146 1533 renuntiatae
1168 1501 1208 1531 ab
1232 1501 1417 1544 interprete
1439 1514 1540 1545 super
1562 1514 1681 1534 uocem
1704 1503 1849 1536 tabellae
1869 1504 1955 1536 scri-

81 1559 180 1596 ptum
203 1553 390 1586 statuimus.
435 1556 536 1587 Nunc
561 1556 652 1586 enim
678 1555 858 1597 genuinam
880 1566 998 1586 uocem
1023 1554 1167 1586 tabellae
1183 1559 1317 1596 recepto
1334 1555 1438 1586 uerbo
1464 1556 1704 1598 superscripto,
1727 1555 1760 1586 id
1775 1556 1864 1597 quod
1880 1568 1954 1588 sae-

81 1617 269 1648 penumero
292 1606 327 1637 in
353 1607 415 1638 hac
441 1608 590 1639 oratione
613 1607 737 1639 factum
761 1607 966 1639 ostendimus
992 1607 1123 1648 Proleg.
1148 1606 1190 1637 L.
1215 1606 1257 1636 ΙΙ.
1284 1606 1321 1637 C.
1346 1608 1371 1638 I.
1397 1608 1426 1649 §.
1451 1608 1498 1647 8.,
1528 1608 1705 1650 expulsam
1729 1619 1798 1639 esse
1820 1609 1954 1652 perspi-

82 1665 224 1690 cuumst.
272 1659 428 1691 Ceterum
452 1661 578 1692 tributa
600 1661 659 1691 illa
681 1659 784 1692 fuisse
804 1660 939 1692 comitia
960 1659 1126 1700 aedilicia,
1157 1659 1288 1700 Proleg.
1315 1660 1356 1690 L.
1382 1661 1441 1691 ΠΙ.
1466 1661 1504 1692 C.
1528 1662 1590 1694 IV.
1616 1662 1645 1703 ξ.
1673 1673 1699 1693 1.
1724 1660 1910 1693 docuimus.

167 1733 226 1766 An
249 1733 387 1765 tandem
410 1746 480 1778 una
506 1735 663 1767 centuria
683 1735 939 1778 praerogatiua
964 1740 1101 1766 tantum
1125 1733 1225 1765 habet
1247 1735 1481 1774 auctoritatis,
1504 1741 1543 1767 ut
1558 1747 1654 1767 nemo
1676 1747 1837 1778 umquam
1848 1736 1951 1779 prior

82 1798 157 1820 eam
180 1786 319 1825 tulerit,
353 1787 436 1830 quin
459 1788 679 1819 renuntiatus
705 1789 770 1820 sit:
806 1793 844 1819 tu
866 1793 929 1819 aut
951 1788 1005 1820 liis
1029 1787 1113 1830 ipsis
1139 1787 1288 1818 comitiis
1311 1789 1566 1827 consularibus,
1595 1794 1656 1820 aut
1679 1794 1768 1820 certe
1790 1789 1825 1819 in
1850 1789 1952 1820 illum

83 1852 214 1873 annum
235 1839 382 1871 aedilem
399 1840 586 1871 Plancium
599 1838 742 1883 factum
765 1840 921 1882 miraris)
967 1840 1021 1871 Sic
1044 1839 1098 1870 hic
1122 1839 1214 1870 locus
1237 1839 1272 1869 in
1296 1839 1496 1872 editionibus
1519 1841 1588 1872 sere
1612 1841 1767 1872 omnibus
1789 1847 1864 1871 ante
1880 1841 1951 1872 Ga—

83 1892 253 1924 ratonium
276 1892 420 1934 scriptus
444 1892 599 1931 extabat,
637 1891 694 1934 qui
723 1892 854 1935 primus
880 1892 1105 1935 corruptelam
1136 1892 1311 1935 perspexit
1333 1892 1414 1923 haec
1442 1905 1601 1926 monens:
1643 1894 1764 1933 „Haec
1794 1893 1880 1924 nihil
1908 1893 1951 1924 ad

82 1945 258 1978 Plancium
281 1944 454 1976 disiunctio
477 1945 644 1988 pertinet,
675 1945 768 1976 cuius
792 1956 901 1987 neque
926 1945 1111 1976 centuriata
1133 1945 1268 1976 comitia
1290 1944 1428 1977 suerunt
1450 1957 1560 1988 neque
1583 1946 1784 1985 consularia,
1816 1952 1866 1978 set
1888 1946 1951 1977 tri-

54 2020 56 2023 ·
82 1999 164 2030 buta
190 2004 222 2030 et
244 1997 413 2029 aedilicia:
453 2009 531 2028 nam
555 1997 644 2039 quod
672 2008 710 2028 ea
733 1998 849 2029 consul
871 1997 1045 2037 habuerit,
1082 1999 1174 2030 cuius
1197 1998 1336 2041 propria
1358 2004 1502 2041 potestas
1526 2005 1611 2038 erat,
1648 1999 1818 2030 nemiuem
1840 2005 1949 2042 potest

84 2051 151 2083 nisi
172 2050 461 2093 inperitissumum
484 2049 618 2088 fallere,
644 2049 702 2092 qui
725 2050 860 2081 comitia
882 2051 1008 2082 nesciat
1030 2051 1070 2082 ab
1094 2052 1151 2091 iis,
1176 2051 1234 2093 qui
1257 2051 1390 2082 creandi
1415 2057 1531 2091 essent,
1554 2051 1802 2094 magistratibus
1824 2063 1949 2083 nomen

84 2103 245 2146 accipere.
291 2102 384 2145 Quid
415 2109 462 2134 est
486 2102 650 2144 denique,
693 2109 755 2134 aut
778 2109 867 2135 certe
890 2104 925 2135 in
949 2105 1049 2136 illum
1074 2118 1223 2143 annum,
1261 2115 1337 2135 cum
1359 2103 1513 2135 Plancius
1542 2104 1695 2146 utrisque
1718 2105 1860 2136 comitiis
1882 2105 1949 2136 iam

84 2156 188 2189 fuerit
209 2155 245 2186 in
268 2167 393 2187 annum
416 2167 516 2187 suum
538 2155 750 2197 designatus?
793 2155 889 2187 Patet
912 2157 1061 2195 omnino,
1086 2157 1344 2189 disiunctionem
1366 2162 1468 2187 totam
1491 2157 1531 2187 ad
1550 2157 1845 2198 argumentationis
1868 2170 1950 2201 pro-

85 2208 172 2241 tasin
195 2208 374 2251 pertinere.
417 2209 455 2240 Id
481 2209 672 2252 praesidiis,
707 2219 790 2250 quae
819 2215 892 2240 tum
915 2209 1096 2249 habebam,
1132 2209 1215 2241 olim
1244 2209 1491 2251 praestiteram,
1524 2217 1561 2241 ut
1582 2210 1672 2241 unde
1693 2211 1817 2242 deiecta
1840 2210 1949 2242 fuerat

86 2261 330 2294 restitueretur.
376 2261 433 2292 Set
453 2262 564 2294 nescio
589 2261 774 2304 quomodo,
809 2260 898 2302 quod
921 2273 989 2292 non
1011 2262 1066 2292 hic
1089 2263 1198 2293 solum
1222 2262 1352 2300 euenit,
1387 2261 1513 2293 excidit
1534 2262 1717 2294 adnotatio.
1760 2263 1822 2294 Est
1844 2264 1947 2305 igitur

86 2314 123 2346 in
145 2325 213 2345 uno
233 2312 353 2345 Franci
376 2313 503 2354 codice,
530 2315 566 2346 i11
588 2327 674 2352 meo,
700 2321 730 2345 et
753 2314 788 2345 in
808 2314 981 2345 Bai-herini
1004 2315 1163 2357 margine,
1188 2315 1269 2346 item
1291 2315 1327 2346 in
1349 2325 1416 2346 una
1435 2320 1549 2346 uetere
1572 2315 1712 2347 editione
1734 2323 1816 2359 aput
1839 2318 1947 2348 Grae—

86 2367 183 2398 uium
206 2365 259 2407 (de
282 2365 389 2397 tribus
413 2367 496 2398 meis
518 2379 609 2399 nunc
631 2379 700 2399 non
722 2367 934 2409 reminiscor)
957 2379 1024 2398 non
1048 2368 1305 2407 consularibus,
1337 2374 1387 2399 set
1410 2369 1544 2407 consul,
1586 2380 1669 2410 quae
1700 2369 1780 2399 alibi
1812 2380 1945 2411 quoque

88 2418 226 2460 contigit
252 2418 474 2461 permutati03
511 2420 618 2452 isdem
649 2427 761 2452 autem
795 2420 829 2451 in
852 2420 946 2451 libris
969 2421 1109 2462 aliisque
1131 2427 1306 2464 praeterea
1328 2421 1498 2452 ueteribus
1521 2420 1615 2452 editis
1637 2427 1736 2463 atque
1765 2422 1798 2452 in
1820 2421 1946 2453 Aldina
