2264 2746
241 99 293 126 236
882 87 1455 119 COMMENTARIUS.

241 169 370 201 tionem
399 166 434 198 in
463 165 608 198 hominis
639 164 787 195 eiusdem
818 163 956 194 nomine
982 170 1134 195 secutum
1165 174 1236 195 esse
1266 162 1485 194 Plutarchum
1514 162 1671 195 uidimus.
1718 163 1847 195 Graeca
1878 165 1978 197 etiam
2010 173 2101 198 extat

247 227 329 264 aput
357 219 581 252 Muratorium
612 217 784 259 inscriptio
814 228 847 259 p.
872 217 992 248 MXII.
1022 217 1053 248 4.
1077 217 1112 249 C.
1138 216 1295 259 Uergilio
1318 215 1353 248 C.
1374 216 1417 248 F.
1438 217 1549 249 Balbo
1575 216 1610 248 in
1634 215 1748 247 Sicilia
1772 217 1938 258 quaestori
1966 218 2006 249 ab
2028 221 2103 251 Ha—

246 273 378 305 laesinis
402 271 518 315 posita,
544 280 642 310 quam
664 270 791 301 rettulit
815 270 989 301 Castellius
1016 270 1118 300 Inscr.
1142 269 1233 300 Sicil.
1256 280 1291 310 p.
1315 270 1377 311 59„
1400 269 1483 301 haut
1504 276 1616 300 tamen
1639 281 1682 300 ex
1704 269 1778 312 ipso
1802 280 1982 301 marmore.
2025 272 2104 313 Quo

246 326 300 365 fit,
324 332 362 356 ut
383 322 577 360 articulum,
605 321 661 363 qui
685 321 756 352 addi
779 323 906 353 solebat
928 334 946 353 a
969 322 1110 361 Siculis,
1144 321 1387 353 describentem
1417 322 1567 353 omisisse
1590 328 1724 364 putem,
1757 322 1953 365 praesertim
1975 334 2051 354 cum
2072 324 2108 356 in

246 380 351 411 altera
372 374 628 408 Halaesinorum
652 374 754 405 simili
777 381 858 417 aput
882 375 1025 406 eundem
1048 386 1082 418 p.
1106 374 1157 406 48.
1182 375 1325 416 legatur,
1359 374 1400 406 O.
1422 376 1600 410 AAMOS.
1646 376 1701 406 Ex
1730 387 1768 406 ea
1791 386 1976 418 cognomen
2008 375 2108 407 huius

247 431 352 474 gentis
384 427 539 458 discimus
563 427 722 466 Balbum,
752 427 905 470 ignotum
930 428 1137 470 Glandorpio
1162 434 1194 458 et
1217 426 1336 468 Pighio
1368 427 1409 457 T.
1435 428 1495 457 III.
1519 428 1645 460 Annal.
1671 439 1706 470 p.
1732 430 1821 461 215..
1865 430 1986 470 Neque
2010 428 2111 460 dubi-

244 483 382 516 tandum
413 479 568 518 uidetur,
602 480 683 521 quin
705 481 743 511 ad
768 482 851 512 hanc
878 482 983 524 ipsam
1006 480 1209 524 praetoriam
1234 478 1398 510 familiam
1428 479 1600 523 inscriptio
1624 480 1805 512 Halaesina
1828 481 2007 523 pertineat.
2051 483 2110 514 An

246 547 325 567 uero
349 534 387 564 ad
410 533 518 571 hunc,
554 533 611 574 qui
635 545 683 564 ex
706 540 863 575 praetura
893 534 1026 565 Siciliae
1055 533 1201 577 praefuit
1229 539 1262 564 et
1289 538 1378 563 certe
1409 533 1516 575 potuit
1547 534 1685 564 eandem
1710 533 1892 564 obtinuisse
1922 541 2018 566 antea
2046 546 2109 578 pro

246 592 436 629 quaestore,
460 585 523 616 hoc
548 585 718 617 Ciceronis
742 587 902 629 producto
926 587 1000 618 loco
1026 587 1078 618 uir
1101 587 1158 618 ille
1181 585 1418 628 amplissumus
1442 592 1536 617 caute
1558 592 1710 628 recteque
1724 586 1864 618 dubitat.
1909 587 2015 619 Filius
2038 587 2112 619 for-

248 647 330 670 tasse
355 637 420 668 fuit
444 638 561 668 eodem
586 640 823 680 praenomine,
849 647 885 672 ut
908 651 1005 682 saepe
1028 639 1143 678 fiebat,
1167 644 1256 669 certe
1280 649 1360 669 uero
1383 638 1517 680 gentilis
1540 638 1640 669 illius.
1684 640 1737 670 De
1759 651 1840 670 uera
1861 640 2004 682 denique
2029 640 2113 671 scri-

245 692 361 734 ptione
384 691 531 721 nominis
556 692 758 723 contendere
780 693 824 724 ita
846 693 963 731 nolim,
987 699 1024 724 ut
1046 692 1082 723 in
1106 692 1141 722 P.
1163 691 1305 733 Uirgilio
1329 697 1426 732 poeta
1448 691 1536 722 inter
1559 691 1649 722 uiros
1672 691 1889 723 doctissumos
1911 692 2034 724 factum
2051 699 2112 733 est,

246 756 348 786 quem
386 744 583 786 Uergilium
613 745 761 787 appellat
791 746 895 776 codex
925 746 997 788 ipse
1025 745 1204 776 Mediceus.
1250 745 1355 775 Erant
1388 744 1423 774 in
1446 755 1505 775 ore
1534 744 1686 775 omnium
1714 746 1858 788 uirgae,-
1894 752 1988 777 erant
2010 746 2112 777 etiam

254 797 433 839 Uergiliae
456 797 497 827 de
521 797 626 828 Tauri
650 797 777 831 sidere:
815 799 879 830 hoc
904 809 1070 841 proxume
1093 796 1238 835 accedit,
1269 803 1318 827 set
1342 803 1408 827 tam
1431 797 1577 828 nominis
1601 798 1799 829 adscisce—ndi
1823 809 1934 829 caussa
1957 809 2026 829 esse
2046 809 2113 841 po-

247 850 310 881 tuit
334 860 432 890 quam
456 851 702 893 corrumpendi.
748 853 864 884 Unum
888 852 951 882 hoe
975 851 1067 890 dico,
1107 862 1184 881 cum
1207 850 1291 880 nihil
1319 850 1367 881 his
1390 850 1582 882 hominibus
1613 862 1689 882 cum
1709 851 1745 882 P.
1769 851 1910 883 Marone
1934 851 2035 882 fuisse
2058 851 2114 882 ui-

247 902 380 940 deatur,
406 902 568 934 uarietate
590 915 724 945 quoque
747 904 893 935 nominis
917 904 1066 947 potuisse
1089 902 1258 945 distingui.
1303 903 1369 933 Hic
1393 909 1505 933 autem
1527 910 1673 946 praetor,
1706 904 1777 935 siue
1807 904 2001 947 Uirgilius,
2029 904 2114 942 siue,

249 962 288 987 ut
310 955 424 986 suadet
449 955 643 998 inscriptio,
698 957 854 1000 *erg-ilius
877 970 945 994 me,
973 958 1019 988 ait
1043 956 1176 995 Cicero,
1211 956 1247 986 ill
1277 957 1435 988 Siciliam
1464 957 1581 989 uenire
1613 957 1734 989 noluit.
1778 957 1816 988 Id
1840 969 1906 988 non
1930 969 1993 1000 pro
2016 957 2116 999 inpe-

248 1009 320 1042 rio.
345 1014 391 1039 set
415 1008 535 1039 litteris
559 1009 700 1040 comiter
723 1011 915 1052 urbaneque
938 1010 1087 1053 scriptis,
1120 1021 1195 1040 cum
1218 1008 1358 1040 sortasse
1383 1010 1500 1041 Cicero
1524 1009 1562 1040 ad
1587 1021 1663 1040 eum
1687 1010 1873 1053 scripsisset
1897 1011 2005 1053 prior,
2035 1021 2115 1042 eum

252 1061 453 1104 significasse
476 1061 638 1093 arbitror:
675 1074 754 1103 quas
779 1063 912 1104 quidem
935 1063 1104 1095 Uibonem
1128 1062 1166 1092 ad
1190 1062 1237 1093 M.
1263 1062 1416 1093 Tullium
1440 1062 1569 1093 misisse
1594 1068 1733 1093 testatur
1761 1063 1797 1094 111
1820 1063 1918 1094 huius
1942 1063 2012 1094 uita
2032 1062 2117 1093 Plu-

248 1115 382 1146 tarchus
406 1125 432 1144 c.
455 1114 523 1145 52..
569 1115 694 1145 Ilabuit
719 1115 773 1144 hic
796 1115 830 1145 iu
849 1122 1005 1157 praetura
1029 1116 1200 1157 conlegam
1223 1126 1289 1145 non
1313 1115 1414 1145 modo
1440 1116 1482 1156 Q.
1509 1116 1717 1153 Ciceronem,
1743 1116 1877 1157 quicum
1900 1116 2005 1146 alium
2028 1127 2117 1158 quo-

250 1180 315 1210 que
339 1168 568 1208 magistr-anun
592 1167 729 1207 gessisse
752 1174 847 1198 antea
873 1180 915 1198 ex
938 1168 979 1199 iis
1003 1168 1134 1206 uerbis,
1169 1169 1236 1199 mei
1249 1167 1384 1210 fratris
1406 1168 1579 1210 conlegia,
1612 1168 1737 1210 plurali
1760 1180 1903 1199 numero
1929 1168 2117 1211 suspicatur

252 1221 388 1262 Pighius
413 1220 434 1249 l.
460 1219 481 1248 l.
507 1229 540 1260 p.
566 1218 653 1259 529„
680 1232 801 1251 uerum
824 1221 925 1252 etiam
949 1221 986 1251 C.
1012 1221 1198 1251 Caesarem.
1244 1220 1325 1250 Erat
1350 1230 1427 1260 ergo
1451 1220 1482 1249 ei
1505 1231 1580 1250 cum
1605 1222 1755 1259 Caesare,
1782 1220 1839 1262 qui
1862 1226 1934 1252 tum
1959 1221 2117 1252 Ciceroni

249 1284 409 1306 maxume
431 1271 680 1311 aduersabatur,
708 1273 823 1304 eadem
848 1273 1054 1305 necessitudo
1080 1272 1219 1313 conlegi.
1264 1272 1344 1303 Alia
1367 1283 1409 1302 ex
1425 1272 1487 1302 hoc
1508 1272 1581 1302 loco
1607 1271 1648 1301 ad
1663 1272 1847 1313 Uirgilium
1872 1273 2115 1305 excussandum

254 1325 400 1366 conlegit
416 1324 502 1355 idem
518 1324 654 1366 Pighius
673 1337 706 1368 p.
724 1326 795 1358 566.
810 1350 817 1357 .
844 1328 1104 1358 GARATONU‘S.
1151 1325 1237 1356 Cum
1259 1324 1423 1366 scriptura
1445 1325 1578 1368 Uirgili
1594 1330 1721 1355 tantum
1742 1325 1777 1355 in
1792 1325 1997 1357 deteriorum
2018 1327 2115 1358 codi-

250 1391 326 1411 cum
350 1378 450 1408 classe
473 1377 670 1420 reperiatur,
695 1385 811 1409 contra
833 1380 971 1423 Uergili
994 1385 1026 1410 et
1050 1377 1258 1415 Plutarchus,
1288 1383 1318 1408 et
1341 1377 1584 1420 inscriptiones,
1612 1383 1644 1408 et
1663 1377 1898 1419 antiquissumi
1917 1378 2116 1420 optumique

251 1433 329 1465 libri
353 1438 425 1462 tum
450 1431 603 1462 hocloco
628 1437 700 1462 tum
721 1432 801 1462 alibi
824 1438 991 1470 tueantur,
1018 1430 1169 1474 profecto
1192 1436 1268 1461 utra
1286 1430 1504 1472 praeferenda
1526 1430 1579 1469 sit,
1606 1430 1749 1461 dubitari
1771 1430 1897 1472 nequit.
1941 1430 1995 1461 Sic
2017 1431 2116 1463 etiam

255 1487 416 1527 interpres
442 1483 603 1515 Ambros.
633 1484 674 1514 ad
699 1497 747 1515 or.
771 1485 806 1515 in
833 1485 869 1516 P.
894 1485 1049 1516 Clodium
1074 1490 1107 1515 et
1125 1484 1307 1516 Curionem
1331 1495 1364 1526 p.
1389 1495 1439 1525 72.
1464 1483 1515 1514 ed.
1539 1483 1620 1515 Mai.
1644 1484 1678 1516 C.
1702 1483 1859 1527 Uergilio
1880 1483 2005 1515 scribit.
2047 1484 2119 1516 Mi-

252 1550 384 1580 rorque,
411 1537 632 1568 Garatonium
655 1537 825 1579 ambigere
846 1538 1005 1581 potuisse,
1028 1544 1143 1569 utrum
1167 1537 1341 1581 Uirgilius
1359 1549 1401 1568 an
1424 1537 1603 1581 Uergilius
1627 1542 1723 1579 poeta
1736 1536 1987 1569 celeberrumus
2009 1549 2028 1569 a
2042 1538 2117 1570 Ro-

253 1592 359 1623 manis
383 1590 487 1621 dictus
511 1597 607 1622 esset.

339 1644 494 1684 Quocum
515 1656 567 1675 me
594 1657 660 1675 uno
684 1645 741 1677 uel
768 1645 939 1688 maxume)
983 1645 1072 1678 Uicle
1105 1646 1144 1676 de
1167 1645 1230 1676 hoc
1252 1656 1315 1676 usu
1337 1643 1484 1675 nominis
1507 1655 1596 1676 unas
1623 1643 1836 1686 superlatiuis
1858 1642 2004 1675 adiuncti
2033 1654 2119 1685 quae

256 1697 384 1729 monita
408 1702 485 1727 sunt
510 1696 551 1727 ad
577 1698 613 1729 C.
638 1698 732 1729 XLI.
757 1699 786 1739 ξ.
810 1710 860 1740 95.
886 1711 990 1731 unam
1013 1700 1098 1731 milli
1121 1700 1386 1731 amicissumam.

342 1750 427 1782 Cum
449 1757 585 1783 uetusta
608 1752 777 1789 amicitia,
804 1757 877 1783 tum
898 1753 965 1783 mei
977 1750 1112 1795 fratris
1136 1753 1304 1796 conlegia,
1330 1756 1403 1782 tum
1426 1762 1478 1781 res
1495 1749 1638 1793 publica
1660 1749 1824 1785 sociarat)
1870 1749 1925 1782 Sic
1946 1756 2023 1782 ante
2045 1750 2117 1782 Ga-

257 1803 427 1836 ratonium
451 1803 593 1835 editores
616 1805 818 1835 recentiores
842 1816 956 1835 omnes
980 1805 1198 1846 scripserunt.
1243 1803 1338 1843 ,‚Erf.
1363 1816 1439 1835 cum
1462 1809 1628 1841 uetustas,
1652 1809 1725 1835 tum
1749 1803 1916 1842 amicitia,
1941 1816 2018 1836 cnm
2029 1802 2116 1846 fra-

260 1859 323 1889 tris·
345 1856 502 1898 collegia,
525 1862 598 1888 tum
622 1863 702 1888 etc.:
727 1869 795 1888 nou
818 1858 944 1888 male.“
971 1858 1177 1889 GRAEL‘It‘s.
1222 1857 1330 1888 Immo
1353 1857 1453 1898 longe
1473 1860 1613 1896 optuma
1635 1860 1667 1885 et
1689 1867 1848 1887 maxume
1871 1857 2027 1888 Tulliana
2047 1857 2116 1888 Er-

262 1909 414 1941 furtensis
445 1915 494 1940 est
522 1909 633 1941 lectio.
680 1911 764 1953 Quis
796 1911 920 1942 etenim
943 1910 1063 1948 nescit,
1095 1909 1142 1940 ita
1164 1909 1258 1951 loqui
1281 1921 1379 1952 saepe
1403 1909 1598 1940 Ciceronem
1625 1907 1661 1938 111
1684 1909 1834 1951 epistulis
1864 1910 1902 1940 ad
1927 1909 2116 1941 Diuersos?

260 1964 313 1999 V,
341 1964 404 1993 lii-2
433 1963 558 1995 Tecum
581 1965 699 1996 uiuere
716 1976 851 2008 possem
873 1964 1029 2007 equidem
1051 1968 1082 1994 et
1105 1974 1262 2000 maxume
1288 1962 1428 2000 uellem3
1453 1967 1627 2000 uetustas,
1649 1974 1763 2001 amor,
1785 1962 2006 2001 consuetude,
2039 1967 2115 1994 stu-

263 2016 321 2047 dia
341 2016 443 2058 paria
467 2022 546 2055 etc.;
577 2017 629 2056 X,
657 2029 723 2049 10.:
753 2018 812 2050 Ad
834 2029 889 2048 eas
913 2017 1003 2048 enim
1025 2028 1180 2055 (·(zzcssa8,
1212 2015 1333 2060 quibus
1357 2015 1447 2046 inter
1469 2026 1529 2046 nos
1549 2026 1663 2046 amore
1681 2028 1816 2053 simius,
1844 2027 1862 2045 o
1889 2014 1982 2052 reiis,
2014 2020 2114 2046 netu-

264 2074 351 2099 state
374 2069 562 2108 coniuncti,
588 2071 727 2113 patriae
749 2071 878 2102 caritas
900 2070 1072 2108 [ιι-06351125
1100 2069 1168 2109 XI,
1196 2070 1262 2101 16.:
1295 2069 1339 2100 L.
1361 2068 1491 2100 Lamia
1510 2073 1714 2110 praeturam
1728 2068 1838 2111 petit5
1866 2067 1927 2098 lzoc
1949 2078 2012 2109 ego
2034 2073 2114 2100 utor

264 2132 330 2152 nno
354 2122 502 2152 omnium
522 2122 741 2165 pllcr’zzmume
764 2134 893 2165 magna
916 2128 1087 2160 uetustas,
1109 2134 1238 2165 magna
1259 2121 1465 2154 consuetudo
1487 2121 1695 2161 intercedit.,·
1715 2119 1811 2158 XIII,
1834 2119 1902 2150 52.:
1927 2119 1985 2151 Set
2009 2121 2114 2152 uelim

266 2173 315 2204 sic
338 2173 535 2212 exis-tumes,
556 2175 643 2207 lianc
655 2175 839 2219 familiam
861 2181 894 2208 et
914 2175 974 2207 llos
998 2175 1083 2207 mihi
1105 2187 1263 2207 maxzmze
1288 2186 1357 2206 esse
1380 2175 1573 2206 coniunctos
1596 2177 1782 2209 uetustate,
1808 2171 1946 2215 officiis,
1969 2172 2114 2204 beneuo-

265 2225 382 2258 lentia-
425 2225 578 2265 Accedit,
619 2228 707 2269 quod
735 2229 833 2260 huius
866 2227 1016 2270 egregiae
1038 2227 1189 2260 lectionis
1212 2228 1351 2270 uestigia
1374 2232 1554 2269 supersunt
1579 2225 1615 2256 in
1635 2236 1710 2256 meo
1734 2225 1823 2264 cod.‚
1860 2225 1896 2256 in
1919 2236 1984 2266 quo
2013 2225 2114 2257 etiam

267 2291 345 2312 cum
363 2277 428 2309 mei
440 2276 494 2319 f''·
518 2292 562 2316 c.,
592 2279 627 2310 111
650 2281 701 2312 ed.
725 2282 847 2322 Rom.,
879 2287 909 2312 et
930 2280 964 2311 in
988 2286 1127 2322 utraque
1151 2282 1238 2313 Uen.
1262 2279 1498 2312 exhibentibus
1521 2284 1593 2310 tum
1614 2282 1827 2310 uetustatum
1848 2278 2022 2318 amicitia,
2057 2290 2114 2311 ea-

268 2343 334 2374 que
360 2337 429 2361 tam
457 2336 587 2372 aperta,
621 2339 658 2364 ut
680 2334 828 2365 litterula
859 2345 926 2365 una
955 2333 1104 2376 perierit.
1150 2333 1243 2375 Quin
1266 2333 1366 2364 etiam
1394 2332 1509 2364 eadem
1533 2336 1628 2361 erant
1653 2329 1689 2360 in
1711 2330 1783 2362 cod.
1807 2331 1942 2363 Barber.
1964 2332 2112 2375 uestigia,

270 2385 305 2416 in
328 2395 394 2427 quo
415 2382 557 2414 alterum
578 2382 655 2415 illut
678 2391 750 2417 tum
771 2393 848 2418 ante
870 2398 989 2418 uocem
1009 2387 1167 2419 amicitia
1190 2398 1321 2418 erasum
1343 2386 1389 2417 ita
1410 2384 1485 2423 fuit,
1511 2389 1549 2415 ut
1562 2389 1673 2414 tamen
1693 2390 1869 2427 appareat3
1893 2390 1926 2415 et
1946 2384 2028 2415 duae
2050 2395 2112 2427 po-
