2264 2746
644 138 669 167 o
689 137 717 166 A
737 137 780 166 P.
818 136 947 165 xxix.
973 133 1000 174 §.
1021 141 1118 167 71.-
1136 134 1250 163 xxx.
1276 131 1303 173 5.
1329 139 1375 165 72.
1900 132 1953 161 155

58 215 130 260 fici
158 215 309 252 iussero,
343 213 442 245 credo
472 213 538 245 erit
567 213 759 245 uerendum
787 212 892 251 milii,
927 223 969 243 ne
995 222 1063 243 non
1083 210 1146 243 hoc
1168 210 1290 254 Potius
1313 220 1427 241 omnes
1456 204 1534 239 boni
1562 205 1674 237 serius
1695 216 1718 236 a
1739 215 1811 242 me,
1849 215 1953 247 qaam.

67 269 251 312 quisquam
274 267 448 298 crudelitas
464 265 607 308 fartum.
629 266 735 297 dicat.

150 320 336 363 Fingenda
349 318 431 361 suit
453 319 539 350 mihi
561 318 724 350 uidelicet
746 315 884 358 caussa)
928 314 1128 347 Necessario
1165 326 1209 346 ex
1239 314 1388 357 optumis
1411 310 1578 345 codicibus
1601 310 1763 343 uidelicet
1786 321 1849 352 pro
1875 308 1953 340 uol-

63 379 139 415 gata
160 373 329 415 scriptura
352 372 500 409 iudices,
524 382 625 412 quam
649 369 824 401 Ernestius
848 373 978 406 tuetur,
1003 367 1251 399 restituendum
1275 378 1362 405 esse,
1386 365 1462 396 inde
1484 369 1596 407 patet,
1628 363 1716 405 quod
1739 369 1845 394 totam
1868 362 1953 394 lianc

63 425 265 457 sententiam
289 437 356 456 non
380 425 426 455 iia
449 422 583 466 profert
607 422 743 461 Cicero,
774 433 811 452 ac
833 421 860 452 si
883 421 1022 463 probet,
1053 419 1144 463 quod
1164 418 1273 450 facere
1296 418 1489 450 statuendus
1513 422 1599 448 esset
1620 416 1648 448 si
1672 417 1803 448 iudices
1825 415 1953 446 scribe-

65 485 179 516 retur,
211 483 262 508 set
285 478 348 515 ita,
373 483 410 507 ut
433 476 484 515 id,
508 475 595 517 quod
618 475 714 513 dicit,
738 474 891 505 minume
912 485 932 504 a
953 485 988 505 se
1011 473 1085 504 fieri
1107 472 1260 504 debuisse
1283 470 1471 514 significare
1495 469 1589 500 uelit.
1636 469 1672 500 Id
1696 475 1808 500 autem
1831 474 1870 499 ut
1891 479 1953 499 au·—

63 530 187 561 ditores
224 529 480 571 intellegerent,
525 528 630 559 uerbo
663 528 825 571 quopiam
851 526 1026 558 admoneri
1061 525 1236 556 debebant.
1281 522 1456 555 Eiusmodi
1493 523 1655 554 uidelicet
1689 521 1856 564 particula
1893 527 1952 552 est.

62 583 200 623 „Plane
229 582 367 623 dignum
397 580 692 612 animaduersione
714 580 863 611 arbitror
889 591 960 611 esse
989 579 1147 617 modum,
1191 589 1258 619 quo
1281 588 1344 619 pro
1372 575 1534 607 uidelicet
1556 575 1622 606 huc
1644 574 1788 617 inrepsit
1810 575 1952 606 indice&

63 635 141 668 Nisi
162 635 253 666 enim
276 634 395 673 fallor,
431 634 522 665 hunc
545 634 640 665 nobis
663 633 773 676 aperit
795 633 873 664 illut
896 632 1120 674 conpendium
1142 631 1234 669 iud„
1273 640 1339 671 quo
1365 640 1435 659 non
1457 627 1556 658 modo
1577 628 1612 658 in
1638 628 1710 659 cod.
1734 627 1832 659 Barb-
1862 632 1895 658 et
1918 627 1953 658 in

64 700 161 727 meo,
185 699 307 719 uerum
331 687 430 717 etiam
454 686 487 717 111
512 686 561 718 ed.
587 687 690 718 Rom.
713 698 789 724 sec„
813 687 913 723 Uen.,
935 685 1062 723 Hei-u„
1087 689 1120 715 et
1142 685 1252 725 Naug·
1277 692 1346 712 uox
1370 681 1501 712 iudices
1524 681 1711 723 perscripta
1734 678 1952 722 conspicitur.

63 742 144 773 Duo
166 740 295 772 scilicet
316 739 501 782 conpendia
526 745 621 777 sunt,
646 739 793 770 librariis
818 738 956 769 usitata:
979 737 1127 768 alterum
1150 737 1222 768 nid.
1244 746 1307 777 pro
1332 734 1512 771 uidelicet,
1541 733 1687 764 alterum
1711 733 1786 765 ind.
1809 743 1872 775 pro
1896 732 1953 762 ιἰι-

63 794 174 832 dices3
214 805 361 835 quorum
384 793 430 823 ita
452 792 571 823 similis
594 798 644 823 est
669 792 852 835 scriptura,
876 796 914 822 ut
936 802 1004 821 non
1027 789 1278 821 confundantur
1298 785 1417 824 modo,
1440 797 1562 816 uerum
1585 785 1687 817 etiam
1709 796 1807 827 aegre
1831 783 1953 815 distin-

63 852 209 888 guantur
231 845 411 876 interdum.
456 844 510 876 Ad
535 844 619 874 hanc
641 856 808 876 summam
830 845 866 876 in
888 843 969 886 ipsis
993 842 1114 874 litteris
1137 839 1351 884 permutandi
1375 838 1572 869 facilitatem
1594 838 1740 877 accedit,
1766 838 1853 879 quod
1879 848 1953 868 cre-

62 899 124 929 bra
146 898 181 929 111
204 898 256 929 his
278 897 486 929 orationibus
510 897 658 928 iudicum
680 898 808 929 mentio
831 895 988 929 librarios
1010 895 1052 926 ad
1076 906 1149 925 eam
1172 904 1291 924 uocem
1314 891 1573 934 supponendam
1596 890 1835 934 propensiores
1860 890 1950 930 fecit,

65 963 166 993 quam
188 951 303 981 uidere
328 950 524 992 aliquando,
561 950 619 981 ubi
646 949 732 980 nihil
765 954 836 979 erat
857 948 988 987 minus,
1024 948 1129 979 oculis
1152 945 1347 977 fallentibus
1378 944 1645 982 existumaruntg
1681 944 1775 975 cuius
1798 944 1846 975 rei
1869 944 1953 975 aliut

64 1003 262 1045 exemplum
286 1002 415 1044 insigne
438 1002 582 1033 uidimus
605 1002 644 1032 ad
671 1013 698 1032 c.
722 1003 772 1033 5..
817 1001 983 1032 Similiter
1005 1000 1149 1042 denique
1172 1011 1235 1042 pro
1259 1001 1353 1031 Sext.
1379 1010 1408 1039 7.
1430 998 1620 1029 uidebimus
1643 1009 1749 1028 unum
1774 1002 1953 1038 optumum

65 1056 215 1087 codicem
249 1055 373 1086 habere
402 1055 582 1092 uidelicet,
620 1054 677 1085 ubi
709 1054 774 1085 duo
803 1053 862 1084 alii
890 1053 1016 1085 habent
1043 1054 1196 1092 iudices,
1231 1058 1265 1084 et
1296 1058 1364 1083 tres
1387 1057 1519 1082 ueteres
1550 1051 1712 1082 editiones
1735 1049 1814 1080 illut
1841 1049 1953 1092 ipsum

65 1108 287 1151 conpendium
313 1108 437 1140 iucl..“
482 1108 742 1138 GARATONIUS.

148 1161 280 1192 Caussa
296 1160 482 1203 peracuta)
525 1159 747 1190 Scribendum
778 1159 851 1190 sine
879 1158 982 1190 dubio
1013 1164 1063 1190 est
1091 1165 1280 1203 peracuteg
1318 1169 1441 1200 nempe
1469 1168 1583 1188 caussa
1608 1168 1677 1186 non
1701 1162 1751 1188 est
1770 1162 1953 1199 peracuta,

63 1219 114 1245 set
133 1218 293 1255 peracute
316 1213 465 1255 fingitur.
494 1212 720 1243 ERNESTIUS.
765 1212 896 1243 Mirum
919 1211 1092 1245 iudicium.
1138 1212 1209 1243 Cfr.
1236 1212 1275 1242 de
1299 1212 1361 1243 Or.
1385 1212 1433 1248 ll,
1459 1211 1493 1249 8,
1526 1211 1577 1241 52.
1609 1210 1659 1240 sir
1688 1210 1769 1241 illut
1792 1209 1954 1252 adfirmo,

58 1271 247 1310 praecepta
279 1277 378 1309 posse
406 1266 576 1308 quaedam
605 1266 685 1297 dari
709 1271 892 1308 peracuta.
937 1264 1064 1295 Ibidem
1092 1265 1121 1306 ἓ.
1146 1265 1197 1296 34.
1221 1265 1317 1304 Quid
1342 1269 1459 1295 (cutem
1480 1263 1663 1300 subtilius,
1705 1275 1809 1305 quam
1831 1267 1954 1293 acutae

63 1318 265 1362 crebraeque
288 1319 502 1350 sententiae?
546 1318 632 1349 Ibid.
658 1329 685 1350 c.
709 1318 760 1348 25.
792 1318 822 1358 §.
848 1317 899 1358 98.
930 1317 1020 1348 alter
1049 1319 1300 1349 acutissltmmn
1328 1323 1360 1348 et
1383 1317 1660 1348 subtili5sunnmz
1682 1315 1819 1346 (licendi
1841 1326 1952 1357 genus

63 1377 113 1402 est
136 1376 346 1403 consecutus.
390 1369 472 1400 Ibid.
503 1370 561 1401 lib.
590 1370 651 1401 III.
681 1380 709 1400 c.
735 1371 787 1412 59.
818 1371 848 1410 ᾗ.
873 1370 945 1401 225.
983 1372 1172 1402 sententiae
1203 1382 1304 1414 saepe
1331 1375 1454 1401 acutae
1486 1380 1551 1400 non
1574 1374 1756 1400 acutorum
1779 1368 1954 1399 hominum

65 1436 185 1455 sensus
203 1423 480 1466 praebet-nolant.

158 1476 205 1508 Ut
228 1477 276 1514 ei,
300 1488 399 1519 quem
422 1476 510 1507 milii
534 1476 652 1508 debere
675 1481 864 1519 oporteret,
888 1487 951 1519 ego
974 1489 1026 1509 me
1046 1476 1161 1508 omnia
1183 1474 1301 1507 debere
1324 1474 1485 1516 dicerem)
1515 1474 1671 1506 Plancius
1695 1473 1816 1504 debere
1840 1471 1955 1503 omnia

66 1528 223 1562 Ciceroni
247 1528 433 1567 dicebatur,
466 1528 556 1570 quod
579 1529 619 1560 ab
644 1541 683 1560 eo
707 1528 959 1560 defendebatur.

151 1582 202 1615 At
226 1582 264 1613 id
286 1582 391 1613 etiam
410 1582 574 1624 gregarii
596 1583 724 1614 milites
736 1581 883 1626 faciunt
904 1582 1022 1621 inuiti,
1046 1587 1085 1614 ut
1107 1594 1267 1614 coronam
1288 1581 1370 1613 <lent
1393 1581 1541 1613 ciuicam
1563 1586 1595 1612 et
1618 1592 1653 1611 se
1674 1579 1716 1611 ab
1739 1580 1857 1623 als'qno
1881 1590 1953 1610 ser-

66 1642 167 1669 uatos
192 1648 261 1667 esse
276 1634 484 1678 fateantur)
527 1635 834 1667 Inductionem
857 1635 1176 1667 sollertissime
1199 1633 1309 1665 facit
1333 1646 1381 1665 ex
1404 1634 1460 1665 iis
1483 1633 1725 1671 militibus,
1761 1633 1831 1674 qui
1852 1644 1954 1675 pro-

65 1688 169 1720 tecti
189 1699 209 1718 a
231 1687 609 1720 commilitonibus
632 1689 721 1720 suis
743 1688 886 1719 ueluti
910 1687 1213 1719 tesiimonium
1239 1687 1405 1729 gratiae
1436 1686 1651 1724 referant,
1689 1685 1849 1717 iisdem
1882 1697 1954 1716 co-

66 1752 216 1774 ronam
250 1740 431 1770 ciuicam
461 1740 608 1779 dando,
652 1752 771 1783 quam
807 1740 1001 1772 traditur
1041 1741 1089 1772 de
1119 1741 1319 1783 gramine
1352 1740 1458 1771 sieri
1494 1740 1665 1771 solitam
1681 1740 1720 1780 ¹).
1765 1740 1816 1770 Et
1848 1738 1952 1769 mire

68 1793 340 1831 extenuauit‚
375 1793 617 1834 gregarium
647 1793 833 1825 militem
865 1793 1043 1825 dicendo
1074 1794 1265 1825 inuitum
1289 1794 1368 1824 hoc
1392 1792 1554 1831 facere,
1594 1800 1638 1824 ut
1663 1792 1855 1824 offerens
1881 1802 1952 1821 co·-

66 1857 217 1879 ronam
241 1845 427 1876 ciuicam
451 1844 694 1878 debitorem
724 1846 936 1878 beneficii
959 1860 1000 1879 se
1030 1846 1280 1878 constituat.
1328 1846 1453 1887 Quod
1486 1842 1625 1887 igitur
1653 1845 1779 1876 anxie
1802 1850 1843 1875 et
1864 1855 1952 1874 mo-

66 1901 177 1933 leste
199 1898 421 1942 gregarius
444 1898 569 1929 miles
591 1899 778 1941 patitur,
812 1899 851 1930 id
880 1899 1018 1931 nullis
1050 1899 1237 1942 acceptis
1266 1898 1496 1930 beneficiis
1524 1911 1627 1929 onus
1657 1896 1951 1929 uerecundiae

69 1964 167 1985 suae
189 1963 271 1983 non
294 1952 544 1994 imponeret
565 1951 635 1982 uir
657 1953 910 1984 consularis.
942 1953 1105 1985 Senomi
1126 1953 1387 1985 AMBROSIANA.
1434 1952 1566 1984 Gellius
1589 1952 1641 1992 V,
1666 1952 1715 1983 6.:
1752 1951 1873 1983 Ciuica
1897 1962 1952 1982 co-

142 2102 168 2140 1)
205 2104 345 2132 Ciuicam
372 2112 516 2130 coronam
541 2102 617 2131 dicit
639 2107 746 2130 noster
771 2102 926 2141 interpres
951 2104 1047 2133 fuisse
1075 2114 1091 2132 e
1119 2103 1264 2142 gramine.
1305 2102 1472 2130 Graminea
1499 2102 1559 2130 fuit
1586 2102 1709 2141 quidem
1738 2100 1948 2135 obsidionalis,

67 2155 114 2180 set
135 2150 172 2178 de
192 2151 295 2177 ciuica
315 2149 425 2178 scribit
444 2150 564 2178 Plinius
585 2150 677 2178 XVI.
698 2154 770 2178 sect.
791 2151 817 2178 5.
839 2151 949 2180 Ciuica
968 2153 1071 2190 iligna
1088 2153 1189 2189 primo
1201 2151 1290 2189 suit,
1313 2157 1422 2187 postea
1441 2152 1541 2187 magis
1556 2152 1683 2188 placuit
1703 2163 1739 2179 ex
1759 2151 1858 2179 esculo
1878 2149 1949 2176 Ioui

67 2208 170 2227 sacra.
214 2198 437 2234 Uariatumque
464 2203 492 2224 et
519 2207 588 2225 cum
614 2208 728 2235 quercu
757 2204 816 2233 est,
849 2209 888 2227 ac
915 2200 991 2227 data
1019 2199 1129 2237 ubique
1156 2209 1234 2236 quae
1252 2198 1366 2235 suerat
1387 2199 1539 2226 custodito
1560 2204 1662 2226 tamen
1683 2198 1794 2225 honore
1811 2196 1950 2235 glandis.

69 2247 227 2284 Quernam
253 2249 304 2272 aut
329 2244 454 2283 ilignam
478 2244 574 2273 fuisse
599 2247 733 2273 ciuicam
761 2256 904 2274 coronam
924 2252 1054 2275 testatur
1080 2246 1172 2273 etiam
1195 2245 1316 2273 Gellius
1338 2245 1384 2280 V,
1411 2244 1454 2272 6..
1494 2245 1545 2272 Set
1565 2245 1665 2273 nostri
1686 2244 1865 2283 interpretis
1885 2252 1947 2269 11011

67 2293 148 2322 leuis
175 2292 339 2320 auctoritas
366 2297 420 2321 est.
461 2292 683 2321 Uerumtamen
710 2293 830 2321 etiamsi
858 2292 917 2321 hoe
945 2294 1014 2321 loco
1041 2293 1195 2331 interpres
1216 2303 1360 2320 coronam
1382 2292 1511 2320 ciuicam
1532 2293 1632 2321 minus
1653 2298 1736 2321 recte
1751 2292 1948 2330 gramineam

70 2339 208 2373 dixisset,
233 2339 460 2368 meminerimus
480 2350 602 2369 errores
623 2341 788 2369 nonnullos
808 2341 905 2380 ipsius
927 2341 1018 2369 etiam
1037 2340 1154 2368 Asconi
1175 2351 1191 2368 a
1212 2340 1329 2368 criticis
1349 2340 1460 2368 notari.
1498 2341 1645 2369 Errorem
1665 2339 1852 2369 contrarium
1873 2347 1947 2375 pcc-

68 2391 118 2415 cat
143 2384 264 2413 Plinius
291 2387 383 2415 XVI.
411 2393 482 2416 sect.
511 2390 538 2417 5.
567 2389 672 2416 dicens
692 2390 864 2427 fivndeam
891 2398 1035 2418 coronam
1064 2386 1302 2421 obsidionalem,
1339 2387 1376 2415 de
1403 2398 1461 2426 qua
1481 2388 1525 2416 ibi
1546 2388 1700 2427 loquitur3
1736 2397 1824 2426 quam
1845 2391 1946 2414 tamen

68 2434 124 2463 lib.
144 2432 255 2462 XXII.
274 2440 347 2464 sect.
368 2435 396 2464 4.
413 2441 497 2465 recte
513 2438 710 2475 gramineam
730 2436 810 2465 idem
830 2437 964 2466 uocauit.
1004 2435 1086 2464 Uide
1105 2434 1296 2465 paschalium
1316 2437 1353 2465 cle
1371 2438 1492 2466 coronis
1510 2436 1564 2465 lib.
1586 2437 1658 2466 VII.
1682 2436 1742 2466 16..
1763 2435 1801 2463 Α.
1824 2434 1945 2462 MAIES-

1491 2489 1527 2515 36
