2264 2746
694 100 718 129 C
738 99 766 128 A
786 101 826 130 P.
865 99 921 129 VI.
941 98 968 139 §.
990 105 1035 132 16.
1055 116 1093 122 —
1118 102 1189 130 VII.
1210 101 1236 141 ς.
1260 109 1300 134 17.
1895 110 1930 135 ss

56 182 148 222 patet
169 176 277 207 multo
302 176 474 208 uenustius
497 175 698 218 pleniusque
729 174 855 206 dictum
879 186 966 215 esse,
998 187 1097 218 quam
1120 176 1147 208 si
1170 178 1315 209 secundo
1339 178 1412 209 loco
1435 177 1579 209 uerbum
1602 178 1731 209 ademit
1754 178 1929 220 omisisset,

56 236 90 262 et
114 235 164 262 set
186 242 252 260 non
277 235 338 260 ete.
363 229 558 272 scripsisset.
604 228 796 260 Similluina
818 229 975 271 exempla
999 228 1040 259 ad
1067 240 1143 260 euin
1168 230 1277 262 locum
1304 232 1516 263 nouissumus
1541 231 1650 262 editor
1672 230 1804 261 adtulit.

139 282 208 314 Cur
232 283 296 313 iste
311 283 432 325 potins
464 294 566 325 quam
588 281 695 324 eg0?)
740 282 899 324 Amplius
934 293 1054 324 urgere
1084 283 1275 314 Laterensis
1300 285 1498 315 Ciceronem
1530 284 1683 326 fingitur,
1717 290 1768 323 et,
1802 283 1830 314 si
1858 295 1926 314 non

55 334 99 366 sit
113 334 274 376 dignitate
297 335 415 373 uictus,
439 336 584 377 reliquas
609 346 769 376 quaerere
793 346 930 373 caussas,
955 335 1074 376 quibus
1098 343 1271 367 conmotus
1295 337 1440 378 populus
1456 337 1640 376 Plancium,
1663 348 1730 367 non
1747 347 1781 367 se
1796 334 1924 367 fecerit.

140 388 242 428 Quod
262 388 348 419 milii
371 393 456 419 esset
475 388 738 430 grauisszmzum
761 388 792 418 si
817 388 980 427 dicerem,
1018 394 1068 420 set
1094 389 1221 432 inpune
1245 395 1358 421 tamen
1381 390 1533 422 deberem
1556 392 1688 423 (lisere.-
1731 401 1797 420 non
1820 387 1923 430 reete)

56 440 316 472 Grauissunium
340 446 411 471 erat
435 439 607 479 Ciceroni,
633 440 660 471 si
684 440 813 470 dicebat
837 451 904 471 non
926 446 1015 471 recte
1038 441 1211 471 Plancium
1235 442 1410 472 Laterensi
1434 454 1503 474 csse
1525 443 1766 485 praepositum,
1791 453 1833 472 ex
1857 452 1923 483 quo

53 493 212 534 consequi
240 493 434 531 uidebatur,
464 498 502 523 ut
524 493 699 524 Plancium
730 492 907 534 largitione
933 494 1098 536 populum
1127 494 1316 536 corrupisse
1353 494 1560 526 concederet.
1605 496 1735 526 Tamen
1758 500 1855 536 negat
1877 505 1922 533 se,

49 547 79 580 si
102 548 165 579 hoc
188 546 323 584 diceret,
350 545 471 576 debere
494 546 620 588 puniri,
644 546 677 576 id
702 552 760 585 est,
784 558 931 577 caussam
954 546 1068 577 Planci
1090 545 1233 588 perdere
1256 546 1465 586 existumari,
1489 558 1564 577 cum
1587 548 1750 589 populus,
1774 547 1808 578 id
1833 546 1923 588 quod

50 611 153 643 supra
175 598 307 637 docuit,
348 597 420 629 sine
446 598 570 629 iudicio
594 598 806 640 magistratus
831 610 943 629 creare
966 598 1085 637 soleat,
1127 598 1272 640 ideoque
1295 611 1337 630 ex
1361 612 1417 639 eo,
1462 598 1553 642 quod
1577 599 1648 640 quis
1672 611 1740 630 non
1765 605 1855 630 recte
1880 598 1924 630 sit

46 651 163 691 factus,
188 651 340 682 minume
359 657 528 692 sequatur,
552 657 589 682 ut
605 651 783 692 largitione
804 651 993 693 corrupisse
1022 650 1188 694 populum
1209 652 1393 684 censendus
1414 652 1467 692 sit,
1490 663 1634 694 cumque
1656 652 1775 695 populi
1797 651 1924 683 factum

50 706 129 738 licet
150 716 218 735 non
242 703 456 746 probandum
481 710 592 735 tamen
613 703 792 734 ferendum
814 704 867 735 sit.

130 757 228 791 Nam
255 756 339 799 quid
364 757 586 799 acl-sequerer,
617 757 648 787 si
669 757 732 788 illa
756 763 908 788 extrema
930 755 1127 799 defensione
1148 757 1277 799 uterer)
1322 756 1562 795 Permirumst,
1599 757 1768 798 quomodo
1792 758 1920 789 Grute-

47 822 122 848 rus,
147 808 368 847 Garatonius,
393 814 425 839 et
449 809 599 840 Orellius
622 820 684 851 pro
707 809 911 852 adsequerer
940 815 1056 840 contra
1079 811 1230 842 omnium
1254 810 1407 843 codicum
1430 810 1664 841 auctoritatem
1690 810 1835 841 scribere
1858 811 1921 843 acl-

45 874 222 907 seqzterere
244 861 437 903 potuerint,
463 861 553 903 quod
576 867 707 891 tantum
729 860 839 899 abest,
863 868 902 893 ut
926 862 1059 905 uolgata
1082 863 1248 905 scriptura
1270 864 1392 895 melius
1415 863 1475 902 sit,
1504 868 1542 893 ut
1563 874 1582 893 a
1604 862 1769 893 sententia
1790 863 1854 894 loci
1877 863 1920 894 sit

46 916 312 949 alienissumum.
359 914 551 945 Secundum
579 913 731 944 codicum
765 914 966 956 scripturam
998 915 1163 958 particula
1192 929 1273 948 nam
1300 917 1386 948 ratio
1410 915 1564 947 redditur
1592 915 1793 954 sententiae,
1836 926 1919 956 quae

45 968 172 1008 uerbis,
197 969 287 1011 quod
307 969 393 999 milii
413 985 455 991 —
477 968 633 1005 dicerem,
658 966 868 998 continetur:
899 969 976 999 nolo
996 974 1112 1000 autem
1127 969 1251 1008 dicere,
1273 970 1460 1001 Plancium
1482 981 1548 1000 non
1572 975 1661 1000 recte
1679 967 1816 1010 factum
1838 979 1918 999 esse.

44 1023 162 1064 Itaque
187 1032 301 1053 sensus
326 1019 428 1051 totius
451 1019 517 1050 loci
539 1019 594 1049 hic
617 1024 682 1051 est:
706 1019 798 1051 Nolo
821 1026 933 1051 autem
955 1021 1083 1060 dicere,
1107 1021 1280 1052 Plancium
1302 1034 1371 1053 non
1393 1028 1482 1053 recte
1506 1032 1575 1052 esse
1598 1020 1739 1051 sactum:
1763 1031 1842 1051 nam
1864 1019 1919 1051 ni-

43 1075 94 1107 hil
116 1075 281 1113 lucrarer,
307 1073 335 1104 si
357 1073 419 1104 ista
442 1078 594 1103 extrema
617 1070 812 1104 defensione
834 1079 968 1113 uterer,
998 1073 1165 1116 populum
1191 1073 1280 1115 quod
1303 1075 1467 1106 uoluisset
1488 1073 1619 1111 fecisse,
1651 1084 1720 1103 non
1745 1073 1835 1115 quod
1858 1073 1918 1103 de-

41 1127 184 1166 buisset3
209 1138 274 1168 qua
295 1126 425 1157 ratione
447 1137 516 1156 non
538 1125 615 1156 satis
639 1124 855 1157 defenderem
877 1126 1062 1166 Plancium,
1087 1133 1137 1158 set
1159 1125 1337 1159 ferendum
1358 1134 1489 1159 tantum
1511 1126 1632 1169 populi
1654 1124 1780 1157 sactum
1804 1132 1917 1157 osten-

43 1181 169 1212 derem.
214 1180 303 1212 Uolo
333 1191 415 1210 uero
449 1178 586 1210 omnino
620 1177 802 1209 defendere
824 1178 1017 1218 Plancium,
1054 1190 1091 1210 ac
1124 1179 1261 1220 docere,
1298 1187 1389 1212 recte
1417 1180 1622 1212 aedilitatem
1645 1191 1665 1210 a
1685 1179 1814 1222 populo
1846 1189 1915 1210 esse

41 1234 214 1278 adeptum.
257 1232 317 1267 Ad
340 1231 375 1263 id
397 1231 509 1275 ipsum
531 1236 643 1262 autem
667 1231 856 1264 docendum
881 1231 1078 1274 adgreditur
1100 1244 1171 1276 cap.
1193 1236 1358 1276 sequenti.

857 1318 976 1353 CAP.
1015 1321 1097 1355 VII.

126 1395 156 1436 ς.
184 1406 231 1436 17.
255 1394 326 1434 Qui
347 1405 477 1436 semper
493 1393 652 1436 patuerit
675 1391 896 1434 [hominibus]
922 1394 1006 1425 ortis
1028 1394 1090 1426 hoe
1111 1401 1227 1427 nostro
1250 1397 1400 1440 equestri
1423 1396 1506 1436 loco)
1531 1396 1601 1428 Cur
1626 1395 1711 1426 ortis
1734 1405 1776 1425 ex
1791 1394 1818 1425 B
1833 1392 1907 1424 etE

38 1447 225 1491 receperim
256 1453 289 1478 et
317 1446 508 1479 hominibus
539 1445 632 1477 uncis
661 1445 873 1484 incluserim,
910 1446 1041 1489 Proleg.
1071 1448 1112 1479 L.
1134 1448 1175 1479 II.
1208 1450 1245 1481 C.
1269 1450 1295 1480 Ι.
1321 1450 1350 1490 §.
1374 1449 1403 1480 8.
1429 1450 1582 1490 exposui.
1626 1450 1680 1480 Ne
1704 1447 1776 1489 quis
1799 1452 1912 1477 autem

38 1501 278 1534 udmminibns
290 1501 329 1532 ad
350 1499 576 1541 integritatem
600 1498 760 1529 orationis
782 1497 911 1540 requiri
933 1505 1040 1541 putet,
1067 1499 1218 1532 conferat
1241 1502 1278 1534 C.
1294 1502 1415 1535 XXV.
1439 1505 1469 1544 §.
1486 1503 1536 1535 60.
1560 1508 1611 1535 set
1633 1503 1714 1534 haec
1730 1500 1816 1544 Pari
1839 1500 1909 1531 loz-0

39 1556 109 1586 orti
131 1561 211 1587 sant
234 1552 498 1586 innumerabiles
520 1552 585 1583 alii
607 1551 788 1583 consecuti.

124 1608 378 1640 contentionem
400 1604 568 1645 nostrum)
614 1603 703 1636 Uide
727 1615 810 1645 quae
834 1603 907 1635 dixi
930 1607 959 1646 §.
988 1606 1035 1637 16.
1061 1618 1094 1649 p.
1119 1606 1159 1638 80
1182 1619 1249 1649 sq..

123 1660 337 1703 Aliquando)
382 1657 470 1690 Uide
493 1657 624 1699 Proleg.
648 1657 689 1688 L.
714 1657 756 1687 ΙΙ.
782 1657 819 1688 C.
842 1657 868 1688 Ι.
897 1658 926 1698 §.
951 1658 980 1689 8.
1005 1669 1038 1700 Ρ.
1061 1660 1195 1690 XLII..

126 1713 252 1746 Omnes
287 1718 398 1744 tecum
426 1711 580 1753 equitnm
607 1711 844 1742 Romanorum
863 1709 944 1753 filii
978 1712 1194 1755 petiuerunt)
1252 1713 1413 1745 Adtende
1443 1713 1484 1744 ad
1515 1713 1716 1745 breuitatem
1743 1710 1908 1743 dictionis.

40 1766 161 1798 Sensus
186 1772 252 1797 est:
282 1776 414 1802 omnes,
447 1762 504 1804 qui
527 1768 637 1793 tecum
660 1762 871 1804 petiuerunt‚
896 1764 1048 1806 equitum
1071 1765 1171 1795 Rom.
1196 1765 1257 1796 filii
1282 1766 1431 1797 suerunt.

122 1820 230 1853 Nihil
252 1819 327 1850 dico
351 1813 513 1859 amplius)
559 1815 674 1846 Tacite
697 1815 875 1858 significat,
906 1828 961 1848 eos
990 1817 1151 1858 dignitate
1174 1818 1353 1850 inferiores
1374 1818 1478 1850 fuisse
1498 1818 1651 1858 Plancio,
1675 1829 1772 1850 ausos
1795 1823 1906 1849 tamen

39 1883 108 1904 esse
130 1883 205 1903 cum
229 1872 412 1903 Laterense
435 1868 469 1898 in
492 1867 670 1899 aedilitatis
693 1868 856 1910 petitione
878 1869 1091 1900 contendere.
1126 1871 1341 1902 MANUTIUS.

122 1924 191 1957 Car
215 1930 253 1956 tic
276 1921 369 1965 hnic)
415 1918 541 1951 Confer
566 1919 696 1961 Prole-g.
720 1921 761 1951 L.
786 1921 828 1951 ΙΙ.
854 1921 892 1952 C.
919 1922 944 1952 Ι.
969 1923 999 1963 §.
1023 1923 1066 1954 5..

122 1977 193 2017 Qui
216 1977 425 2020 longissume
447 1986 468 2005 a
490 1979 521 2004 te
543 1986 563 2003 a
585 1973 648 2012 nit)
673 1973 756 2004 Satis
780 1974 869 2004 hunc
893 1973 1005 2004 locum
1028 1974 1159 2017 Proleg.
1184 1977 1224 2007 L.
1249 1977 1308 2008 ΙΙΙ.
1335 1977 1372 2008 C.
1389 1977 1450 2009 IV.
1475 1977 1503 2017 ξ.
1522 1987 1550 2008 2.
1576 1987 1610 2016 p.
1628 1975 1821 2008 LXXXIII
1833 1986 1905 2017 sqq.

41 2030 313 2074 explanauimus,
342 2027 401 2058 ubi
425 2025 593 2056 editorum
618 2025 718 2055 etiam
740 2025 896 2067 priorum
919 2026 959 2057 ad
983 2027 1015 2058 h.
1039 2028 1151 2059 locum
1174 2028 1404 2060 adnotationes
1432 2040 1631 2071 cognoscere
1654 2029 1743 2060 licet.

119 2082 267 2114 Fabiam
289 2079 476 2124 fornicem)
522 2079 576 2110 Sic
606 2089 720 2109 omnes
742 2085 877 2120 praeter
903 2080 1112 2111 VVeiskium.
1157 2082 1187 2112 Is
1212 2081 1311 2112 habet
1333 2082 1545 2121 Fabianum,
1580 2087 1619 2112 ut
1642 2087 1690 2112 est
1712 2082 1738 2113 I.
1761 2081 1839 2114 Act.
1869 2080 1905 2112 in

40 2134 142 2168 Uerr.
169 2146 203 2176 7,
239 2146 286 2176 19.
316 2140 349 2165 et
371 2139 452 2176 aput
474 2131 661 2164 Asconium
693 2131 734 2161 ad
764 2142 840 2162 eum
865 2132 987 2163 locum.
1034 2134 1159 2165 Contra
1188 2134 1229 2165 de
1252 2135 1348 2166 Orat.
1372 2135 1421 2172 II,
1449 2136 1499 2176 67.
1529 2135 1576 2166 (ch
1595 2133 1769 2177 fornicem
1790 2135 1906 2173 Fabii,

38 2186 128 2228 quod
150 2186 261 2228 ipsum
285 2186 420 2217 laudans
445 2184 590 2226 Quintil.
614 2184 683 2222 VI,
708 2183 741 2222 5,
767 2184 816 2225 67..
842 2185 979 2216 exhibet
1002 2186 1049 2218 acl
1060 2187 1237 2230 fornicem
1258 2187 1416 2219 Fabium.
1460 2187 1545 2218 Tres
1568 2187 1672 2228 igitur
1694 2187 1730 2217 hi
1752 2186 1847 2218 modi
1870 2187 1905 2217 in

35 2250 100 2270 usu
120 2239 281 2270 uidentur
304 2239 414 2271 fuisse.
458 2237 609 2269 Pertinet
632 2238 696 2268 huc
712 2236 1003 2268 Pseudo-Fronto
1028 2238 1068 2268 de
1091 2239 1290 2270 differentiis
1311 2239 1553 2270 uocabulorum
1577 2251 1611 2282 p.
1629 2238 1699 2281 274.
1724 2239 1775 2270 ed.
1792 2239 1905 2270 Berol.

37 2291 217 2334 Pompei
236 2293 408 2334 porticus,
438 2291 469 2322 si
486 2291 659 2334 possiden·
692 2290 920 2334 Pompeia,
947 2291 979 2322 si
999 2291 1217 2334 publicauit,-
1249 2293 1534 2336 Pompeiana,
1563 2293 1594 2324 si
1616 2293 1652 2324 in
1675 2273 1821 2324 alte⁸rius
1844 2292 1904 2323 do-

36 2346 256 2377 minationem
278 2345 382 2376 uenit.
426 2344 627 2376 Onmmus.

121 2398 165 2430 In
187 2410 240 2429 me
262 2397 375 2440 ipsum
397 2397 559 2441 incurrit)
603 2398 658 2429 Ex
680 2395 805 2437 uerbis,
829 2407 913 2438 quae
934 2402 1103 2436 secuntur,
1130 2397 1166 2429 in
1190 2402 1221 2429 te
1243 2398 1357 2442 ipsum
1378 2398 1618 2437 incubuerunt,
1640 2397 1740 2429 ualde
1762 2397 1799 2428 fit
1820 2407 1904 2439 pro-

1430 2452 1488 2482 23*
