2264 2746
866 97 890 126 c
910 96 939 125 A
962 97 1004 126 Ρ.
1044 95 1197 137 v.§.12.
1932 112 1964 137 ῃ

89 175 186 208 nulla
200 172 293 217 flat,
314 181 377 207 aut
399 174 491 207 nihil
511 173 639 206 ualeat.
663 188 706 195 —-
748 171 908 203 Ceterum
931 184 990 204 cur
1013 172 1198 216 praesentis
1222 172 1277 204 hic
1301 172 1418 205 Cicero
1443 184 1544 215 quam
1566 173 1757 217 imperfecti
1778 178 1968 211 coniuncti-

88 239 166 259 uom
190 227 348 258 maluerit
370 238 507 269 ponere,
531 226 559 258 si
583 225 655 268 quis
678 224 763 256 scire
786 224 883 264 uelit,
910 224 1007 256 adeat
1030 225 1144 256 Rudd.
1170 227 1250 258 Inst.
1276 227 1338 258 Gr.
1362 227 1403 257 L.
1428 226 1469 257 T.
1494 228 1537 258 II.
1560 239 1594 270 p.
1619 228 1690 260 580.
1716 229 1768 262 ed.
1793 231 1909 262 Stallb.
1935 239 1969 264 et

89 280 239 312 conferat
262 281 331 312 Cic.
363 279 404 310 de
427 279 501 310 Fin.
526 279 563 310 B.
589 284 622 309 et
646 278 696 310 M.
722 278 788 316 IV,
824 288 881 316 ¹22,
918 278 968 309 61.
993 278 1091 318 Quid
1112 280 1144 310 si
1166 280 1381 311 remini-scant
1408 280 1587 312 Platonici
1617 282 1690 321 illi,
1728 289 1759 314 et
1783 288 1893 316 terum
1917 287 1968 317 ila

88 334 299 377 loquantur?
343 330 391 362 Id.
417 330 497 361 ibid.
523 332 573 371 V,
602 331 656 369 14,
684 331 735 373 59.
770 335 809 361 ut
833 331 928 373 ipsae
951 332 1059 369 uites,
1090 332 1122 363 si
1144 333 1239 375 loqui
1258 333 1412 375 possint,
1442 334 1493 365 ila
1520 347 1554 366 se
1577 336 1778 367 tractandas
1805 338 1969 369 tuendas-

89 398 155 430 que
178 399 248 418 esse
261 384 460 428 fateantur.
503 385 565 415 IV.
590 383 625 414 in
649 384 721 415 Cat.
744 384 816 422 XI,
844 395 894 422 27.
920 385 1062 416 Etenim
1084 385 1115 416 si
1136 397 1266 416 mecum
1283 385 1407 428 patria
1428 403 1469 409 —
1492 387 1540 418 sic
1563 387 1737 430 loquatur.

174 440 312 482 Semper
334 450 368 470 se
391 438 481 469 <lieet
504 437 626 479 rogari
649 437 811 475 uoluisse,
835 449 966 479 semper
989 438 1054 469 sibi
1077 436 1283 481 supplicari)
1330 437 1544 478 Garatonius,
1568 440 1626 480 qui
1648 440 1688 470 ab
1705 441 1862 473 Harlesio
1887 453 1970 473 con-

88 497 238 534 pererat,
263 491 298 527 in
317 492 343 522 B
361 493 449 533 post·
466 490 660 533 supplic-ari
682 488 761 520 addi
784 502 830 527 se,
856 489 936 520 haec
959 490 1108 522 monuit:
1132 489 1249 531 „Quid
1273 489 1410 520 additur
1432 492 1491 522 se?
1514 491 1676 523 nimirum
1700 494 1796 525 uerbi
1819 496 1970 528 uoluisse

87 544 242 575 relictum
274 543 504 585 uestigiumst3
542 548 579 572 ut
602 542 769 573 Lambino
793 543 860 573 iam
883 542 967 573 mihi
991 543 1091 584 plane
1114 542 1272 573 uideatur
1301 543 1617 585 obtemperandum.
1663 546 1710 577 Ut
1734 547 1883 588 primum
1907 561 1969 580 uo-

87 597 192 628 luisse
214 595 396 637 repetitum
420 595 485 626 fuit
509 595 715 637 explanandi
739 606 872 633 caussa,
908 594 997 636 quod
1022 595 1111 625 inter
1132 594 1317 625 uersiculos
1341 595 1415 626 fieri
1434 595 1578 634 solebat,
1610 608 1725 630 ueram
1747 600 1860 632 sedem
1883 602 1970 632 ami-

83 649 127 680 sit
148 649 183 679 in
202 648 359 679 clausula.
407 648 540 680 Deinde
563 648 640 686 alii,
679 648 736 689 qui
759 659 910 679 mancam
933 659 1002 678 esse
1024 647 1350 690 conprehensionem
1375 648 1509 678 aurium
1533 647 1657 681 iudicio
1680 653 1868 693 sensissent,
1887 656 1971 698 Pla-

89 702 198 733 cuisse
220 700 440 739 addiderunt,
479 700 570 743 quod
596 706 645 731 est
668 700 769 731 etiam
796 701 831 731 in
855 700 1004 742 quinque
1029 700 1295 732 Oxoniensibus.
1342 699 1494 741 Optume
1516 700 1620 742 igitur
1643 703 1846 738 Lambinus:
1883 722 1971 739 sem-

81 766 146 797 per
165 766 200 786 se
223 755 311 785 (lic-et
336 755 473 796 rogari,
511 765 642 796 semper
672 753 737 784 sibi
767 753 961 796 supplic-ari
987 753 1180 785 uoluisse.“
1202 770 1245 776 -—-
1289 752 1339 784 At
1362 752 1462 793 longe
1484 752 1540 784 uir
1562 767 1702 798 magnus
1726 769 1743 788 a
1766 770 1847 790 uero
1871 761 1971 792 uber-

85 806 184 838 rauit.
229 807 315 837 Cum
334 807 503 838 Lambino
530 805 711 847 quominus
735 812 811 848 post
835 806 958 848 rogari
981 806 1125 837 uerbum
1149 807 1301 838 uoluisse
1326 804 1507 843 deleamus,
1534 817 1767 850 ponamusque
1790 819 1865 852 post
1889 827 1971 858 sup..

83 861 232 904 plicari,
272 859 536 901 inpedimentost
566 857 720 889 codicum
750 863 780 889 et
811 864 1033 900 optumorum
1063 865 1096 890 et
1127 860 1368 902 plui-umorum
1403 858 1594 891 auctoritas.
1641 861 1778 892 Etenim
1813 872 1971 905 quattuor

86 919 218 944 tantum
242 913 320 944 libri
345 912 521 942 deterioris
548 917 648 942 notae
670 915 746 952 post
769 911 891 952 rogari
919 911 1081 943 omittunt
1109 913 1278 951 uoluisse,
1313 911 1427 943 nullus
1450 917 1563 942 autem
1586 913 1677 944 idem
1700 914 1849 957 positum
1872 917 1972 951 habet

87 972 164 1008 post
187 965 392 1009 supplicari.
437 964 614 994 Praeterea
644 963 857 994 numerosius
888 964 989 995 etiam
1012 965 1117 996 uerba
1144 965 1268 996 cadunt
1290 964 1422 1005 uolgari
1446 970 1578 995 retento
1602 964 1733 996 ordine.
1779 968 1972 1004 Pronomen

93 1032 128 1051 se
151 1025 273 1055 autem,
301 1018 336 1048 in
358 1018 385 1048 Β
408 1023 484 1059 post
503 1016 697 1059 supplic-ari
719 1015 884 1055 additum,
909 1016 1000 1058 quod
1024 1018 1229 1049 Garatonius
1252 1017 1409 1048 relictum
1433 1017 1566 1060 putauit
1589 1018 1769 1060 uestigium
1793 1024 1889 1054 uerbi
1912 1039 1973 1058 uo-

88 1073 211 1110 luisse,
234 1071 269 1101 in
292 1082 330 1100 eo
355 1069 486 1111 egregie
509 1068 611 1100 falsus
635 1074 695 1099 est.
742 1068 812 1109 Qui
833 1068 861 1100 si
883 1069 1015 1110 scisset,
1048 1071 1083 1101 id
1106 1070 1197 1113 quod
1221 1082 1311 1101 nunc
1334 1070 1471 1100 demum
1495 1076 1696 1112 conpertum
1721 1072 1902 1115 habemus,
1936 1079 1972 1110 in

89 1124 162 1156 cod.
187 1134 320 1166 quoque
344 1121 418 1154 Erf.
450 1135 485 1155 se
506 1121 659 1153 additum
683 1120 843 1163 reperiri,
878 1128 911 1153 et
934 1122 980 1154 ita
1009 1123 1165 1165 quidem,
1196 1130 1234 1155 ut
1256 1129 1383 1166 puncto
1407 1129 1483 1165 post
1506 1124 1700 1166 supplicari
1721 1127 1832 1167 posito
1855 1130 1895 1160 ad
1919 1143 1972 1162 se-

88 1177 226 1220 quentia
247 1176 404 1207 librarius
428 1175 646 1206 referendum
662 1173 801 1217 putarit,
825 1174 897 1206 sine
922 1175 1025 1207 dubio
1049 1177 1283 1215 intellexisset,
1307 1182 1446 1218 optume
1468 1187 1660 1218 pronomen
1682 1177 1760 1210 illut
1785 1180 1840 1211 hic
1861 1182 1973 1216 locum

87 1229 211 1262 habere
234 1228 386 1270 adeoque
409 1228 634 1260 necessarium
665 1238 745 1259 esse.
792 1228 863 1259 Iam
886 1227 964 1260 illut
987 1229 1089 1261 etiam
1112 1229 1265 1272 intellegi
1287 1235 1414 1272 potest,
1448 1229 1540 1260 unde
1570 1236 1644 1261 orta
1666 1231 1710 1262 sit
1733 1232 1973 1274 plui-umorum

87 1282 255 1315 librorum
278 1282 365 1313 mira
387 1282 569 1325 scriptura,
609 1293 673 1324 pro
698 1280 763 1312 sibi
786 1282 1002 1324 supplicari5
1041 1295 1076 1314 se
1104 1282 1339 1313 exhibentium
1364 1283 1551 1325 plat-uisse.
1597 1283 1779 1325 Postquam
1806 1288 1895 1320 enim
1920 1290 1974 1321 iu-

88 1336 251 1367 terierant
280 1336 316 1367 in
345 1336 474 1374 codice,
508 1335 599 1366 unde
623 1334 789 1377 originem
814 1333 1004 1373 duxerunt,
1042 1334 1175 1366 litterae
1201 1335 1267 1367 sibi
1289 1348 1372 1378 sup,
1411 1342 1588 1376 sequentes
1614 1338 1748 1379 plicari
1770 1353 1805 1371 se
1827 1348 1974 1373 mutatae

87 1394 167 1420 sunt
188 1389 228 1419 ab
251 1389 390 1419 librario
414 1388 449 1419 in
471 1388 654 1432 placuisse.
698 1387 778 1418 Fuit
800 1393 912 1418 autem
939 1387 1046 1418 codex
1070 1388 1139 1427 ille,
1163 1399 1205 1419 ex
1225 1400 1290 1430 quo
1315 1388 1382 1419 orti
1404 1395 1483 1420 sunt
1504 1389 1540 1430 ii,
1565 1390 1622 1432 qui
1644 1391 1770 1423 habent
1785 1394 1972 1436 placuisse,

89 1442 278 1473 lacunosus.
326 1440 398 1473 Cfr.
421 1441 553 1482 Proleg.
577 1440 653 1471 Lib.
680 1441 705 1471 I.
730 1440 767 1472 C.
790 1441 832 1471 ΙΙ.
859 1441 888 1482 §.
915 1440 944 1472 5.
969 1452 1002 1483 p.
1026 1441 1151 1473 XVIII
1173 1452 1241 1482 sq..

178 1495 221 1526 Se
244 1495 295 1527 M.
322 1494 439 1526 Seium.
461 1511 501 1517 —
526 1494 577 1526 M.
600 1494 724 1525 Pisoni
741 1492 966 1536 praetulisse)
1011 1493 1206 1525 Pronomen
1237 1506 1292 1534 se,
1329 1494 1418 1536 quod
1452 1506 1512 1537 ego
1537 1495 1667 1538 primus
1692 1508 1734 1528 ex
1762 1498 1787 1528 B
1811 1505 1843 1529 et
1866 1499 1893 1530 E
1917 1512 1974 1531 re-

91 1547 204 1586 stitui,
242 1546 412 1589 quomodo
438 1547 538 1578 etiarn
561 1552 752 1577 ceterorum
775 1545 930 1577 codicum
952 1545 1016 1577 niti
1039 1547 1238 1578 auctoritate
1262 1546 1327 1577 dici
1349 1547 1470 1589 possit,
1510 1548 1546 1579 in
1570 1555 1650 1580 nota
1679 1551 1889 1583 antecedenti
1913 1553 1974 1583 de-

92 1605 360 1632 monstratumst.
403 1600 484 1631 Non
507 1599 619 1631 minus
642 1606 755 1631 autem
782 1599 824 1630 ad
844 1599 1005 1631 orationis
1029 1600 1257 1642 integritatem
1281 1600 1558 1640 necessariumst,
1590 1614 1690 1644 quam
1712 1604 1746 1634 in
1772 1606 1974 1637 anteceden-

91 1654 181 1686 tibus
203 1652 269 1684 siln'
293 1658 370 1683 ante
392 1653 602 1696 supplicari,
629 1659 661 1684 et
684 1652 719 1683 in
742 1653 958 1695 sequentibus
982 1666 1017 1685 se
1043 1660 1120 1695 post
1136 1653 1390 1697 praeposuisse.
1434 1654 1566 1685 Locum
1593 1667 1675 1686 uero
1699 1655 1726 1686 si
1750 1656 1823 1697 quis
1845 1663 1893 1689 est
1916 1658 1974 1700 qui

92 1711 191 1748 neget
215 1711 332 1747 aptum
354 1710 487 1743 tenere,
526 1706 616 1747 quod
639 1706 675 1737 in
698 1705 795 1737 initio
819 1708 901 1737 noui
930 1707 1076 1738 membri
1099 1707 1182 1748 poni
1207 1718 1275 1738 non
1307 1705 1478 1745 debuerit,
1515 1718 1589 1739 cum
1614 1708 1703 1739 idem
1724 1720 1916 1750 pronomen
1936 1712 1974 1742 in

94 1765 218 1791 antece.
250 1763 283 1788 et
305 1768 397 1798 seqq.
421 1757 513 1788 uocis
537 1758 708 1789 encliticae
731 1759 838 1790 instar
860 1760 1073 1791 conlocatum
1101 1760 1160 1799 sit,
1198 1759 1224 1791 is
1248 1759 1460 1798 meminerit,
1499 1760 1599 1802 longe
1622 1761 1721 1791 aliam
1744 1761 1844 1793 huius
1868 1762 1973 1805 ipsius

93 1811 239 1844 membri
263 1821 363 1852 quam
386 1809 598 1851 reliquorum
622 1811 790 1842 rationem
820 1823 900 1843 esse.
946 1814 986 1844 In
1010 1825 1076 1855 qua
1105 1825 1181 1844 cum
1207 1813 1354 1856 populus
1377 1824 1412 1843 se
1434 1812 1600 1843 indicibus
1635 1819 1804 1854 opponat,
1847 1821 1879 1846 et
1901 1827 1974 1847 sese

96 1865 183 1896 dicat
206 1875 305 1902 euin,
331 1861 389 1904 qui
411 1874 429 1892 a
453 1862 618 1894 iudicibus
643 1863 842 1906 dampnatus
865 1864 1000 1905 fuisset,
1027 1866 1085 1897 atii
1108 1866 1241 1897 homini
1266 1866 1374 1897 multo
1398 1865 1635 1907 praestantiori
1659 1867 1875 1907 praetulisse,
1898 1880 1974 1900 ma·-

94 1916 296 1955 nifestumst,
323 1927 391 1946 non
415 1915 609 1946 encliticum
631 1922 681 1947 set
706 1916 965 1960 ὀρθοτονούμενον
988 1930 1057 1950 esse
1079 1930 1282 1962 pronomen,
1307 1918 1450 1959 ideoque
1472 1929 1532 1948 nec
1556 1917 1667 1948 omitti
1689 1919 1839 1960 potuisse
1862 1926 1895 1951 et
1916 1932 1974 1952 re-

96 1970 251 2002 ctissume
282 1969 318 2000 in
348 1969 446 2000 initio
480 1968 580 2000 huius
606 1969 751 2002 membri
781 1982 850 2002 esse
879 1973 1039 2014 positum.
1087 1972 1157 2004 Cfr.
1183 1970 1271 2002 infra
1295 1971 1332 2002 C.
1356 1971 1564 2002 XXXVIII.
1590 1971 1618 2011 ἕ.
1643 1981 1694 2012 92.
1728 1984 1763 2002 se
1785 1985 1852 2004 non
1874 1974 1974 2005 modo

98 2023 183 2054 satis
205 2023 326 2055 habere
348 2035 370 2055 a
392 2035 445 2054 me
468 2028 529 2053 etc.
555 2021 595 2052 de
618 2022 692 2053 Fin.
716 2023 754 2053 B.
779 2029 812 2054 et
834 2024 882 2055 M.
907 2025 976 2065 IV,
1001 2027 1058 2065 26,
1085 2038 1134 2067 72.
1157 2025 1254 2065 Quid
1275 2024 1325 2055 ait
1350 2023 1573 2061 Aristoteles,
1597 2024 1789 2067 reliquique
1813 2025 1974 2058 Platonis

99 2075 256 2107 alimini?
299 2076 348 2107 Se
379 2076 494 2107 onmia
517 2088 604 2118 quae
626 2077 813 2108 secundum
834 2084 998 2109 naturam
1021 2079 1109 2117 sint,
1140 2078 1227 2109 bona
1249 2077 1435 2119 appellare.
1479 2074 1528 2106 Id.
1554 2076 1653 2107 Tusc.
1680 2077 1812 2118 Q.1[1‚
1844 2078 1895 2117 54,
1920 2079 1971 2111 84.

100 2127 196 2167 Quid
217 2134 332 2159 autem
358 2129 583 2172 praec-[arma
607 2140 674 2160 non
700 2130 791 2160 idem
813 2131 986 2162 arduum?
1021 2144 1063 2163 se
1087 2137 1200 2163 tamen
1229 2130 1267 2162 z'cl
1290 2128 1493 2173 effecturam
1516 2129 1738 2173 philosophia
1756 2131 1973 2173 profitetur,-

101 2191 173 2211 nos
195 2180 293 2211 modo
316 2182 527 2213 curationem.
551 2182 623 2213 eius
646 2183 863 2225 recz'ln'atnus.

187 2233 239 2264 M.
262 2233 396 2272 Seium,
435 2235 494 2277 qui
518 2246 559 2266 ne
582 2241 770 2277 equestrem
793 2236 930 2279 quidem
955 2235 1168 2278 splendorem
1201 2235 1404 2266 incolumem
1425 2246 1448 2265 a
1470 2234 1669 2266 calamitate
1693 2235 1804 2267 iudici
1826 2237 1973 2269 retinere

99 2283 282 2327 potuisset)
319 2285 528 2328 Dampnatus
558 2287 647 2317 enim
677 2294 807 2329 partem
837 2299 974 2319 suarum
998 2286 1211 2318 fortunarum
1235 2287 1361 2326 amisit,
1401 2298 1485 2328 quae
1508 2298 1644 2318 censum
1668 2295 1877 2329 equestrem,
1915 2289 1972 2330 qui

104 2336 323 2378 quadraginta
345 2338 438 2369 milia
461 2351 640 2370 nummum
664 2347 744 2378 erat,
768 2340 938 2379 inminuit,
965 2347 1003 2371 ut
1025 2340 1114 2371 inter
1138 2340 1265 2381 equites
1289 2340 1459 2371 Romanos
1484 2339 1640 2381 deinceps
1664 2342 1791 2372 censeri
1818 2353 1886 2372 non
1907 2353 1973 2384 po-

103 2389 217 2420 tuerit.
262 2389 341 2420 Ideo
373 2390 461 2422 dixit
489 2393 610 2424 Horat.
641 2393 729 2436 Epp.
754 2394 788 2432 I,
826 2406 857 2433 ι,
889 2395 939 2435 57.
977 2395 1016 2426 Si
1040 2393 1306 2438 quadringentis
1333 2406 1391 2424 sex
1421 2399 1548 2436 septem.
1569 2393 1669 2426 milia
1692 2394 1832 2431 desunt,
1868 2394 1971 2426 Plebs
