2264 2746
849 141 873 169 c
893 141 921 170 A
943 141 985 170 P.
1023 141 1132 170 xvn.
1152 140 1178 182 §.
1198 147 1242 175 43.
1931 155 1983 181 133

101 220 153 246 set
177 213 254 245 illut
266 213 425 257 sortasse
457 214 545 245 male
569 226 623 246 me
645 214 805 254 habebat,
842 222 875 247 et
896 217 955 247 ubi
978 216 1169 248 coniectura
1192 217 1406 258 consisteret,
1442 230 1512 250 non
1542 219 1763 262 reperiebam.
1809 224 1869 255 Est
1893 226 1983 258 enim

101 266 311 298 Erfurtensis
336 267 454 299 ceteris
479 267 578 298 etiam
603 268 797 310 corruptior
823 270 988 310 [minume
1011 270 1127 311 uero];
1156 282 1197 301 ex
1223 283 1288 313 quo
1313 283 1380 302 uno
1405 272 1532 305 tribum
1550 273 1716 305 Graenius
1738 277 1892 319 sumpsit,
1918 280 1984 310 Er-

100 325 214 350 nestus
237 319 396 359 adsciuit‚
422 320 512 362 quod
538 320 571 351 id
596 327 755 363 putarent
777 323 993 363 sequentibus
1017 329 1297 363 consentaneum,
1326 324 1359 355 in
1383 337 1449 366 qno
1473 331 1584 356 tamen
1608 326 1700 369 ipso,
1727 327 1826 360 etiam
1851 337 1887 362 ut
1911 338 1983 364 tum

100 378 172 404 erat
196 372 298 412 locus,
323 373 389 403 uiri
414 372 609 404 doctissumi
632 372 845 406 fallebantur.
891 377 981 407 Nam
1003 375 1205 417 insperatam
1228 375 1373 418 denique
1397 389 1494 420 opem
1522 379 1598 409 tulit
1621 385 1688 410 tam
1703 380 1886 423 depranam
1908 384 1982 415 loco

100 425 280 456 Bauaricus
308 428 463 468 [prorsus
487 426 717 457 consentiente
741 426 832 465 Erf„
867 428 931 459 nisi
963 427 1052 470 quod
1077 428 1111 458 iu
1136 428 1200 458 hoc
1222 428 1309 458 male
1335 430 1462 461 tribum
1488 443 1550 473 pro
1575 433 1686 464 tribus
1715 435 1913 477 scriptum]‚
1947 437 1983 468 in

100 489 167 519 quo
197 489 302 520 purus
333 485 434 520 atque
466 478 596 520 integer
628 479 674 509 ita
704 480 945 520 perscribitur:
984 481 1125 513 Etenim
1154 480 1185 510 si
1212 492 1290 512 reus
1314 483 1424 514 tribu-s·
1448 486 1578 521 ederet,
1622 486 1810 519 Uoltiniam
1825 488 1984 531 fortasse

97 531 267 562 Plancius
295 538 438 575 propter·
467 531 752 563 necessitmliuem
782 545 822 564 ac
854 534 1091 571 uicinitatem,
1128 545 1228 564 suam
1260 545 1342 565 nero
1365 542 1454 567 certe
1477 538 1650 572 edidisset.
1696 542 1806 572 Uerae
1831 542 1982 575 lectionis

97 582 257 624 reliquias
282 589 348 615 tres
374 583 558 615 Britannici
584 584 630 623 [et
653 583 709 613 alii
734 596 801 615 non
825 586 936 627 pauci]
962 591 1109 617 seruant.
1155 586 1296 625 mest,
1322 587 1412 628 quod
1437 600 1522 620 unus
1546 590 1662 629 habet,
1686 595 1920 627 necessitatem
1943 609 1984 628 ac

96 636 357 675 lassitudinem,
392 637 425 668 h.
450 648 478 667 e.
508 638 793 668 tle(·‹.‹›¹sil11‹llnem
823 651 863 669 ac
894 639 1121 670 affinitatem.
1165 638 1247 669 lllut
1280 646 1377 681 caput
1403 647 1468 679 est⁷
1510 643 1598 683 quod
1625 644 1715 675 idem
1745 658 1821 677 cum
1853 647 1983 681 duobus

98 688 171 719 aliis
196 688 334 719 exbibet
362 689 539 731 negatione
563 688 689 719 deiecta
713 702 810 721 suam
834 703 915 722 nelo
945 689 1273 731 [frequentissumast
1295 704 1362 724 11011
1386 700 1419 724 et
1442 707 1523 726 uero
1543 696 1785 737 Ρειιίί(·ι11ε“ιιι11η
1808 707 1984 741 peiinuta-

99 740 145 772 tio
169 741 203 771 in
227 741 324 772 codd.
349 753 432 773 sz.1ec
456 742 556 773 ΧΠ.
581 747 613 772 et
628 742 710 773 -XX
735 741 878 783 sciiptis]
904 743 1086 781 e‘ssclzdisccig
1110 742 1200 784 quod
1224 743 1251 773 si
1277 743 1395 775 uidere
1421 747 1502 778 olim
1527 747 1684 784 licuisset
1708 749 1748 779 ad
1773 754 1984 785 emendatio-

96 805 175 825 nem
198 793 316 826 fuisset
337 795 490 837 piostcto
513 794 604 825 satis.
649 795 738 825 Nam
762 795 930 836 reliquom
958 795 1047 837 quod
1072 801 1162 833 erat,
1188 802 1296 835 certe,
1320 799 1519 831 antecedens
1543 801 1734 842 postulabat
1748 802 1926 845 fortasse3
1949 806 1984 838 in

101 858 168 888 quo
198 859 289 878 nuuc
318 847 532 889 explanando
562 858 616 878 me
646 847 738 877 locus
762 849 933 889 praeclare
963 847 1163 879 constitutus
1187 849 1329 880 adiuuit.
1377 852 1463 882 Cum
1489 852 1642 884 Plancius
1666 856 1891 896 conpetit01es
1915 870 1985 890 non

95 900 168 932 sine
191 911 249 931 sua
272 900 401 931 inuidia
425 900 563 938 uicerit,
590 911 631 930 ex
654 899 798 931 XXXV
821 900 975 931 tiibubus
1000 906 1082 941 quot
1106 901 1239 939 tutent,
1271 914 1340 933 non
1365 909 1413 934 est
1437 904 1627 936 obscuium.
1672 907 1804 938 Harum
1828 909 1984 953 piinceps

97 953 284 984 Terentina
307 959 397 983 certe
420 952 502 990 fuit3
527 952 561 982 in
586 963 650 993 qua
673 951 810 993 gratiosi
836 952 988 983 homines
1011 953 1173 984 uidentni
1197 953 1315 993 fuisse,
1341 956 1398 997 qui
1423 957 1503 987 alias
1526 958 1653 999 aliquas
1678 960 1904 993 conciliarint:
1926 976 1985 994 ne-

98 1019 163 1050 que
189 1007 357 1043 e11i111,nt
379 1005 425 1035 ait
450 1016 477 1035 c.
506 1005 553 1036 18.
564 1028 572 1043 ‚
598 1004 873 1036 mter-'dnendmn
897 1011 963 1045 est,
997 1019 1038 1038 ne
1058 1006 1226 1048 conficele
1247 1010 1451 1040 necessariis
1477 1011 1548 1041 suis
1569 1024 1668 1044 snam
1692 1013 1819 1044 tribum
1837 1022 1986 1057 possint,

96 1072 138 1091 ne
154 1071 225 1102 par
246 1059 288 1090 ab
312 1059 356 1090 iis
379 1070 504 1089 munus
527 1059 563 1089 in
588 1070 651 1089 sica
673 1057 840 1100 petitione
861 1065 1070 1101 1e¹speftent5
1093 1065 1210 1090 mutua
1234 1059 1314 1090 haec
1337 1067 1415 1092 sunt
1438 1062 1546 1094 ollicia
1570 1075 1637 1095 non
1662 1066 1847 1107 petitorum
1871 1068 1985 1108 modo,

97 1123 217 1143 uerum
244 1110 343 1141 etiam
367 1110 573 1148 amicor‚um
602 1110 723 1151 quibus
747 1109 813 1140 late
837 1118 949 1142 manet
972 1112 1095 1154 gnatia,
1120 1112 1334 1154 augescitque
1357 1126 1573 1158 magnopeie.
1620 1116 1712 1148 Infra
1736 1129 1761 1149 c.
1788 1131 1835 1161 19.
1872 1121 1986 1160 Quam

97 1165 161 1197 tibi
183 1154 394 1196 commodum
417 1168 614 1201 est,1mam
637 1162 766 1194 tubum
789 1163 923 1206 del1g83
947 1171 985 1196 Ill,
1007 1183 1049 1189 —
1066 1177 1132 1209 per
1154 1178 1251 1208 quim
1278 1167 1418 1206 tulerit,
1448 1168 1579 1200 docebo.
1624 1170 1700 1212 Ipse
1723 1182 1805 1203 uero
1830 1173 1984 1206 Plancius

97 1224 130 1249 et
152 1217 187 1248 in
210 1227 269 1248 sua
291 1215 383 1247 tiibu
408 1221 440 1246 et
462 1215 497 1246 in
523 1215 597 1246 aliis
621 1221 692 1246 etat
715 1215 898 1257 glatiosus‚
930 1230 1039 1260 neque
1063 1218 1097 1249 in
1122 1229 1187 1248 una
1212 1219 1364 1250 Uoltinia
1388 1232 1522 1263 magnas
1546 1222 1808 1256 necessitudines
1831 1225 1986 1258 habuisse

96 1269 283 1302 credendus
304 1275 363 1300 est.
410 1269 528 1299 Cicero
552 1268 674 1310 igitur,
708 1268 780 1299 siue
806 1271 992 1310 generatim
1018 1271 1190 1312 quuitur,
1224 1271 1296 1302 siue
1320 1272 1361 1302 de
1385 1272 1457 1314 ipso
1482 1273 1635 1312 Plancio,
1667 1287 1802 1318 semper
1824 1290 1903 1309 suae
1926 1278 1987 1309 de·-

96 1323 218 1366 signati
247 1322 460 1364 magistratus
495 1321 600 1352 tribui
628 1321 756 1362 primas
784 1321 855 1361 dat,
889 1324 1049 1355 secundas
1079 1323 1378 1356 coniunctim-ibus.
1426 1326 1625 1357 Generatim
1656 1339 1682 1359 c·
1711 1330 1780 1361 15.:
1814 1330 1986 1363 Acerbum

97 1378 234 1409 omnino
252 1387 363 1418 gemis
387 1375 513 1409 indit-iq
537 1379 587 1405 set
611 1379 742 1414 tamen,
765 1376 797 1406 si
819 1376 877 1406 uel
900 1389 964 1408 ,ςιια
987 1377 1045 1408 uel
1069 1389 1128 1414 ea,
1156 1388 1243 1419 qnae
1264 1389 1424 1410 maxume
1447 1386 1532 1411 esset
1556 1381 1679 1423 cuique
1702 1383 1895 1421 eonimzctn,
1920 1386 1986 1416 tri-

98 1430 159 1462 bus
181 1429 356 1465 ederetur,
379 1429 440 1459 nix
463 1427 721 1459 recussundmn.
764 1428 832 1459 Hic
857 1435 969 1460 autem
993 1429 1112 1467 modo,
1137 1429 1168 1459 si
1181 1429 1348 1471 fecisses,
1380 1437 1420 1462 nt
1443 1433 1523 1463 lucie
1548 1439 1580 1464 et
1603 1447 1701 1465 suam
1725 1441 1757 1466 et
1779 1436 1821 1467 ab
1844 1437 1905 1468 lioc
1928 1437 1987 1469 οῖ)-

99 1488 258 1514 seruatas
283 1481 393 1512 tribus
417 1481 543 1512 ederes.
589 1479 690 1520 Quod
714 1491 741 1510 e.
769 1481 816 1512 16.
841 1495 897 1513 eas
921 1482 1050 1520 tribus,
1074 1481 1197 1522 inquit,
1221 1483 1256 1513 isi
1280 1483 1402 1525 quibus
1425 1496 1572 1527 magnas
1595 1488 1862 1520 necessitudines
1885 1490 1985 1522 hahet

96 1535 284 1572 Plancius,
307 1533 384 1563 ideo
410 1532 461 1571 fit,
488 1532 577 1574 quod
601 1543 771 1574 proxume
795 1534 1016 1565 Terentinam
1039 1534 1191 1576 primum
1214 1536 1470 1571 nominauerat,
1502 1537 1624 1568 deinde
1651 1539 1859 1579 Uoltiniam,
1892 1542 1985 1574 lubet

97 1588 224 1620 etenim
248 1587 311 1618 tibi
331 1587 443 1618 nescio
467 1586 552 1629 quid
578 1585 682 1616 etiam
705 1585 746 1616 cle
769 1586 833 1617 illa
857 1587 950 1618 trihu
973 1587 1172 1618 crimiszari:
1203 1587 1293 1628 quod
1318 1600 1385 1619 nou
1410 1589 1511 1620 modo
1535 1590 1616 1622 alias
1640 1603 1707 1622 non
1732 1593 1898 1632 excludit,
1922 1607 1986 1626 ue-

98 1652 176 1671 rum
203 1640 304 1670 etiam
327 1640 440 1678 (locet,
465 1650 530 1681 qua
554 1637 594 1668 de
618 1649 731 1668 caussa
756 1649 822 1668 una
845 1645 922 1680 post
944 1639 1166 1670 Terentinam
1191 1641 1345 1672 Uoltinia
1368 1642 1583 1679 nominetur,
1614 1649 1650 1674 nt
1674 1645 1793 1684 mOdO,
1828 1647 1985 1681 Uoltinia

98 1692 210 1724 tribus
233 1692 274 1723 ab
298 1694 359 1725 hoc
382 1698 557 1735 corrupta.
601 1691 655 1722 Sic
679 1690 792 1732 itaque
814 1690 1030 1722 statuendum
1055 1697 1121 1729 est,
1148 1693 1341 1731 Plancium,
1365 1693 1392 1725 si
1419 1694 1602 1736 potuisset,
1626 1697 1847 1729 'ferentinam
1872 1700 1985 1732 editu-

98 1757 176 1777 rum
199 1745 271 1776 sine
297 1746 367 1776 ulla
391 1744 600 1775 dubitatione
623 1743 743 1783 fuisse,
778 1754 862 1785 quae
893 1744 1048 1775 omnibus
1079 1744 1120 1775 de
1145 1745 1266 1777 caussis
1291 1753 1362 1777 erat
1382 1759 1459 1785 sua3
1493 1759 1569 1778 cum
1598 1755 1710 1780 autem
1739 1751 1818 1782 alias
1845 1752 1984 1785 haberet

97 1810 203 1841 aeque
226 1797 297 1829 fere
319 1798 557 1835 amicissumas,
581 1808 622 1827 an
646 1808 689 1827 ex
711 1797 750 1827 iis
768 1797 954 1829 Uoltiniam
977 1803 1174 1838 sumpturus
1198 1797 1312 1837 fuerit,
1339 1800 1536 1831 Ciceronem
1561 1807 1652 1831 certo
1675 1803 1760 1833 scire
1783 1815 1851 1835 non
1873 1817 1982 1848 posse,

97 1857 280 1895 propterea
293 1851 452 1895 fortasse
475 1850 618 1888 dixisse3
646 1861 837 1881 sermonem
861 1849 1007 1891 denique
1031 1849 1072 1880 de
1088 1849 1216 1882 duabus
1240 1858 1371 1883 tantuin
1396 1853 1461 1883 illis
1487 1853 1626 1892 institui,
1655 1856 1744 1896 quod
1768 1856 1857 1887 solae
1880 1869 1898 1888 a
1913 1859 1984 1890 La-

100 1911 234 1936 terense
256 1903 459 1935 nominatim
482 1909 716 1945 arguerentur.
761 1903 815 1933 Ex
839 1902 890 1933 his
916 1914 1021 1944 porro
1044 1902 1173 1944 ahquid
1200 1915 1254 1935 me
1277 1905 1425 1935 arbitror
1446 1905 1603 1937 adiecisse
1627 1908 1787 1949 ponderis
1810 1910 1840 1940 ei
1865 1910 1984 1954 dispu-

99 1957 236 1996 tationi,
270 1956 307 1987 iu
338 1967 437 1998 quain
470 1956 574 1986 incidi
602 1967 628 1986 c.
658 1957 726 1993 16„
760 1956 819 1986 ubi
842 1955 968 1986 iudices
999 1954 1040 1985 de
1062 1955 1227 1987 sodalitiis
1259 1957 1357 1988 trinis
1380 1969 1422 1988 ex
1447 1958 1599 1989 tribubus
1624 1960 1744 1992 delecti
1768 1961 1981 1996 uidebantur.

98 2010 323 2052 Praecipuum
348 2010 425 2040 illut
448 2015 507 2046 est,
534 2021 633 2040 ‚suam
648 2014 680 2040 et
695 2007 736 2039 ab
752 2009 813 2040 lzoc
836 2008 1035 2039 obseruatas
1059 2008 1180 2040 tribus.
1225 2009 1349 2040 Nonne
1377 2010 1457 2041 duas
1480 2023 1557 2041 suae
1579 2012 1666 2044 adici
1690 2014 1812 2045 debere
1834 2023 1931 2058 putas
1942 2019 1981 2049 '2⁴‘

102 2063 172 2094 Cur
197 2075 278 2095 uero
301 2062 395 2098 uncis
419 2062 631 2099 incluserim,
663 2060 795 2102 l'roleg.
819 2061 860 2091 L.
886 2061 927 2091 II.
956 2061 993 2091 C.
1019 2061 1044 2091 I.
1069 2063 1095 2101 §
1120 2061 1149 2092 8.
1174 2073 1208 2102 p.
1232 2062 1440 2094 XXXVIII.
1465 2062 1548 2093 dixi.

186 2116 237 2148 Et
259 2117 289 2147 si
312 2115 486 2159 quaesitor
509 2115 589 2147 lucie
616 2115 765 2147 edendus
779 2111 928 2155 fuisset)
973 2113 1166 2144 Pronomen
1190 2114 1289 2152 lmic,
1314 2114 1403 2155 quod
1427 2115 1490 2145 soli
1513 2116 1539 2146 B
1564 2122 1595 2147 et
1617 2118 1644 2148 E
1669 2118 1809 2157 habent,
1839 2122 1880 2153 ad
1904 2135 1983 2155 sen-

101 2168 227 2200 tentiae
248 2168 476 2210 integritatem
506 2167 730 2198 necessarium
754 2165 839 2196 mihi
863 2165 1010 2197 uidetur.
1054 2167 1106 2197 Eo
1131 2166 1220 2197 enim
1247 2167 1370 2198 omisso
1391 2167 1591 2205 uerborum,
1626 2172 1658 2202 si
1683 2175 1857 2215 quaesitor
1880 2177 1983 2208 eden-

101 2222 167 2253 das
180 2220 332 2264 fuisset,
355 2221 440 2251 hane
462 2225 554 2263 patet
576 2219 776 2250 sententiani
800 2230 880 2257 esse,
906 2224 944 2250 ut
968 2218 1087 2249 Cicero
1108 2219 1246 2250 omnino
1271 2231 1338 2250 non
1363 2219 1464 2251 fuisse
1488 2223 1712 2262 quaesitorem
1737 2226 1905 2259 edendum
1928 2229 1982 2260 di-

101 2281 164 2306 cat.
209 2274 316 2315 Atqui
339 2273 445 2303 edidit
467 2272 691 2314 quaesitorem
714 2277 911 2302 accussator.
956 2272 1074 2313 Itaque
1098 2278 1136 2302 ut
1157 2271 1190 2302 id
1215 2272 1377 2303 iudicaret
1402 2274 1531 2313 Cicero,
1556 2275 1645 2316 quod
1670 2277 1741 2308 uolt
1764 2278 1922 2320 indicare,
1950 2284 1981 2314 si

101 2327 249 2360 Plancio
272 2327 421 2358 edendus
446 2326 620 2369 quaesitor
635 2324 789 2368 fuisset:
824 2335 907 2366 opus
931 2329 1020 2362 erat,
1055 2330 1093 2354 ut
1117 2324 1229 2355 Planci
1254 2337 1377 2356 nomen
1402 2326 1457 2356 uel
1482 2337 1671 2368 pronomen
1694 2329 1763 2361 eius
1786 2332 1978 2366 adderetur.

103 2379 206 2422 Quod
230 2379 291 2410 etsi
319 2378 567 2420 quodammodo
592 2390 634 2409 ex
658 2377 931 2408 antecedentibus
954 2376 1106 2419 suppleri
1130 2377 1258 2419 potuit,
1283 2378 1397 2419 negari
1424 2385 1536 2409 tamen
1560 2392 1628 2412 non
1650 2388 1772 2424 potest,
1798 2387 1919 2428 aptius,
1943 2393 1981 2419 ut

102 2432 211 2464 omnis
235 2431 433 2474 ambiguitas
456 2438 711 2469 remoueretur,
746 2441 835 2461 nunc
859 2430 969 2461 denuo
993 2429 1185 2472 adpositum
1209 2441 1289 2461 esse.
1335 2431 1510 2462 Praeterea
1540 2432 1762 2476 interpretem
1786 2438 1980 2471 credibilius
