2264 2746
259 82 323 111 Lx
929 74 1459 104 PROLEGOMENA.

261 159 361 188 minus
382 156 556 192 ferendum,
577 165 689 183 nouam
703 152 881 182 sententiam
896 150 1040 179 inchoare
1062 161 1159 189 posse,
1181 152 1224 180 sic
1246 157 1366 181 tantum
1388 157 1473 191 patet
1494 152 1543 182 hic
1565 160 1592 182 te
1613 153 1690 182 ferri
1707 163 1802 192 posse,
1822 153 1847 182 si
1868 149 2132 193 ὄρθοτοῃοὺμενον

261 211 312 238 sit.
350 207 448 245 Atqui
467 205 641 235 istiusmodi
662 211 831 242 pronomen
851 211 868 229 a
887 202 1039 229 sententia
1058 201 1152 230 11111115
1171 202 1234 230 1001
1254 202 1505 240 11110111551111111111,
1534 203 1567 232 111
1587 214 1647 242 (1110
1669 214 1737 232 011111
1757 209 1844 242 pater
1863 204 1936 233 filiis
1957 205 2019 233 suis
2039 215 2132 244 prae-

261 262 351 295 cepta
371 255 422 283 det
441 264 554 292 cosque
574 252 611 280 ad
630 252 766 279 laborem
787 253 818 276 et
837 248 874 276 ad
894 248 1014 276 laudem
1035 250 1167 285 excitet,
1202 259 1301 288 neque
1327 249 1365 278 ad
1384 261 1478 279 unum
1498 251 1702 289 potissumum
1723 246 1898 280 orationem'
1922 257 2024 290 potest
2054 263 2131 281 con-

262 310 402 338 uertere,
422 311 538 339 neque,
564 299 646 337 qued
665 301 883 332 maxumumst,
913 306 1007 324 unum
1034 296 1123 326 illum
1151 298 1195 326 sic
1225 297 1421 335 conpellare,
1449 308 1483 326 ac
1509 299 1535 328 si
1563 298 1595 327 id
1621 299 1721 338 ipsum
1742 299 1850 334 saciat,
1885 298 1967 337 quod
1986 309 2047 327 non
2067 309 2134 328 esse

261 351 438 382 faciundum
472 349 504 375 iu
540 347 718 374 uniuersum
753 349 871 372 tautum
905 343 1024 372 moneri
1057 351 1189 382 poterat.
1242 346 1314 374 Huc
1347 345 1483 382 accedit,
1524 346 1606 384 quod
1642 353 1672 375 te
1704 357 1877 386 pronomen
1911 345 1944 374 iu
1977 346 2134 375 Sestianae

912 403 1001 430 quam
1035 402 1075 420 ex
1109 393 1233 431 egregio
1267 391 1375 420 codice
1401 397 1500 420 ortam
1527 393 1654 430 scimus,
1681 396 1734 433 qui
1754 404 1844 433 saepe
1871 394 2008 432 reliquos
2035 394 2135 422 omnis

262 444 448 486 praestantia
468 443 638 470 lectionum
666 445 806 478 superat,
832 439 964 475 omittit,
999 439 1032 467 111
1062 438 1122 468 1100
1149 446 1250 469 autem
1276 439 1458 468 Plancianae
1479 440 1548 469 loco
1568 451 1658 470 nemo
1679 452 1786 471 corum
1807 441 1949 469 codicum
1969 441 2137 479 adgnoscit,

263 495 316 533 qui
345 493 509 529 diligenter
535 488 671 516 consulti
696 492 767 515 sunt
795 492 827 515 et
853 487 891 515 ad
911 487 1129 515 emendandam
1150 487 1240 515 Tulli
1267 497 1390 515 manum
1416 487 1534 525 aliquid
1560 489 1708 517 momenti
1728 489 1851 517 habent.
1890 489 2138 527 Itaq11cy¹11llum

261 542 404 570 relictum
426 536 587 565 dubitandi
606 535 709 563 locum
726 534 879 570 arbitror,
899 535 973 573 quin
994 533 1071 562 haec
1091 534 1188 563 suerit
1206 534 1276 563 Atti
1296 534 1458 574 scriptura,
1478 545 1568 573 quam
1587 541 1619 564 ct
1638 537 1805 566 uerborum
1825 536 1980 565 sententia
1999 541 2030 565 et
2050 536 2139 565 codi-

264 599 332 617 cum
352 584 517 615 auctoritas
538 588 659 612 tuetur:

263 398 412 428 orationis
438 397 505 423 loco
534 393 628 421 editio
655 392 864 430 Heruagiana,

426 664 484 717 sd,
504 682 586 721 quod
603 683 694 710 7111ιῖίὶ
713 681 878 709 ιἠιιίιῖεαηι
897 681 1048 717 multique
1068 680 1231 718 ‹fxpetant,
1251 683 1408 712 imcitiast

426 732 610 763 Pacullam,
630 731 659 758 si
677 729 813 757 laborem
831 729 951 757 stimma
971 740 1041 757 cum
1060 740 1138 757 eura
1154 729 1278 767 e'cseras

429 779 573 807 Nullum.

341 850 499 880 Continuo
520 850 593 878 illut
611 854 697 888 patet
716 859 790 877 uere
810 859 826 876 a
845 848 973 877 Nobbio
993 849 1145 878 monitum
1166 860 1240 885 esse,
1260 857 1306 879 set
1325 851 1518 890 particulam,
1538 851 1571 881 in
1592 852 1733 881 oratione
1757 850 1896 879 Sestiana
1913 855 1984 879 ante
2003 850 2040 878 id
2055 849 2144 889 posi-

266 907 343 935 tam,
371 898 527 933 Tullium,
554 907 617 925 non
636 896 758 925 Attium
778 896 935 924 adiecisse.
974 896 1086 935 Neque
1105 908 1181 926 uero
1210 898 1242 926 id
1262 908 1301 926 cx
1321 909 1357 927 eo
1377 900 1476 928 solum
1496 900 1705 938 intellegitur,
1734 898 1817 938 quod
1835 903 1968 927 metrum
1987 908 2023 926 ea
2041 897 2144 926 addita

266 946 496 987 pessumdatur,
524 950 570 973 set
590 944 681 973 etiam
701 944 792 980 inde,
820 944 902 982 quod
922 944 955 971 in
975 945 1116 973 oratione
1135 946 1316 982 Planciaua,
1348 947 1403 974 ubi
1423 948 1509 976 nulla
1529 953 1593 976 erat
1613 958 1733 983 caussa,
1767 956 1821 974 cur
1840 946 1911 974 Atti
1930 946 2026 975 uerba
2044 950 2147 974 muta·—

266 1000 391 1029 rentur,
425 1003 488 1020 non
507 999 551 1021 ,cet
571 996 641 1020 ante
666 992 702 1019 id
724 992 826 1030 posita
853 996 946 1019 extat.
986 991 1092 1030 Itaque
1113 997 1198 1021 certo
1219 994 1334 1022 certius
1356 999 1418 1029 cst,
1448 995 1556 1024 eodem
1575 995 1685 1031 modo,
1712 1005 1772 1033 quo
1792 994 1826 1022 in
1847 994 1988 1023 oratione
2008 994 2148 1023 Sestiana

266 1049 312 1071 set
338 1040 521 1080 particulam
540 1039 610 1068 Atti
637 1039 742 1067 uerbis
771 1039 896 1067 Tullius
924 1039 1122 1076 praefixerit,
1149 1041 1181 1069 in
1210 1043 1351 1070 oratione
1378 1042 1542 1070 Planciaua
1568 1053 1669 1070 nonne
1695 1042 1907 1080 praepositum
1933 1051 2007 1070 esse.
2045 1041 2149 1077 Addo,

267 1088 389 1118 etiamsi
409 1093 509 1116 metro
530 1087 662 1116 adiectio
684 1097 783 1114 nonne
803 1085 974 1124 particulae
993 1096 1058 1114 non
1078 1088 1310 1125 adumsaretur,
1339 1094 1441 1117 tamen
1460 1101 1476 1117 a
1496 1100 1587 1118 sensu
1606 1090 1774 1118 uerborum
1794 1089 1864 1117 Atti
1885 1099 1950 1117 eam
1970 1089 2149 1124 abhorrere,

267 1149 336 1166 cum
361 1137 501 1175 ineptum
529 1135 586 1170 sit,
613 1139 749 1173 patrem,
777 1133 829 1171 qui
855 1132 929 1161 filiis
949 1140 1113 1173 praecepta
1140 1135 1206 1172 det,
1235 1136 1411 1165 istiusmodi
1432 1137 1633 1173 sententiam,
1655 1137 1752 1175 qualis
1774 1141 1819 1164 cst
1839 1146 1916 1174 quae
1935 1137 2040 1165 uerbis
2059 1137 2096 1165 id
2110 1151 2149 1158 ··—

268 1186 389 1214 unllam
409 1183 606 1218 continetur,
626 1182 869 1218 interrogantem
889 1180 1004 1219 eloqui.
1045 1182 1132 1218 Quae
1153 1193 1222 1211 cum
1242 1184 1285 1211 ita
1305 1184 1383 1220 sint,
1404 1190 1435 1212 ct
1454 1185 1625 1213 uerissume
1646 1184 1801 1212 Orcllium
1821 1183 1990 1212 coniecisse
2009 1183 2150 1212 IVonge?

268 1233 305 1261 id
322 1231 404 1270 quod
422 1235 479 1258 etc.
499 1239 600 1267 neque
620 1229 788 1257 uerborum
807 1228 1097 1266 transpositionem,
1133 1241 1221 1269 quam
1250 1231 1424 1260 faciundam
1443 1232 1507 1260 uiri
1528 1232 1612 1260 docti
1632 1236 1798 1270 putarunt,
1830 1231 1953 1259 admitti
1973 1230 2038 1260 ullo
2058 1235 2149 1270 pacto

269 1289 376 1318 posse,
405 1278 475 1306 lucc
501 1276 671 1304 meridiana
697 1276 809 1304 clarius
831 1280 886 1303 est.
925 1275 1006 1305 Nam
1034 1288 1134 1316 neque
1153 1279 1293 1307 Nonne?
1328 1285 1399 1318 post
1419 1280 1505 1308 bonis
1526 1279 1651 1308 interici
1671 1290 1687 1307 a
1708 1278 1816 1307 Tullio
1835 1278 1955 1317 potuit,
1991 1287 2092 1316 neque
2112 1287 2152 1306 ex

271 1327 413 1355 codicum
435 1324 605 1363 scriptura,
632 1334 732 1352 nonne
753 1324 788 1352 icl
806 1323 890 1361 quod
907 1327 965 1352 ete.
985 1324 1044 1352 alia
1064 1326 1127 1353 111111
1147 1326 1271 1354 facilior
1295 1327 1530 1365 probabiliorue
1557 1327 1730 1355 emendatio
1758 1325 1825 1355 erui
1852 1330 1964 1364 potest.
2002 1324 2151 1364 Aptissu-

271 1385 354 1403 nnun
374 1373 466 1402 etiam
494 1382 617 1400 sensum
642 1372 791 1410 praebere
811 1371 1038 1401 correctionem
1057 1373 1160 1409 illam,
1194 1374 1227 1401 in
1253 1374 1473 1402 commentario
1502 1374 1752 1403 demonstratum.
1793 1374 1870 1401 Tam
1890 1373 2030 1411 ineptum
2050 1377 2153 1401 autem

272 1422 427 1450 neminem
447 1421 515 1449 sore
535 1425 629 1459 puto,
650 1418 702 1457 qui
721 1419 846 1447 nonne?
866 1418 902 1446 ab
922 1418 1096 1459 interprete
1117 1422 1270 1450 adiectum
1291 1422 1381 1451 dicat.
1421 1422 1471 1450 Ex
1500 1432 1559 1459 qua
1577 1432 1612 1450 re
1639 1422 1712 1450 illut
1740 1422 1831 1450 simul
1852 1420 1997 1457 efficitur,
2025 1429 2154 1457 magno·—

272 1480 347 1509 pcre
368 1478 473 1497 errare
495 1468 666 1503 Orellium,
694 1466 746 1505 qui
767 1466 950 1502 lectionem,
978 1477 1067 1505 quam
1086 1470 1218 1507 praebet
1236 1470 1350 1507 Angeli
1371 1469 1467 1497 editio
1488 1469 1627 1505 Iuntina,
1647 1469 1679 1497 iu
1700 1480 1758 1508 qua
1777 1469 1873 1497 uerba
1892 1479 1992 1496 nonne
2010 1482 2048 1487 —
2067 1468 2154 1495 ιἠιιὶ-

274 1519 369 1547 deant
390 1517 499 1545 omissa
519 1520 606 1550 sunt,
626 1525 665 1543 ex
685 1515 811 1552 antiquo
833 1514 940 1542 codice
960 1514 1099 1545 haustam
1120 1527 1186 1544 0550
1207 1517 1361 1555 opinatur.
1402 1516 1537 1545 Omnino
1559 1516 1641 1544 enim
1661 1522 1798 1553 certum,
1817 1515 1983 1553 Angelium
2002 1524 2066 1542 non
2085 1513 2154 1542 aliis

276 1565 337 1592 11151
358 1564 493 1592 familiae
514 1562 625 1591 tertiae
645 1562 803 1590 codicibus
824 1573 911 1590 usum
932 1573 1013 1598 csse,
1042 1574 1104 1592 non
1125 1575 1193 1593 raro
1214 1570 1316 1593 autem
1344 1575 1383 1593 ex
1409 1565 1569 1593 hominum
1597 1563 1757 1593 doctorum
1784 1562 1973 1592 coniecturis
1993 1561 2154 1591 Ciceronis

276 1613 371 1640 uerba
391 1611 572 1640 correxisse.
593 1609 629 1638 Id
648 1609 700 1637 hic
721 1620 842 1648 quoque
862 1611 976 1639 factum
996 1620 1070 1646 esse,
1091 1612 1141 1639 uel
1163 1622 1201 1640 ex
1216 1623 1252 1640 00
1272 1618 1367 1651 patet,
1387 1613 1469 1651 quod
1492 1612 1595 1647 uerba,
1616 1622 1693 1650 quae
1712 1611 1873 1640 manifesto
1890 1609 2052 1639 Ciceronis
2071 1613 2154 1644 sunt,

279 1659 402 1687 noune?
428 1658 531 1686 eiecit.
570 1657 678 1694 Itaque
698 1657 846 1685 editionis
866 1657 952 1686 illius
972 1668 1012 1686 110
1033 1669 1067 1687 011
1087 1659 1211 1698 (1111(10111
1231 1660 1397 1688 auctoritas
1418 1665 1481 1695 est,
1508 1670 1584 1697 quae
1603 1660 1696 1687 unius
1717 1670 1756 1687 cx
1775 1660 1845 1688 sam.
1866 1658 1976 1686 tertiae
1996 1657 2154 1685 codicibus

279 1707 352 1733 libri
373 1711 434 1741 est,
455 1716 544 1744 quam
564 1704 681 1732 nullam
702 1715 766 1732 esse
786 1716 878 1744 supra
898 1710 986 1734 extra
1006 1717 1127 1734 omnem
1149 1707 1391 1736 controuersiam
1410 1707 1579 1745 posuimus.
1619 1707 1833 1735 Nihilominus
1853 1710 1982 1744 propter
2002 1714 2061 1740 cas,
2081 1715 2154 1743 quas

282 1753 372 1791 paulo
393 1759 462 1781 ante
484 1752 632 1791 exposui,
653 1761 771 1780 caussas
793 1752 913 1781 Orellio
935 1753 1109 1790 adsentior,
1135 1756 1231 1783 uerba
1257 1756 1292 1783 id
1309 1755 1392 1794 quod
1415 1756 1507 1783 mulli
1525 1755 1689 1782 innidecmc
1710 1755 1746 1782 ab
1766 1754 1938 1792 interprete
1957 1752 2076 1781 adiecta
2094 1757 2157 1781 sta-

282 1800 392 1827 tuenti.
431 1801 533 1828 l'robo
554 1800 647 1828 etiam
666 1800 774 1836 unice,
802 1800 885 1838 quod
905 1803 986 1828 nosti
1012 1807 1114 1829 cetera
1141 1802 1283 1841 scripsit,
1311 1813 1489 1840 quamquam
1519 1803 1620 1830 denuo
1641 1803 1776 1837 fallitur,
1804 1801 1885 1839 quod
1904 1800 2070 1838 Angelium
2090 1810 2157 1828 eam

284 1847 466 1885 scripturam
487 1858 525 1875 ex
545 1847 651 1875 codice
671 1848 801 1886 quodam
822 1847 1048 1887 deprompsisse
1067 1854 1164 1887 putat.
1202 1850 1261 1878 Est
1280 1860 1314 1878 ea
1334 1849 1395 1877 uiri
1416 1850 1499 1878 docti
1529 1850 1722 1886 coniectura,
1751 1860 1768 1877 a
1786 1850 1879 1879 Petro
1899 1848 2043 1877 Uictorio
2065 1848 2158 1876 etiam

284 1894 414 1932 margini
435 1895 580 1923 editionis
600 1894 734 1923 Aldinae
753 1895 923 1934 adscripta,
951 1906 1039 1933 quam
1067 1901 1168 1924 tamen
1194 1897 1396 1926 uerissumam
1424 1897 1546 1934 iudico,
1576 1908 1644 1926 cum
1665 1898 1847 1926 Ciceronem
1875 1906 1943 1924 cum
1963 1896 2029 1923 solo
2051 1895 2157 1924 Cassio

286 1942 338 1969 1110
360 1942 507 1979 conloqui
531 1947 670 1980 apertum
690 1942 738 1971 sit.
776 1943 922 1981 Denique
941 1943 1023 1971 idem
1051 1954 1120 1972 cum
1147 1945 1216 1973 aliis
1243 1945 1348 1973 multis
1368 1950 1452 1973 recte
1479 1945 1578 1981 uidit,
1611 1955 1672 1974 non
1693 1944 1831 1983 potuisse
1851 1954 1868 1972 a
1888 1943 1996 1971 Tullio
2016 1942 2064 1970 bis
2084 1952 2160 1970 uer-

286 1991 359 2018 bum
380 1991 502 2026 scripsi!
524 1991 614 2027 poniy
643 1990 674 2017 id
695 1990 777 2028 quod
797 1990 890 2028 magis
911 1991 1003 2019 etiam
1023 1991 1055 2019 iu
1077 1992 1183 2020 oculos
1204 1993 1357 2029 incurrit,
1385 1993 1439 2021 ubi
1460 2003 1538 2031 quae
1558 1993 1591 2021 in
1611 1999 1638 2021 el
1657 1992 1750 2027 haee,
1779 1991 1831 2030 qui
1851 2001 1956 2019 sensus
1977 1995 2022 2018 cst
2040 2000 2160 2030 prono-

288 2037 379 2065 minis
400 2036 541 2071 relatiui,
562 2037 702 2064 solueris.
742 2039 888 2067 Ceterum
907 2049 970 2066 non
991 2043 1037 2066 est
1057 2039 1199 2075 dubium,
1220 2041 1311 2078 quin,
1332 2051 1408 2078 quac
1427 2050 1476 2069 res
1496 2040 1650 2079 plurium,
1679 2049 1755 2078 quae
1774 2039 1807 2067 in
1827 2038 1906 2067 1111110
1925 2039 2022 2077 ipsam
2042 2038 2161 2066 oratio—

288 2095 359 2113 nem
378 2095 395 2112 a
414 2085 551 2112 librariis
572 2084 712 2112 omnibus
733 2091 878 2124 receptae
904 2091 992 2123 suut,
1027 2087 1194 2125 glossarum
1218 2088 1288 2116 sons
1315 2088 1438 2124 extitit,
1470 2088 1545 2117 falsa
1570 2087 1782 2126 interpunctio
1809 2086 1936 2122 fecerit,
1968 2091 2004 2115 ut
2029 2086 2160 2114 alterum

289 2134 414 2170 scripsit
435 2132 471 2159 ab
492 2132 664 2170 interprete
683 2132 854 2161 adderetur.
895 2134 1077 2163 Coniunctis
1099 2136 1181 2164 enim
1208 2141 1291 2164 arcte
1317 2135 1422 2164 uerbis
1449 2146 1528 2174 qaae
1552 2136 1678 2172 scripsit
1695 2150 1734 2155 —-
1756 2140 1850 2172 poeta
1878 2144 1947 2162 cum
1974 2133 2162 2162 miteccden-

290 2180 391 2215 tibus,
419 2184 450 2207 et
469 2179 584 2206 maiore
604 2179 780 2208 interductu
800 2186 871 2219 post
890 2191 1003 2210 nomen
1018 2189 1128 2220 poetae
1147 2183 1269 2222 posito,
1299 2183 1459 2222 sequentia
1477 2193 1539 2211 non
1565 2187 1599 2210 ut
1618 2182 1689 2211 illos
1709 2187 1766 2210 ete.
1794 2181 1966 2210 necessario
1993 2180 2162 2220 interpreti

291 2237 396 2255 manca
416 2226 568 2254 debebant
587 2226 696 2254 uideri.

366 2289 553 2328 Progredior
573 2289 610 2317 ad
631 2289 761 2319 alterum
780 2291 899 2328 locum,
931 2304 1021 2332 quem
1040 2294 1099 2323 etsi
1119 2293 1272 2322 difficilest
1292 2294 1484 2333 conprobare
1503 2293 1540 2322 ab
1560 2292 1733 2331 interprete
1752 2292 1928 2331 profectum
1947 2301 2031 2328 esse,
2058 2296 2161 2320 tamen

294 2347 348 2375 ego
369 2337 515 2365 iniuriam
537 2337 642 2365 Tullio
663 2338 764 2366 facere
784 2340 955 2377 contendo,
989 2342 1043 2380 qui
1072 2350 1141 2370 eum
1167 2352 1206 2370 ex
1231 2342 1310 2370 tanti
1338 2341 1469 2370 oratoris
1497 2351 1551 2369 ore
1581 2341 1702 2369 uenisse
1722 2340 1812 2369 dicat.
1852 2340 1922 2376 Quo
1943 2340 2035 2379 magis
2054 2339 2161 2374 miror,

295 2385 449 2413 nemiuem
469 2384 624 2414 editorum
644 2391 714 2415 ante
734 2397 782 2414 1110
803 2396 839 2415 00
860 2387 929 2416 loco
951 2389 1098 2418 offensum
1117 2400 1191 2419 esse.
1230 2390 1387 2429 Scriptum
1406 2389 1501 2428 igitur
1519 2388 1633 2427 legitur
1653 2388 1686 2417 C.
1705 2387 1798 2417 XVI.
1817 2386 1846 2428 §.
1865 2388 1927 2417 l2io.:
