2264 2746
255 96 310 124 230
898 83 1474 116 COMMENTARIUS.

256 163 435 208 interpreti
456 163 526 204 illi,
550 162 608 205 qui
630 160 752 192 multas
775 157 854 190 huic
876 158 1021 190 orationi
1044 158 1284 201 explicationes
1307 157 1485 201 adscripsit
1506 157 1584 190 satis
1607 158 1756 202 ineptas,
1781 160 1907 193 deberi.
1950 163 2123 205 Frequens

259 224 372 249 autem
393 215 552 258 loquendi
574 224 678 255 genus
701 217 769 250 est,
794 211 892 252 talis,
916 212 1041 255 qualis,
1065 212 1094 243 is
1115 212 1151 243 in
1173 211 1321 254 aliquem
1337 210 1428 255 fait.
1474 211 1545 243 Cfr.
1569 211 1612 242 II.
1635 211 1671 242 in
1694 214 1796 246 Uerr.
1816 215 1859 253 II,
1882 215 1932 254 68,
1956 214 2025 246 164.
2047 215 2125 247 Hoc

257 271 363 303 etiam
385 270 523 301 addidit
543 269 603 305 —,‘
640 272 679 297 ut
702 277 763 297 uos
787 276 963 307 rogarem,
997 269 1037 296 ut
1059 265 1290 297 coniecturam
1304 263 1475 307 faceretis
1483 288 1493 302 ,
1529 265 1665 308 qualem
1688 267 1724 298 in
1749 268 1803 299 his
1827 268 1927 300 rebus
1950 267 1987 298 in
2008 279 2060 300 me
2081 268 2126 301 L.

258 323 439 356 stletellum
457 320 575 364 fuisse
597 319 785 362 putaretis.
820 329 883 360 pro
907 317 1021 349 Deiot.
1049 318 1086 349 C.
1111 318 1192 350 VII.
1223 318 1253 358 §.
1283 329 1330 359 19.
1366 317 1443 357 Quo
1473 318 1509 349 in
1532 318 1604 349 loco
1626 319 1834 353 Deiotarum
1863 321 1967 352 talem
1988 331 2074 363 erga
2095 326 2128 353 te

258 373 468 418 coguouisti,
509 372 622 415 qualis
653 384 713 403 rex
734 371 879 404 Attalus
913 371 949 402 itz
979 371 1022 403 P.
1046 369 1259 414 Africanum
1278 370 1369 414 ficit.
1413 370 1457 401 II.
1486 369 1522 401 in
1545 371 1643 403 Uerr.
1667 372 1699 410 I,
1728 374 1781 412 15,
1808 374 1859 405 41.
1891 374 2017 416 Itaque
2038 372 2128 403 idem

259 429 323 460 iste
343 444 384 450 —-
405 426 496 456 idem
518 424 555 455 in
578 423 637 456 Cn.
659 423 901 462 Dolabellam,
939 424 999 467 qui
1022 424 1058 455 in
1082 423 1141 455 Cn.
1162 423 1349 455 Carbonem
1367 422 1460 467 fuit.
1502 423 1600 455 XIII.
1625 424 1713 456 Phil.
1737 426 1774 467 8,
1802 439 1850 469 17.
1883 427 2029 468 Qualem
2051 436 2129 456 eum

259 482 295 512 ia
317 492 376 512 nos
399 490 469 510 esse
492 477 626 516 uoluit,
657 477 739 508 talis
763 477 835 520 ipse
858 477 894 508 in
918 482 1044 508 ceteros
1067 476 1195 508 extitit.

341 542 384 573 Iti
408 541 559 572 aliorum
580 541 744 584 uigiliam
766 540 955 580 consulum)
1001 539 1055 570 Sic
1078 537 1209 581 optumi
1232 538 1452 581 plurumique
1474 538 1604 570 codices
1631 539 1772 579 habent3
1796 541 1894 583 pauci
1916 552 1978 572 nec
2001 541 2027 572 ii
2049 540 2131 572 boni

257 606 318 637 pro
341 594 506 636 uigiliam
528 593 675 624 scribunt
701 594 873 638 iugulum.
917 591 1214 632 „praeferendum
1235 603 1305 623 esse
1331 592 1511 636 iugulum,
1551 603 1652 623 nemo
1685 593 1742 634 qui
1773 593 1963 625 adtenderit
1985 594 2129 636 negabit.

257 646 436 687 Quomodo
459 646 524 676 tela
546 645 701 677 recidunt
723 647 758 677 111
777 646 953 688 uigiliam?
998 645 1038 675 In
1061 644 1216 686 iugulum
1238 645 1297 675 illa
1319 645 1483 676 recidunt.
1527 644 1645 686 Itaque
1668 657 1743 677 cum
1759 647 1925 686 Mauufio,
1948 646 2129 686 Lambino‚

256 699 398 741 aliisque
429 700 593 742 iugulmn
621 698 759 730 retinui.
769 702 789 717 ‘⁶
826 699 1033 730 Gmmqrs.
1077 697 1163 728 Sane
1185 698 1353 741 uigiliam
1374 709 1444 728 non
1466 697 1553 739 sapit
1576 698 1794 739 glossatorem
1816 705 1874 730 aut
1896 705 2130 731 correctorem.

256 752 429 783 Sententia
452 758 541 784 erat:
566 753 635 784 tela
659 753 695 784 in
718 752 806 784 alios
829 751 983 783 consules
1007 751 1249 790 reccidz'ssent3
1272 750 1390 782 addere
1414 750 1605 782 consulibus
1627 751 1755 793 aliquid
1779 752 1925 783 nolebat.
1971 753 2058 783 Sane
2080 751 2132 783 ia*-

256 804 433 835 cillumum
458 811 544 844 erat,
571 805 745 847 iugulum,
772 805 936 843 ceruices,
968 803 1076 846 capita
1100 803 1221 834 dicere.
1269 804 1325 834 Set
1348 803 1374 834 si
1397 803 1510 835 minus
1533 804 1670 836 uolebat
1693 804 1820 836 dicere:
1851 815 1974 847 nempe
1996 805 2132 847 pericu-

255 857 329 888 lum
353 856 490 898 eiusque
513 858 682 889 auertendi
713 869 827 889 curam
850 857 886 888 in
912 868 966 888 eos
990 868 1129 888 uersum
1152 857 1214 895 iri,
1249 857 1419 898 eleganter
1439 868 1518 887 sane
1540 857 1668 888 dicebat
1693 859 1729 890 itz
1753 859 1932 889 consulum
1954 859 2131 901 uigiliam.

257 910 390 940 Interea
413 909 601 941 faciliorem
623 911 802 942 lectionem
825 916 956 942 secutus
981 922 1067 942 sum.
1094 911 1319 941 ERNESTH'S.
1372 910 1544 953 Uigiliczm
1565 922 1633 941 non
1657 910 1866 954 dampnasset
1892 911 2075 950 Graeuius,
2105 911 2133 942 si

258 973 331 992 rem
366 961 604 994 considerasset
633 963 807 994 adtentius.
854 964 933 995 Non
961 961 1000 992 de
1028 963 1224 994 hominibus
1256 963 1311 994 hic
1334 975 1444 995 sermo
1473 964 1583 994 solum
1607 970 1674 1004 est,
1707 975 1827 995 uerum
1859 964 1959 995 etiam
1982 963 2021 996 de
2044 970 2134 995 tem-

259 1025 360 1057 poreg
397 1021 446 1045 est
468 1022 579 1046 autem
602 1017 732 1059 uigilia
754 1022 824 1046 tum
850 1015 1029 1046 hominum
1052 1016 1207 1058 propria,
1238 1022 1310 1047 tum
1332 1016 1504 1058 temporis.
1550 1017 1636 1048 Tela
1660 1028 1729 1048 non
1752 1017 1787 1048 111
1810 1017 1893 1048 alios
1916 1023 2046 1048 tantum
2069 1017 2135 1049 ho-

259 1067 367 1098 mines
389 1068 617 1108 reccidissent,
657 1075 707 1099 set
730 1068 808 1110 quia
833 1075 1037 1111 exprompta
1068 1075 1099 1100 et
1123 1069 1242 1099 emissa
1264 1068 1407 1099 fuissent
1429 1069 1494 1099 alio
1518 1075 1688 1112 tempore,
1724 1069 1848 1100 idcirco
1872 1069 1955 1101 alios
1978 1070 2134 1102 homines

260 1119 490 1152 offendissent.
537 1122 606 1152 Cur
628 1121 739 1162 itaque
759 1126 888 1151 mutata
910 1121 1087 1152 consulum
1113 1121 1230 1163 uigilia
1253 1128 1284 1152 et
1306 1133 1324 1152 a
1347 1122 1511 1153 Cicerone
1533 1122 1606 1153 aliis
1632 1122 1773 1161 tradita,
1807 1122 1864 1163 qui
1888 1122 1919 1153 ei
1942 1129 2037 1154 erant
2058 1134 2136 1155 suo-

260 1173 394 1212 cessuri,
419 1185 489 1204 11011
511 1179 601 1204 recte
624 1173 877 1204 coniuratorum
898 1170 965 1203 tel'a
991 1172 1144 1205 dicentur
1166 1180 1305 1216 propter
1329 1174 1525 1206 dilationem
1548 1175 1712 1217 temporis
1736 1175 1772 1206 in
1795 1175 1947 1206 aliorum
1969 1176 2135 1218 uigiliam

261 1226 440 1258 consulam
464 1227 644 1257 recasura?
691 1225 777 1267 Quis
808 1236 877 1256 non
900 1226 1011 1256 statim
1036 1226 1225 1268 intellegat,
1260 1225 1408 1256 telorum
1437 1226 1539 1257 iactus
1567 1233 1600 1257 et
1623 1227 1755 1257 caedem
1780 1226 1815 1257 111
1839 1227 1870 1257 id
1894 1233 2025 1271 tempus
2048 1229 2135 1260 inci-

258 1278 335 1308 dere
363 1277 534 1318 debuisse,
580 1290 646 1320 quo
677 1278 810 1309 Silanus
835 1284 864 1309 et
888 1278 1032 1309 Murena
1061 1290 1143 1310 coss.
1167 1290 1239 1310 rem
1262 1290 1296 1321 p.
1321 1284 1415 1309 erant
1440 1278 1657 1320 gubernaturi
1685 1285 1717 1309 et
1741 1279 1777 1309 in
1802 1279 1893 1310 urbis
1916 1280 2033 1322 uigilia
2057 1289 2136 1324 post

259 1330 457 1362 Ciceronem
486 1331 617 1363 futuri?
662 1332 716 1363 De
746 1331 805 1362 illa
834 1330 1064 1362 coniuratione
1093 1333 1233 1375 exponit
1256 1342 1318 1374 pro
1342 1331 1434 1362 111111.
1466 1342 1493 1361 c.
1518 1332 1587 1373 59„
1630 1330 1671 1361 de
1693 1330 1774 1373 ipsis
1798 1331 1980 1363 coniuratis
2009 1333 2134 1366 ibidem

259 1394 286 1413 c.
309 1383 359 1414 5..
406 1384 501 1425 Quin
530 1385 634 1416 immo
667 1383 869 1426 exquisitior
894 1395 968 1414 mea
991 1385 1152 1416 sententia
1176 1392 1206 1416 et
1229 1385 1270 1416 ad
1296 1383 1454 1414 orationis
1479 1389 1634 1414 ornatum
1656 1382 1834 1415 inlustrior
1857 1390 1907 1415 est
1931 1385 1990 1416 illa
2012 1386 2136 1428 pluru-

258 1447 395 1467 morum
424 1437 516 1468 codd.
547 1437 658 1469 lectio.
704 1438 780 1469 Hoc
806 1449 825 1468 a
847 1449 884 1468 re
906 1437 1043 1468 militari
1074 1438 1243 1469 transtulit
1273 1438 1314 1468 ad
1344 1449 1379 1469 se
1403 1437 1548 1468 uerbum
1576 1447 1675 1479 saepe
1699 1436 1834 1469 Tullius
1863 1445 1896 1470 et
1924 1437 1966 1469 ad
1995 1445 2134 1479 ceteros,

260 1490 319 1531 qui
348 1501 499 1521 summae
528 1490 577 1522 rei
606 1502 640 1533 p.
671 1496 864 1532 praeerant,
901 1501 1042 1532 eamque
1077 1491 1217 1521 consilio
1247 1491 1418 1533 regebant.
1465 1490 1537 1522 Cfr.
1565 1490 1630 1522 XI.
1660 1489 1702 1521 ad
1724 1489 1806 1530 Diu.
1839 1491 1910 1531 24„
1943 1491 1970 1522 Ι.
1994 1491 2083 1526 Phil.
2106 1505 2135 1525 1.

261 1543 352 1583 VII,
379 1555 409 1584 7.
432 1544 518 1582 VH,
546 1555 612 1582 1ο.,
636 1543 672 1574 111
695 1543 761 1575 Pis.
786 1554 813 1574 c,
839 1554 887 1584 7..
934 1543 1195 1575 GARAToxms.

345 1607 375 1648 §.
400 1611 452 1642 91.
498 1607 596 1639 Nam
627 1608 719 1651 quod
749 1613 781 1638 te
805 1607 840 1638 in
865 1619 901 1639 re
918 1620 956 1651 p.
981 1607 1127 1640 liberum
1151 1621 1184 1640 es
1205 1606 1396 1651 gloriatus)
1440 1605 1528 1639 Uide
1558 1616 1643 1648 quae
1671 1605 1712 1637 de
1740 1606 1841 1638 huius
1873 1607 1939 1639 loci
1969 1609 2136 1653 scriptura

260 1659 392 1701 Proleg.
414 1659 458 1690 L.
481 1660 525 1691 Π.
553 1660 590 1692 C.
612 1660 638 1691 Ι.
667 1661 696 1701 §.
724 1670 771 1691 12.
794 1671 829 1702 p.
852 1660 1008 1692 XLVIII
1028 1673 1077 1702 sq.
1101 1661 1230 1692 monui.

348 1723 453 1763 Quod
473 1736 526 1756 me
547 1729 664 1756 autem
687 1723 837 1766 negasti)
881 1725 958 1755 Iure
981 1724 1174 1756 Laterensis
1199 1723 1356 1756 Ciceroni
1383 1722 1621 1765 exprobrauit,
1663 1723 1753 1765 quod
1774 1735 1843 1755 non
1870 1724 2015 1768 amplius
2042 1726 2078 1758 in
2097 1738 2135 1757 re

262 1775 398 1817 publica
427 1775 513 1808 liber
543 1783 637 1808 esset.
683 1777 759 1818 Ipse
783 1776 902 1808 Cicero
933 1777 1089 1809 amissam
1120 1777 1311 1808 libertatem
1338 1775 1557 1818 conqueritur
1581 1775 1617 1807 in
1640 1777 1729 1819 Epp.
1752 1776 1794 1807 ad
1819 1778 1862 1819 Q.
1886 1778 1930 1809 fr.
1952 1779 2019 1818 III,
2046 1782 2083 1818 1,
2105 1791 2135 1821 7.

263 1830 332 1867 ΙΙΙ,
355 1829 392 1868 5,
416 1829 464 1869 5.,
491 1829 549 1860 ubi
572 1829 660 1861 inter
681 1830 748 1860 alia
769 1830 851 1860 haec
872 1830 1001 1862 scribit:
1032 1842 1144 1874 angor
1166 1848 1207 1853 —
1229 1842 1342 1862 meum
1367 1842 1434 1862 non
1457 1831 1555 1861 modo
1577 1830 1751 1869 animum,
1783 1837 1834 1862 set
1856 1844 1897 1863 ne
1920 1832 2036 1863 odiam
2059 1833 2138 1875 qai-

266 1883 342 1914 cZem
365 1894 435 1914 esse
458 1882 614 1915 liberum.
659 1883 755 1923 Quae
782 1883 901 1914 eodem
923 1889 1001 1915 sunt
1025 1895 1112 1914 311110
1137 1883 1268 1926 scripta,
1297 1894 1363 1923 quo
1387 1882 1468 1913 haec
1490 1882 1635 1914 habitast
1659 1886 1776 1915 oratio.
1823 1884 1893 1916 Cfr.
1918 1884 2018 1915 etiam
2040 1884 2136 1916 Mar-

266 1935 511 1978 tyni-Laguna
541 1936 576 1966 in
595 1947 724 1978 argum.
751 1936 789 1967 ad
812 1937 838 1967 Ι.
861 1936 903 1967 ad
927 1937 1007 1968 Diu.
1035 1949 1100 1969 1ο..
1124 1955 1166 1960 -
1211 1937 1371 1968 Ceterum
1403 1948 1441 1967 eo
1472 1937 1612 1968 consilio
1635 1936 1829 1969 Laterensis
1854 1937 2007 1968 amissam
2030 1936 2136 1968 liber-

269 1992 369 2018 tatem
395 1988 550 2019 Ciceroni
573 1989 810 2031 exprobrauit,
845 1997 881 2021 ut
904 1990 1078 2032 indignum
1102 2001 1179 2020 enm
1204 1989 1409 2030 ostenderet,
1435 1990 1489 2021 cui
1512 1990 1636 2022 iudices
1659 1990 1831 2022 Plancium
1852 1994 1994 2032 propter
2014 1987 2136 2020 merita

268 2038 303 2069 111
326 2039 428 2081 ipsius
454 2041 594 2072 salutem
619 2041 866 2082 condonarent,
903 2055 980 2074 cum
1004 2043 1158 2074 libertate
1180 2042 1308 2085 perdita
1335 2043 1385 2074 rei
1407 2043 1562 2086 publicae
1589 2044 1734 2085 amplius
1758 2043 1850 2074 utilis
1873 2053 1943 2073 esse
1965 2052 2034 2073 non
2054 2052 2136 2084 pos-

267 2098 331 2131 set,
354 2092 494 2137 ideoque
515 2093 676 2125 beneficio
700 2095 740 2126 ab
763 2095 927 2128 iudicibus
950 2096 1063 2128 ornari
1086 2107 1154 2127 non
1176 2102 1373 2127 mereretur.

989 2195 1018 2229 C
1044 2194 1076 2229 A
1100 2195 1148 2230 P.
1198 2194 1413 2228 XXXVIII.

354 2272 457 2312 Quod
480 2284 545 2304 non
567 2274 608 2306 ab
632 2277 788 2310 omnihus
812 2278 958 2318 eisdem,
993 2291 1016 2310 a
1039 2277 1161 2322 quibus
1183 2283 1287 2309 antea
1311 2277 1435 2309 solitus
1457 2288 1534 2308 sum
1555 2275 1755 2314 dissentire,
1788 2273 2004 2317 dissentiam)
2046 2273 2134 2306 Cae-

268 2335 377 2355 sarem
398 2335 557 2356 maxume
586 2334 619 2358 et
643 2329 845 2372 Pompeium
867 2330 1066 2373 significari,
1107 2336 1227 2373 sponte
1258 2329 1474 2371 intellegitur.
1521 2327 1680 2359 Ceterum
1709 2327 1829 2358 callide
1853 2327 1971 2358 Cicero
2001 2326 2133 2358 dissen-

266 2377 397 2408 sionem
419 2383 548 2410 tantum
570 2379 658 2411 inter
679 2393 714 2412 se
737 2389 770 2413 et
791 2383 867 2414 illos
889 2382 991 2414 fuisse
1013 2383 1116 2423 dixit,
1153 2394 1231 2414 cum
1252 2394 1374 2414 uerum
1392 2381 1424 2412 si
1447 2380 1558 2412 dicere
1580 2380 1758 2419 uoluisset,
1792 2390 1987 2411 maxumam
2008 2378 2131 2412 simult-
