2264 2746
279 119 333 144 152
931 108 1500 139 COMMENTARIUS.

278 187 330 219 illi
360 187 491 219 nummi
519 187 645 219 fuerint
671 191 732 215 etc.
764 194 832 214 non
863 184 1037 222 ostendat,
1073 184 1224 215 minume
1247 195 1346 223 uero,
1388 183 1478 225 quod
1501 195 1570 215 non
1594 181 1690 214 facile
1713 189 1910 216 ostensurus
1933 184 1988 216 sit.
2031 185 2149 227 Itaque

278 251 392 272 sensus
415 241 470 272 hic
493 247 558 271 est:
591 239 718 269 crimen
741 237 818 268 illut
839 247 929 267 nunc
952 248 1020 267 11011
1043 236 1276 278 adgnoscitur‚
1308 236 1468 278 quoniam
1493 249 1562 268 non
1585 236 1748 275 ostendis,
1787 236 1843 277 qui
1867 242 1947 268 etc..
1992 237 2150 269 Ceterum

278 294 529 325 coniunctiuom
551 292 590 322 ab
614 290 749 322 indocto
774 289 911 321 librario
936 289 1011 327 illo,
1045 289 1102 330 qui
1125 289 1273 320 codicem
1297 289 1446 331 scripsit,
1477 301 1520 321 ex
1545 302 1610 331 quo
1635 289 1713 320 libri
1736 288 1884 320 familiae
1909 288 2025 319 tertiae
2047 290 2152 332 origi-

277 358 355 377 nem
387 347 572 381 duxerunt,
612 350 754 386 propter
777 342 975 373 antecedens
990 341 1134 385 fuerint
1162 343 1310 385 positum
1333 347 1429 384 puto.
1473 342 1681 373 Simillumas
1705 341 1912 383 corruptelas
1935 340 2027 372 idem
2048 341 2153 373 libra-

276 399 347 430 rius
371 398 523 440 pluribus
548 396 777 427 Ciceronianis
801 395 913 426 uerbis
938 395 1064 425 intulit.

361 451 519 482 Ecba-tas
541 450 588 480 ad
610 451 777 490 consules)
824 450 876 480 De
909 448 972 478 hoc
1002 447 1106 478 uerbo
1130 446 1200 477 uid.
1226 448 1322 478 Clau.
1348 447 1494 479 Ernesti.
1539 448 1589 480 Ita
1617 448 1717 491 plane
1746 447 1781 477 in
1804 445 1911 477 ueteri
1941 445 2049 477 edicto
2072 451 2155 487 aput

278 503 366 535 Gell.
392 503 454 541 M,
483 514 529 542 17.
553 503 592 533 Si
615 503 691 545 quis
715 514 831 534 eornm
853 501 900 532 ad
921 512 973 531 nze
995 500 1137 532 calm-tas
1151 499 1281 543 ficerit.
1305 500 1363 531 ubi
1387 501 1487 532 etiam
1509 512 1615 543 usque
1637 500 1678 531 ad
1702 498 1911 541 Stephanum
1935 498 2064 530 editum
2087 497 2154 530 fuit

275 566 453 598 perperam
477 555 659 587 adduc-tus.
696 556 956 586 GAitAToxn's.

359 607 428 639 Cur
450 620 516 639 non
540 609 613 640 eius
636 607 853 640 damnationi
876 605 1013 648 aliquid
1033 605 1081 636 ad
1100 605 1161 636 lzoc
1182 605 1350 637 iudicium
1367 606 1581 648 praeiudicii
1603 606 1824 649 compara-sti)
1839 605 1970 650 ——¹)
1996 604 2155 637 Probat

275 660 415 703 ipsum
439 661 738 692 aduersarium
766 658 1004 696 iudicasse,
1041 657 1152 688 nihil
1182 658 1353 688 omniuo
1386 658 1647 700 suspicionis
1672 669 1779 696 esse,
1817 658 1926 700 quod
1957 658 1997 689 in
2027 658 2155 689 Plan-

276 713 384 744 cium
415 719 566 756 posset
597 711 771 744 oboriri
802 723 850 742 ex
881 722 1061 753 persona
1092 710 1197 750 eius,
1233 711 1305 752 qui
1329 710 1499 742 diuisor
1531 710 1666 742 fuisse
1698 710 1917 749 uideatur,
1949 711 2154 753 quoniam

276 766 458 798 eundem
488 777 622 807 neque
652 777 766 797 reum
799 763 973 802 fecerit,
1016 775 1151 805 neque
1186 764 1317 795 ullam
1351 763 1424 794 uel
1453 770 1621 794 tenuem
1658 763 1964 805 probationem
1993 763 2154 794 habere

274 818 480 850 aduersus
511 830 604 849 eum
634 817 850 861 potuerit3
893 828 973 858 quo
1008 815 1206 846 damnato
1240 815 1328 846 sine
1353 815 1480 847 dubio
1504 822 1821 858 consequenter
1849 815 2076 847 uideretur
2107 815 2154 847 de

274 871 449 902 Plancio
487 872 856 914 praeiudicatum.
895 870 1057 901 SCHOLIA
1086 869 1295 901 UATICANA.
1353 868 1467 900 Habet
1496 869 1574 902 Uat.
1603 869 1708 900 uerba
1739 868 1834 899 Tulli
1867 869 1914 900 sic
1942 875 1981 900 ut
2008 879 2155 912 praepo-

274 935 328 955 5111
350 924 484 966 scripta.

361 977 419 1008 Set
442 989 548 1021 neque
575 984 613 1009 τιι
635 978 717 1009 haec
742 977 860 1015 habes,
893 989 1000 1019 neque
1023 976 1071 1007 eis
1094 972 1254 1016 confidis)
1298 974 1438 1006 Habere
1459 973 1531 1012 1116,
1573 979 1611 1004 ut
1632 973 1730 1011 alibi,
1769 974 1949 1017 diligenter
1971 973 2154 1015 cognitum,

275 1036 491 1071 perspectum
516 1031 658 1069 habere,
693 1041 790 1061 nosse
813 1028 985 1071 significat.
1032 1027 1102 1059 Cfr.
1128 1027 1197 1057 Cic.
1221 1026 1256 1057 in
1281 1028 1322 1057 L.
1352 1027 1417 1057 Pis.
1447 1038 1474 1056 c.
1500 1037 1550 1057 22.
1583 1027 1612 1067 ξ.
1637 1028 1687 1059 55.
1720 1028 1837 1060 Habes
1861 1027 2010 1058 reditum
2031 1037 2155 1058 meum.

275 1081 325 1113 Id.
352 1083 394 1113 ΙΙ.
418 1083 453 1114 111
478 1084 577 1115 Uerr.
601 1083 652 1121 V,
687 1095 741 1120 10,
773 1083 823 1113 25.
858 1081 1005 1113 Habetis
1029 1080 1176 1112 hominis
1201 1080 1363 1117 consilia,
1396 1079 1638 1122 diligentiam,
1672 1081 1916 1123 uigilantiam,
1951 1079 2154 1117 custodiam,

275 1134 573 1179 defensionemque
600 1135 812 1179 prouinciae.
855 1133 905 1164 Id.
937 1144 1000 1174 pro
1030 1132 1150 1162 Flacco
1181 1143 1207 1162 c.
1233 1143 1283 1163 21.
1316 1132 1345 1172 ἕ.
1368 1131 1420 1166 48.
1456 1131 1605 1164 Habetis
1633 1139 1665 1164 et
1690 1134 1900 1164 honestatem
1922 1131 2089 1169 hominis,
2121 1135 2154 1162 et

275 1189 517 1219 auctoritatem
548 1188 739 1225 testimoni,
783 1192 815 1218 et
846 1197 1003 1217 caussam
1034 1197 1164 1215 omnem
1193 1185 1394 1216 simultatis.
1447 1184 1496 1215 Id.
1526 1196 1590 1226 pro
1614 1185 1706 1226 Rege
1729 1185 1890 1216 Deiotaro
1922 1195 1948 1214 6.
1981 1195 2010 1224 7.
2040 1183 2070 1224 ἓ.
2101 1193 2153 1214 21.

275 1239 393 1271 Habes
417 1241 563 1272 crimina
589 1240 809 1271 insidiarum.
854 1239 970 1278 Itaque
1000 1248 1115 1268 sensus
1144 1242 1212 1267 est:
1248 1237 1305 1267 Set
1334 1248 1445 1278 neque
1476 1243 1513 1268 tu
1543 1236 1722 1279 diligenter
1751 1237 1883 1279 cognita
1913 1235 2030 1275 habes,
2069 1246 2154 1277 quae

276 1292 411 1323 Plancio
444 1292 562 1330 obicis,
597 1292 753 1329 crimina,
788 1301 897 1332 neque
928 1289 974 1320 eis
1005 1288 1107 1320 fidem
1134 1288 1309 1320 habituros
1340 1289 1466 1321 iudices
1491 1301 1561 1321 esse
1588 1296 1836 1333 proptereaque
1865 1288 2040 1320 Plancium
2071 1298 2155 1319 con-

277 1344 518 1387 dempnaturos
543 1356 612 1375 esse
635 1355 759 1386 speras.

363 1398 525 1430 Nimium
554 1398 702 1429 retinens
729 1396 896 1439 equestris
923 1396 1011 1426 iaris
1042 1400 1075 1426 et
1098 1393 1283 1434 libertatis)
1328 1394 1382 1425 De
1410 1394 1575 1425 sententia
1606 1394 1740 1434 confer,
1777 1405 1862 1436 quae
1892 1393 2010 1424 Cicero
2043 1404 2070 1424 e.
2103 1392 2152 1424 15.

277 1451 308 1491 ς.
332 1450 382 1481 55.
408 1450 506 1480 dixit.
551 1449 770 1491 Pau-ticipium
795 1449 944 1479 retinens
968 1459 1044 1478 cum
1067 1447 1217 1488 genitiuo
1241 1446 1394 1477 iunctum
1417 1447 1518 1478 etiam
1543 1458 1562 1477 a
1585 1447 1654 1478 Cic.
1678 1447 1743 1490 Ep.
1772 1446 1813 1477 ad
1838 1446 1881 1488 Q.
1908 1446 1964 1477 Fr.
1988 1446 2022 1486 I,
2052 1456 2090 1486 2,
2121 1446 2152 1478 3.

276 1503 341 1534 Sui
364 1504 452 1534 iuris
476 1503 730 1545 dignitatisque
754 1502 914 1532 retinens.

361 1556 470 1588 Multi
501 1556 605 1586 etiam
636 1566 816 1585 connzunes
849 1553 983 1584 inimici
1013 1564 1149 1584 reorum
1176 1552 1340 1594 omnium)
1385 1551 1573 1594 Significari
1601 1551 1653 1583 his
1683 1551 1795 1583 uerbis
1824 1551 1913 1594 ipsos
1942 1551 2019 1583 illos
2048 1550 2153 1593 testis,

277 1620 361 1651 quos
386 1608 578 1639 Laterensis
601 1606 828 1649 produxerat,
855 1617 897 1636 ex
921 1605 1018 1635 initio
1044 1606 1072 1646 ξ.
1097 1606 1148 1636 56.
1173 1605 1392 1646 intellegitur.

359 1662 504 1694 Animos
527 1661 680 1693 iudicum
706 1660 792 1700 [suis
816 1658 1049 1699 testimoniisD
1082 1658 1197 1690 Uerba
1219 1659 1291 1689 suis
1315 1658 1519 1690 testimoniis
1541 1669 1601 1689 cur
1624 1658 1717 1690 uncis
1740 1657 1947 1698 incluserim,
1969 1657 2005 1690 in
2019 1657 2151 1701 Proleg.

276 1716 318 1747 L.
341 1716 384 1746 II.
412 1716 447 1746 C.
470 1716 495 1746 I.
521 1715 551 1755 ξ.
575 1714 605 1745 8.
629 1725 662 1756 p.
686 1712 859 1744 XXXVI.
883 1711 1118 1753 expositumst.

360 1769 436 1800 Aac
464 1773 609 1810 gratum
626 1765 755 1809 populo
778 1766 934 1796 Romano
965 1763 1024 1805 sit)
1069 1762 1173 1804 Quasi
1206 1762 1346 1805 gratiam
1372 1763 1491 1806 populi
1515 1764 1662 1795 Romani
1692 1765 1756 1796 sibi
1786 1764 1984 1804 concilient,
2023 1769 2062 1795 ut
2092 1764 2150 1805 qui

277 1832 394 1852 seuere
422 1821 457 1851 in
488 1832 543 1851 eos
575 1819 699 1856 omnis,
739 1817 774 1847 in
803 1828 886 1858 quos
909 1815 1054 1846 ambitus
1082 1816 1240 1848 conmissi
1269 1817 1414 1859 suspicio
1445 1816 1555 1854 cadat,
1594 1817 1933 1849 animaduertendum
1954 1815 2149 1858 significent,

279 1885 418 1915 eamque
449 1873 490 1904 ob
515 1883 662 1902 caussam
691 1882 762 1902 sese
792 1870 831 1900 ab
855 1868 1045 1900 istiusmodi
1075 1869 1216 1899 crimine
1238 1869 1443 1911 longissume
1465 1881 1599 1913 semper
1619 1870 1771 1902 asuturos
1795 1882 1865 1902 esse
1887 1876 1986 1912 atque
2011 1869 2149 1901 omnino

279 1926 524 1968 iutegerrumos
548 1931 581 1956 et
600 1935 670 1955 esse
693 1930 726 1955 et
750 1923 823 1954 sore
849 1921 1037 1953 ostendant.

360 1985 434 2017 Aut
456 1984 498 2015 ab
514 1995 551 2015 eo
565 1982 716 2025 facilins
740 1982 778 2013 ob
801 1993 873 2013 eam
898 1991 1055 2011 caussam
1079 1980 1287 2023 dignitatem
1311 1993 1413 2024 quam
1434 1981 1557 2013 uolunt
1579 1980 1843 2024 consequantur)
1865 1979 1998 2011 Primus
2010 1980 2148 2013 Franci:

281 2042 343 2068 aut
366 2050 402 2068 eo
415 2036 566 2079 fat-ilius
589 2036 627 2067 ob
651 2048 726 2067 eam
750 2046 906 2071 causam3
932 2044 999 2063 non
1025 2043 1166 2073 sperno:
1191 2040 1257 2071 est,
1281 2040 1343 2066 aut
1367 2040 1463 2066 tanto
1476 2033 1638 2076 facilius,
1663 2034 1866 2065 GRAEt‘lUs.
1910 2033 2008 2064 Hanc
2031 2033 2150 2065 lectio-

280 2099 358 2120 nem
390 2089 508 2130 probat
540 2089 714 2120 Ernestus.
760 2087 868 2118 Plaut.
892 2086 994 2116 Poen.
1027 2086 1097 2123 IV,
1131 2096 1167 2123 2,
1203 2087 1253 2117 60.
1289 2092 1362 2118 tum
1383 2093 1497 2118 antem
1521 2087 1718 2129 siquidm
1743 2087 1910 2124 adimas,
1947 2099 1983 2117 eo
1996 2085 2149 2129 facilius

277 2141 408 2184 poterit
430 2140 561 2182 facere.
617 2140 706 2172 Mihi
731 2139 868 2170 uidetur
898 2138 939 2170 ab
963 2151 999 2170 eo
1031 2138 1279 2180 repudiandum
1307 2146 1447 2182 propter
1477 2151 1594 2170 uocem
1637 2150 1720 2181 quae
1748 2138 1900 2180 sequitur
1929 2139 2149 2182 dignitatem,

283 2204 349 2235 qua
373 2204 438 2223 non
463 2194 603 2224 honores
626 2193 746 2235 populi
769 2191 916 2223 Romani
939 2191 1119 2232 significari
1144 2191 1308 2229 arbitror,
1333 2199 1382 2224 set
1404 2193 1515 2231 illam,
1543 2203 1626 2234 quae
1648 2192 1790 2223 honores
1815 2190 1951 2232 quidem
1974 2191 2049 2222 illos
2071 2197 2148 2234 pot-

283 2251 332 2276 est
353 2243 503 2284 adserre,
526 2252 576 2276 set
598 2257 681 2287 quae
700 2243 794 2276 sactis
818 2243 1028 2286 adquiritur,
1051 2256 1160 2287 neque
1181 2244 1359 2288 praemiis,
1381 2255 1502 2275 uerum
1524 2256 1558 2276 se
1579 2244 1651 2287 ipsa
1672 2243 1808 2284 nititur,
1831 2242 2063 2275 auctoritatem
2084 2244 2149 2276 ho-

359 2401 386 2440 1)
423 2399 604 2429 Uersiculus
624 2409 692 2429 cum
713 2401 839 2429 dimidio
859 2412 983 2431 uacuus.
1020 2403 1058 2430 A.
1080 2404 1199 2432 ΜΑιι-ε.
