2264 2746
825 115 849 144 C
868 115 897 143 A
916 116 958 146 P.
996 115 1072 145 XII.
1109 114 1135 156 ς.
1157 121 1201 148 31.
1896 123 1944 149 10:

72 190 183 223 firmat
208 189 504 231 significationem,
544 190 629 221 alter
657 189 815 231 ambiguo
844 202 942 223 sensu
971 191 1082 223 uideri
1110 197 1222 234 potest
1255 190 1361 223 dictus
1390 202 1471 223 esse.
1521 191 1605 223 Loci
1635 191 1671 222 hi
1700 197 1793 223 sunt:
1838 192 1946 223 I'laut.

73 244 174 275 Truc.
206 244 255 283 II,
293 241 328 282 4,
363 243 434 284 49.:

1062 296 1170 324 stlater
1190 298 1324 325 ancillas
1344 296 1436 332 iubet,

561 341 715 379 Quoniam
735 344 798 370 iam
819 343 963 371 (lec-umus
983 345 1096 371 mensis
1115 344 1267 372 calumme
1284 355 1391 382 prope,

558 389 665 416 Aliam
688 391 838 418 aliorsum
858 393 912 425 ire,
928 392 1237 428 praemandare,
1260 397 1287 419 el
1308 402 1454 429 quaerere

556 437 695 464 Puerum,
716 444 771 465 aut
788 440 943 476 puellam„
964 439 1016 475 (sui
1035 444 1252 475 supponantur
1273 439 1358 468 mihi.

65 485 166 517 Alter
188 491 281 517 extat
302 484 336 515 in
359 485 423 527 Ep.
448 483 484 514 Ρ.
507 484 625 517 Uatini
649 484 691 515 ad
716 486 912 517 Ciceronem
940 486 1063 527 scripta
1087 484 1139 527 (ad
1164 485 1244 516 Diu.
1268 486 1320 525 V,
1345 486 1390 530 9.)
1415 493 1447 518 et
1470 487 1515 518 ita
1537 499 1572 519 se
1594 487 1712 519 habet:

149 554 293 586 Dicitur
315 553 402 585 mihi
428 558 508 584 111115
532 566 650 585 seruos
673 560 880 597 anagnostes
894 554 1079 598 Ji1gl't1'aos
1102 567 1178 585 culn
1208 554 1378 586 Uardaeis
1409 566 1498 593 esse,
1531 556 1572 586 de
1595 569 1659 599 qno
1684 560 1721 586 tle
1747 552 1832 585 milti
1855 552 1945 584 nihil

64 607 256 645 mandasti,-
282 618 344 649 ego
368 611 480 637 tamen
506 611 600 637 terra
623 607 782 650 marique
806 613 845 639 ut
868 608 1141 650 conquireretur,
1163 618 1186 649 p
1197 618 1335 638 raema
1345 619 1365 638 ll
1376 607 1500 646 daui3
1524 613 1556 639 et
1574 607 1732 651 profecto
1756 606 1820 638 tI'bl
1842 606 1943 637 illum

63 659 252 702 reperiam,
274 658 344 690 nisi
366 659 397 690 si
419 659 455 690 in
477 658 698 690 Dalmatiam
724 659 929 703 (zafugerim
966 665 999 691 et
1022 659 1101 690 inde
1128 664 1241 690 tamen
1264 659 1454 703 aliqnando
1479 672 1609 692 eruam.

145 723 185 754 In
207 721 318 753 Plauti
340 721 414 752 loco
432 722 688 765 praemandare
711 734 776 763 quo
800 734 899 754 sensu
922 722 965 753 sit
990 721 1128 761 dictum,
1153 728 1220 753 tam
1244 728 1441 765 apertumst,
1465 728 1503 753 ut
1525 723 1675 766 ineptam
1700 721 1857 755 Gronoui
1880 733 1942 753 ex-

61 775 295 819 plicationem,
331 785 431 816 quam
459 773 495 806 in
519 775 607 806 notis
636 775 678 806 ad
703 775 792 806 Gell.
816 776 885 814 IV,
918 786 944 806 1.
968 786 1002 817 p.
1032 774 1083 805 86.
1113 775 1309 816 proposuit,
1345 775 1422 806 satis
1449 775 1567 807 mirari
1596 787 1771 817 nequeam.
1816 776 1938 807 Narrat

59 828 285 860 Phronesium
308 827 500 867 Dinarcho,
533 826 631 869 quid,
663 839 739 858 cum
769 839 804 859 se
833 827 1008 869 grauidam
1039 838 1108 858 esse
1137 827 1386 867 adsimulasset,
1424 839 1540 860 mense
1570 829 1710 859 decumo
1739 827 1940 858 aduentante

60 887 169 913 mater
190 880 319 911 fecerit.
365 880 479 919 Iubet,
513 879 642 921 inquit,
679 880 816 911 ancillas
838 880 938 910 aliam
970 880 1132 911 aliorsum
1155 880 1221 920 ire,
1255 880 1514 922 praemandare,
1554 888 1586 912 et
1613 892 1774 923 quaerere
1796 892 1939 922 puerum

60 940 118 965 aut
146 933 312 976 puellam,
347 933 404 974 qui
432 937 668 974 supponantur
696 932 793 963 mihi.
839 933 909 963 Iam
934 931 1015 973 quid
1039 932 1175 963 tandem
1199 933 1321 964 certius
1346 940 1412 973 est,
1447 946 1546 976 quam
1576 934 1669 965 iubet
1687 934 1940 977 praemandare

59 987 123 1018 1106.
149 998 219 1017 6556
241 997 340 1017 5611511
360 985 506 1015 dictum:
530 984 690 1015 iubentur
712 985 852 1016 ancillae
878 991 955 1015 ante
979 983 1092 1015 fictum
1107 985 1272 1016 Phronesi
1296 992 1431 1028 partum
1448 986 1597 1026 familiis,
1623 998 1683 1029 per
1699 997 1778 1027 quas
1797 986 1941 1016 circum-

59 1046 158 1077 eunt,
182 1037 358 1075 mandare,
383 1043 420 1068 ut
442 1037 469 1068 si
499 1037 610 1079 puella
629 1044 686 1069 aut
709 1050 795 1081 puer
818 1039 882 1069 isto
905 1043 1060 1080 tempore
1082 1044 1180 1069 natus
1203 1037 1330 1075 suisset,
1356 1039 1381 1069 is
1405 1039 1592 1070 Phronesio
1616 1045 1819 1078 reseruetur,
1844 1038 1941 1081 eique

56 1092 259 1132 simulatque
282 1090 441 1121 decumus
464 1090 587 1121 mensis
610 1090 862 1130 aduentauerit,
894 1089 1071 1122 tradatur?
1115 1091 1176 1122 Est
1198 1091 1303 1133 igitur
1324 1091 1425 1134 plane
1450 1098 1623 1132 nostrum,
1653 1093 1701 1124 im
1725 1092 1864 1126 Voraus
1891 1093 1939 1125 εἱ-

58 1157 122 1177 nen
145 1139 308 1186 Aztf'zfrag
330 1143 451 1186 geben·

140 1208 180 1239 In
203 1205 321 1239 Uatini
348 1205 491 1247 epistula
519 1204 559 1235 ad
585 1205 783 1237 Ciceronem
814 1205 939 1248 scripta
971 1211 1049 1236 sunt
1080 1204 1247 1243 fortassis,
1284 1207 1404 1249 quibus
1429 1209 1687 1251 praemandazci
1715 1208 1761 1240 sic
1784 1208 1939 1239 uideatur

55 1259 294 1304 explicandum
325 1270 413 1290 esse:
447 1257 607 1289 mandant
639 1264 717 1289 ante
748 1270 847 1300 quam
879 1265 913 1289 tu
946 1259 1032 1289 mihi
1061 1260 1258 1291 mandatum
1291 1260 1430 1299 dedisti,
1468 1266 1506 1291 111
1530 1273 1665 1292 seruom
1690 1261 1937 1303 conquirerem.

56 1316 169 1357 Quam
192 1311 454 1355 explicationem
482 1310 560 1341 satis
585 1322 623 1342 eo
646 1310 789 1341 refutari
812 1316 913 1352 pute,
949 1310 1038 1352 quod
1064 1323 1173 1354 neque
1200 1313 1281 1344 alibi
1304 1324 1447 1354 usquam
1471 1313 1534 1344 isto
1559 1325 1656 1345 sensu
1683 1313 1937 1357 praemandare

56 1369 233 1404 dictumst,
272 1375 382 1406 neque
413 1363 583 1405 quomodo
613 1363 676 1394 isto
706 1375 804 1395 sensu
829 1363 895 1394 dici
922 1364 1073 1406 potuerit
1103 1377 1145 1396 ex
1173 1366 1246 1397 aliis
1273 1378 1349 1397 cum
1375 1379 1460 1409 prae
1482 1366 1732 1408 praepositione
1755 1365 1936 1408 conpositis

56 1419 169 1453 uerbis
201 1416 333 1449 ostendi
361 1416 449 1447 11661.
497 1416 624 1447 Contra
654 1421 687 1446 et
709 1416 814 1447 uerbo
843 1415 908 1458 ipsi
932 1422 964 1447 et
987 1417 1053 1447 1061
1076 1419 1260 1450 sententiae
1290 1419 1422 1461 egregie
1446 1419 1605 1450 conuenit
1627 1419 1708 1450 haec
1729 1417 1936 1461 significatio,

53 1482 95 1508 ut
114 1473 158 1506 sit
174 1469 451 1516 praemandaui:
486 1469 521 1499 in
546 1480 598 1500 eas
622 1469 731 1500 01111115
754 1469 922 1512 regiones,
952 1470 988 1501 111
1012 1483 1091 1512 quas
1114 1483 1249 1503 seruom
1273 1484 1307 1503 se
1331 1471 1485 1502 conferre
1508 1472 1656 1514 potuisse
1678 1472 1846 1514 suspicor,
1878 1470 1936 1501 lit-

54 1536 142 1562 teras
163 1524 258 1561 misi,
284 1522 404 1564 quibus
426 1522 545 1553 incolis
569 1534 685 1553 earum
708 1522 885 1561 mandaui,
910 1529 964 1562 ut,
988 1524 1015 1555 si
1040 1524 1340 1567 deprehendissent
1361 1536 1512 1563 seruum,
1547 1531 1705 1567 caperent
1728 1523 1935 1564 omninoque

54 1579 304 1622 conquirerent.
351 1575 447 1616 Quae
470 1587 547 1606 cum
569 1575 615 1606 ita
638 1575 722 1614 sint,
754 1587 822 1606 non
846 1575 981 1614 dubito,
1016 1578 1096 1619 quin
1120 1583 1210 1608 recte
1232 1577 1419 1609 Huldricus
1443 1578 1533 1608 hunc
1556 1578 1716 1610 orationis
1737 1576 1934 1608 Plancianae

52 1637 167 1668 locum
190 1628 386 1671 explicarit,
420 1640 581 1660 monensz
624 1654 644 1667 ‚,
654 1629 923 1661 Praemandatis
947 1632 1136 1674 requisitus
1160 1637 1209 1661 est
1231 1631 1353 1661 litteris
1376 1630 1575 1672 requisitus,
1610 1642 1694 1673 quae
1716 1630 1836 1662 missae
1858 1629 1934 1659 fuc-

52 1693 131 1722 rant
155 1686 190 1716 in
215 1694 267 1713 eas
290 1681 460 1723 regiones,
487 1681 523 1712 in
548 1693 627 1723 quas
652 1681 750 1712 illum
773 1693 808 1712 se
831 1683 1012 1714 contulisse
1037 1683 1189 1715 Plancius
1212 1683 1461 1725 suspicabatur,
1484 1689 1663 1725 antequam
1687 1683 1728 1714 de
1752 1694 1789 1713 ea
1811 1693 1847 1713 re
1870 1682 1934 1712 ali-

55 1740 137 1784 quid
161 1732 338 1772 constaret,
364 1733 454 1775 quod
477 1734 510 1765 in
530 1733 682 1776 fugitiuis
707 1734 780 1764 [ieri
804 1735 908 1767 solet:
932 1736 1040 1767 nostri
1064 1737 1095 1767 id
1122 1749 1224 1779 genus
1243 1735 1451 1778 Stet-kbriefe
1473 1737 1680 1778 appellant.“
1724 1736 1806 1767 Illut
1828 1746 1932 1766 unum

54 1804 122 1826 non
146 1795 235 1822 recte
259 1787 393 1825 sactum,
421 1786 511 1829 quod
532 1786 663 1818 addidit
685 1787 798 1826 uerba,
824 1795 1010 1832 ccnteqacmz
1032 1790 1073 1821 tle
1096 1802 1135 1821 ea
1159 1802 1195 1820 re
1217 1790 1355 1832 aliquid
1377 1796 1560 1828 constaret,
1586 1801 1649 1831 pro
1673 1789 1794 1831 quibus
1818 1787 1933 1818 dicen—

55 1847 135 1877 dum
157 1842 270 1886 potius
295 1847 384 1872 erat:
418 1846 495 1871 ante
519 1851 618 1881 quam
641 1840 674 1870 in
699 1840 772 1871 illas
796 1841 967 1882 regiones,
999 1841 1034 1872 in
1058 1854 1138 1883 quas
1162 1842 1289 1873 litteras
1312 1843 1421 1881 misit,
1453 1841 1634 1885 fugitiuum
1657 1841 1852 1885 peruenisse
1874 1851 1932 1871 su-

53 1898 253 1943 spicabatur.
299 1895 460 1926 Ceterum
486 1893 611 1924 Pareus
642 1893 741 1924 etiam
773 1894 860 1925 Lex.
893 1894 977 1926 Crit.
1009 1906 1043 1936 p.
1068 1896 1140 1938 969.
1170 1896 1340 1937 uolgatam
1368 1895 1468 1927 huius
1499 1895 1564 1926 loci
1590 1896 1793 1938 scripturam
1817 1894 1931 1925 incor-

28 1957 187 1994 ,ruptam
210 1947 338 1979 habuit.

137 2010 356 2056 Reqaisitus)
404 2009 657 2042 Obseruandast
685 2009 847 2041 calliditas
878 2011 1026 2042 oratoria
1054 2011 1089 2042 111
1112 2010 1185 2053 ipso
1216 2010 1321 2041 uerbo
1346 2012 1543 2055 requisitus.
1586 2010 1731 2053 Requiri
1754 2009 1928 2042 hominem

52 2068 151 2100 illum
175 2065 255 2096 dicis
279 2074 391 2095 caussa
414 2063 597 2094 sufficiebat
621 2070 710 2094 certe
734 2063 891 2102 Plancio,
914 2075 1035 2106 parum
1058 2064 1198 2103 curanti,
1222 2063 1327 2094 immo
1351 2063 1481 2094 nolenti
1504 2070 1542 2095 ut
1563 2064 1804 2103 retraheretur,
1827 2062 1929 2104 idque

52 2122 165 2165 ipsum
186 2117 306 2150 sufficit
329 2116 429 2147 etiam
451 2122 608 2158 patrono.
650 2116 853 2148 Onsstmzs.

136 2182 225 2213 Sunt
247 2181 397 2212 coniecta
419 2179 603 2212 maledicta
626 2180 662 2211 in
686 2179 759 2211 eius
781 2179 905 2223 uitam)
948 2180 1161 2219 Ernestium,
1186 2179 1244 2221 qui
1266 2178 1410 2210 uerbum
1433 2180 1618 2214 maledicta
1641 2179 1822 2212 delendum
1845 2190 1926 2221 sup-

51 2234 281 2280 plendumque
306 2233 452 2265 crimina
473 2239 586 2275 putat,
613 2244 681 2264 non
706 2244 789 2275 opus
814 2238 862 2263 est
884 2239 922 2264 ut
946 2233 1142 2264 refutemus.

133 2294 323 2336 Dabitetis)
346 2295 435 2326 Male
459 2296 663 2328 Garatonius
685 2297 849 2339 explicat,
875 2295 1033 2328 dubitare,
1055 2295 1214 2328 debeatis.
1237 2296 1346 2326 Immo
1372 2296 1413 2328 de
1435 2297 1534 2328 cuias
1552 2315 1592 2320 —
1609 2296 1773 2328 dubitetis
1797 2295 1923 2326 dictum

49 2362 131 2394 pro,
154 2355 193 2380 ut
216 2347 257 2378 de
281 2348 350 2379 eius
370 2366 413 2371 ——
435 2348 604 2380 dubitetis.
650 2350 770 2391 Neque
794 2355 860 2387 est,
888 2349 978 2390 quod
1003 2349 1075 2390 quis
1100 2349 1306 2381 dubitaretis
1329 2356 1501 2392 expectet,
1525 2361 1601 2381 cum
1620 2348 1810 2393 perfectum
1834 2346 1922 2390 quod

51 2401 217 2435 antecedit
238 2406 320 2432 sant
342 2401 491 2434 coniecta
514 2413 583 2433 non
606 2403 738 2443 aoristi,
770 2408 819 2434 set
841 2402 984 2445 perfecti
1007 2402 1151 2433 absoluti
1174 2402 1348 2434 notionem
1370 2402 1500 2434 habeat.

1447 2462 1481 2487 26
1495 2457 1508 2471 *
