2264 2746
761 138 802 174 *C
823 145 850 173 A
871 145 911 174 P.
950 144 1074 174 Xvffl.
1103 144 1130 185 §.
1159 151 1292 178 [isi—45.
1920 159 1973 184 1:37

99 223 148 249 est
168 217 204 248 in
228 218 338 250 classis
365 218 523 261 quasdam
547 219 736 260 distribuit,
760 219 898 262 singulis
923 220 1067 252 decuriis
1092 221 1289 253 decuriones
1313 234 1541 266 praeponens,
1572 235 1717 266 quorum
1741 231 1807 265 est,
1831 226 1971 266 efficere,

97 277 135 302 ut
158 270 332 311 decuriae,
366 272 485 314 quibus
508 278 685 314 praesunt,
718 284 790 303 eam
814 273 849 304 in
872 273 1015 304 comitiis
1036 275 1236 307 sententiam
1260 275 1386 315 serant,
1422 288 1521 318 quam
1544 276 1628 309 ferri
1650 278 1723 309 uolt
1746 279 1790 317 is,
1828 279 1885 320 qui
1909 279 1972 310 tri-

94 322 183 354 bulis
212 324 335 355 dicitur
365 324 548 355 decuriare.
593 326 643 356 Ea
665 325 795 356 ratione
818 337 884 356 non
914 338 997 368 opus
1021 327 1163 359 babebat
1185 329 1229 368 is,
1271 329 1329 371 qui
1352 342 1384 360 u.
1411 342 1437 362 c.
1461 342 1479 360 a
1502 330 1593 361 tribu
1616 342 1675 362 sua
1696 331 1813 363 aedilis
1836 332 1969 363 uolebat

93 376 218 415 creari,
246 382 283 407 ut
303 377 451 419 singulos
475 378 642 418 homines,
668 378 725 421 qui
749 378 818 409 eius
843 379 949 410 tribus
974 386 1084 419 erant,
1114 382 1301 423 appellaret
1324 382 1455 424 sibique
1479 382 1685 423 deuinciret,
1716 390 1766 415 set
1788 385 1865 416 satis
1890 391 1970 424 erat,

90 428 168 460 illos
191 435 320 460 tantum
344 429 515 469 homines,
549 443 631 473 quos
656 431 852 462 decuriones
877 430 1011 471 fecerat,
1036 433 1214 475 largitione
1235 434 1346 465 alioue
1369 436 1470 466 modo
1497 436 1559 467 sibi
1581 437 1784 469 conciliasse.
1829 438 1888 469 Isti
1911 450 1971 469 au-

90 488 159 513 tem
183 482 378 514 decuriones
395 484 421 524 ¹)
444 490 502 514 aut
527 484 724 515 auctoritate
749 496 826 522 sua,
861 490 917 515 aut
941 485 1063 526 gratia,
1098 492 1155 516 aut
1178 486 1349 528 precibus,
1373 494 1429 518 aut
1454 489 1650 530 largitione,
1683 496 1741 520 aut
1765 490 1910 533 denique
1933 491 1968 522 ui

87 535 241 566 solebant
264 534 409 573 efficere,
435 542 471 566 nt
492 548 545 573 ea,
574 548 674 578 quam
697 537 871 575 uolebant,
897 537 931 567 in
955 537 1098 569 comitiis
1122 539 1286 570 sententia
1310 552 1328 570 a
1351 541 1495 572 decuriis
1519 542 1586 573 suis
1609 542 1768 574 serretur.
1808 544 1969 576 Alterum

87 588 182 627 illut,
207 587 394 620 describere
414 590 598 632 populum,
622 589 663 620 de
686 602 725 621 eo
750 590 876 621 dictum
904 590 1056 629 uidetur,
1081 591 1138 633 qui
1162 592 1327 633 reliquam
1351 593 1470 636 populi
1494 594 1767 635 multitudinem,
1793 609 1877 639 quae
1899 609 1969 628 non

86 648 158 672 erat
180 641 214 672 in
238 640 341 683 ipsius
366 641 474 680 tribu,
499 643 684 673 simillumo
708 643 810 673 modo
835 643 868 673 in
893 643 1003 674 classis
1028 643 1187 685 quasdam
1212 645 1449 685 distribuebat,
1480 647 1588 688 iisque
1614 648 1771 680 classibus
1794 649 1970 692 praeficie-

86 694 158 733 bat,
192 693 250 735 qui
272 699 330 724 aut
351 693 530 735 largitione
554 696 707 738 corrupti
730 702 787 726 aut
809 695 873 726 alia
895 707 1105 738 quacumque
1132 698 1262 728 ratione
1285 699 1420 730 adducti
1445 699 1631 739 efficerent,
1666 708 1704 732 ut
1726 702 1860 742 classes,
1892 703 1969 745 qui-

84 746 146 778 bus
169 751 364 788 praeerant,
389 758 460 777 eam
486 747 693 779 declararent
717 748 750 779 iu
777 749 919 779 comitiis
945 750 1161 787 sententiam,
1187 763 1286 792 quam
1312 751 1474 782 declarari
1498 753 1634 784 uolebat
1656 754 1693 793 is,
1721 755 1778 797 qui
1800 755 1968 798 populum

87 798 306 830 describebat.
352 799 483 830 Eodem
507 812 605 831 sensu
628 801 740 831 statim
764 808 840 843 post
864 803 1072 834 conscribere
1096 803 1223 834 dictum
1246 810 1328 845 puto
1355 816 1435 835 esse.

169 853 218 883 Et
247 851 410 883 bonorum
444 854 596 884 omnium
625 854 697 885 uim
724 867 764 885 ac
788 855 940 886 dolorem
965 856 1174 898 excitarunt)
1220 856 1349 887 Rarum
1382 857 1514 888 dicendi
1544 869 1666 900 genus,
1701 859 1773 890 uim
1804 859 1966 891 bonorum

83 906 294 942 excitarunt,
324 915 387 945 pro
411 904 610 946 inpulerunt
636 907 757 947 bonos,
782 913 819 938 ut
843 907 1061 938 uehementer
1084 908 1118 938 in
1144 920 1217 946 eos,
1243 909 1299 950 qui
1324 910 1404 940 haec
1427 909 1592 949 facerent,
1627 911 1967 944 animaduertendum

80 964 250 1001 putarent.
286 958 359 988 Nec
381 965 625 1000 usurpaturum
651 960 850 990 Ciceronem
875 958 978 991 sulsse
1004 966 1105 1002 pute,
1130 960 1158 991 si
1181 973 1249 991 non
1274 961 1442 992 adiectum
1466 962 1609 993 uerbum
1633 964 1762 995 doloris
1786 971 1882 996 esset.

167 1012 381 1054 Sequestrem
394 1009 526 1055 fuisse)
574 1012 627 1043 Sic
651 1018 683 1042 et
706 1024 787 1042 mox
810 1012 944 1042 iterum.
991 1013 1052 1043 Est
1074 1012 1107 1042 h.
1122 1012 1143 1042 l.
1170 1013 1227 1055 qui
1250 1014 1395 1056 spondet
1418 1015 1618 1057 pecuniam3
1644 1022 1676 1047 et
1700 1016 1836 1058 quidem
1860 1028 1966 1060 suam,

82 1064 141 1106 qui
162 1070 210 1094 est
233 1069 332 1105 caput
358 1063 529 1105 pecuniae.
574 1064 659 1096 Mox
684 1064 755 1106 ipse
778 1065 882 1106 egisse
907 1064 1030 1095 dicitur
1047 1077 1114 1108 per·
1137 1072 1355 1109 sequestrem,
1382 1068 1472 1109 quod
1495 1069 1594 1099 aliter
1621 1075 1680 1100 est.
1707 1082 1740 1101 u.
1754 1071 1866 1101 Clau..
1890 1071 1965 1102 ER-

82 1126 250 1148 NEsTlrs.
294 1115 471 1156 Ernestius
495 1116 528 1147 h.
556 1116 578 1147 l.
603 1122 810 1157 sequestrem
839 1129 907 1147 esse
932 1117 1029 1155 dicit,
1062 1117 1119 1159 qui
1144 1119 1319 1160 pecuniam
1343 1120 1507 1162 spondeat
1529 1133 1642 1160 suam,
1675 1129 1774 1165 caput
1797 1122 1839 1153 sit
1861 1134 1964 1165 pecu-

80 1168 167 1200 niae.
213 1168 270 1199 Set
298 1168 378 1199 haut
410 1168 508 1200 facile
544 1180 705 1210 umquam
735 1175 907 1213 sequester
931 1171 1079 1210 dicetur,
1121 1170 1179 1212 qui
1202 1171 1253 1201 sui
1276 1172 1416 1203 honoris
1440 1184 1552 1204 caussa
1581 1174 1740 1217 suffragia
1763 1175 1963 1218 corruperit,

81 1228 114 1253 et
140 1220 259 1252 eodem
283 1221 384 1253 modo
408 1221 641 1265 accipiendum
668 1221 749 1259 erit,
788 1228 826 1253 ut
847 1223 920 1253 aliis
945 1223 1042 1263 locis,
1080 1223 1137 1254 ubi
1166 1223 1256 1254 idem
1290 1223 1463 1256 confertur
1491 1226 1526 1256 in
1549 1226 1734 1258 Plancium.
1779 1230 1913 1271 Nempe
1937 1228 1964 1260 si

81 1275 122 1306 de
145 1286 182 1306 ea
204 1280 335 1305 tantun]
361 1275 477 1317 culpa,
512 1287 611 1317 quam
637 1274 809 1313 Plancius,
847 1286 922 1305 cum
947 1275 1018 1318 ipse
1041 1275 1247 1306 aedilitatem
1279 1282 1426 1317 peteret,
1464 1281 1690 1319 contraxerit,
1730 1293 1841 1312 sermo
1867 1288 1962 1322 esset,

80 1339 191 1370 neque
214 1328 405 1360 uenditoris
434 1329 520 1370 (cap.
551 1328 612 1367 16.)
642 1339 752 1368 neque
784 1330 969 1371 sequestris
999 1341 1120 1360 nomen
1144 1330 1179 1360 in
1204 1341 1281 1359 eum
1305 1330 1513 1362 conueniret.
1559 1333 1616 1364 Set
1648 1333 1747 1365 latius
1776 1341 1868 1377 patet
1899 1335 1962 1366 hoc

80 1382 225 1420 crimen,
256 1387 288 1411 et
310 1381 501 1412 Laterensis
526 1380 643 1421 ntique
665 1380 800 1411 Plancio
826 1381 1008 1419 obiecerat,
1038 1383 1135 1413 illum
1159 1394 1254 1414 suam
1279 1394 1413 1424 quoque
1436 1379 1562 1417 tribuin
1587 1388 1792 1430 corrupisse,
1828 1394 1866 1418 ut
1889 1388 1961 1419 aliis

80 1446 170 1473 eain,
204 1433 262 1474 qui
285 1434 450 1464 honorem
473 1433 656 1471 ambirent,
687 1433 779 1475 turpi
805 1433 980 1475 largitione
1004 1441 1116 1476 posset
1137 1435 1327 1466 conciliare.
1373 1436 1501 1468 Eadem
1527 1440 1692 1470 sententia
1721 1452 1792 1482 cap.
1821 1452 1867 1481 17.
1893 1447 1960 1473 est:

83 1487 307 1520 Terentinam
329 1486 496 1518 habuerat
519 1487 675 1517 uenalem
700 1486 865 1517 Plancius.
912 1487 960 1517 lta
984 1487 1109 1518 scilicet
1132 1490 1324 1520 mmlitoris
1347 1500 1480 1525 nomen,
1505 1498 1621 1523 contra
1646 1504 1745 1534 quam
1769 1493 1879 1524 uoluit
1894 1494 1961 1524 Er-

78 1540 223 1578 nestius,
247 1539 386 1581 proprie
410 1545 459 1569 est
483 1538 731 1581 accipiendum,
765 1545 797 1569 et
821 1546 991 1582 sequester
1018 1551 1151 1581 quoque
1175 1543 1294 1572 eodem
1317 1541 1418 1572 modo
1443 1542 1586 1584 dicitur,
1618 1552 1654 1576 ut
1676 1546 1749 1577 aliis
1773 1545 1872 1584 locis,
1903 1546 1960 1587 qui

80 1603 218 1636 operam
239 1592 321 1623 aliis
348 1597 494 1633 praestat
517 1592 551 1622 in
575 1591 831 1633 corrumpendis
855 1591 1022 1633 suffragiis
1046 1592 1116 1623 siue
1142 1594 1291 1625 iudicum
1322 1594 1393 1625 siue
1418 1596 1544 1635 tribus;
1583 1605 1665 1640 aput
1692 1609 1792 1640 quem
1815 1599 1958 1640 pecunia

79 1646 278 1689 deponitur,
313 1644 370 1686 qui
396 1645 595 1686 promissam
619 1644 758 1685 singulis
782 1644 959 1686 pecuniam
983 1645 1096 1676 soluit.
1128 1647 1360 1678 Hanmcrs.
1409 1648 1623 1690 Quamquam
1651 1658 1741 1682 recte
1772 1651 1959 1684 Huldricus

77 1699 215 1732 Ernesti
238 1698 552 1740 interpretationem
576 1709 690 1728 ueram
715 1708 812 1739 posse
836 1708 905 1727 esse
929 1698 1081 1739 negauit,
1112 1704 1239 1736 tamen,
1270 1712 1369 1741 quam
1393 1701 1464 1743 ipse
1488 1702 1650 1744 protulit,
1685 1703 1865 1745 explicatio
1889 1715 1958 1735 non

75 1751 181 1793 magis
204 1756 326 1781 uerast.
374 1751 462 1781 Nam
484 1751 512 1781 si
536 1763 636 1793 quain
658 1750 732 1781 aliis
759 1750 794 1780 in
817 1749 971 1787 comitiis,
1000 1762 1099 1791 quam
1124 1752 1243 1793 quibus
1267 1753 1384 1785 aedilis
1409 1761 1457 1785 est
1481 1760 1620 1792 creatus,
1646 1754 1799 1787 Plancius
1824 1757 1956 1799 culpam

78 1808 307 1841 contraxerat,
333 1803 402 1834 eius
427 1802 577 1846 profecto
602 1815 690 1834 nunc
713 1804 752 1834 ab
776 1809 997 1841 accussatore,
1024 1803 1081 1845 qui
1104 1804 1138 1834 id
1163 1817 1267 1836 uuum
1293 1807 1425 1848 agebat,
1450 1813 1488 1838 ut
1512 1807 1711 1849 inlegitumo
1735 1809 1837 1840 modo
1863 1811 1957 1841 aedi-

77 1858 208 1889 litatem
230 1856 403 1887 Plancium
428 1863 642 1888 consecutum
667 1868 736 1887 esse
762 1856 912 1892 doceret,
954 1857 1116 1888 accussari
1140 1857 1234 1888 nullo
1258 1866 1355 1900 pacto
1379 1860 1501 1902 potuit.
1547 1861 1667 1901 Neque
1700 1861 1817 1893 Cicero
1848 1862 1889 1893 ad
1919 1874 1957 1894 ea

78 1909 355 1954 respondendum
384 1915 550 1951 putasset,
587 1909 643 1950 qui
667 1920 742 1940 cum
767 1909 863 1939 dicit:
912 1909 1011 1941 Ilaec
1034 1911 1131 1949 doce,
1167 1911 1249 1942 haec
1276 1911 1416 1954 profer,
1452 1914 1518 1944 huc
1539 1913 1711 1951 incumbe,
1740 1915 1955 1955 Laterensis,

78 1964 274 1997 decuriasse
294 1963 499 2001 Plancium,
523 1963 782 2005 conscripsisse,
809 1968 1014 2005 sequestrem
1030 1962 1167 2005 fuisse,
1193 1966 1455 2006 pronuntiasse,
1486 1966 1665 2004 diuisis-se,
1692 1972 1752 1998 etc.
1776 1968 1954 2000 manifesto

77 2017 118 2048 de
139 2028 178 2048 eo
199 2021 331 2047 tantum
357 2015 479 2046 delicto
506 2015 673 2057 loquitur,
699 2027 763 2056 quo
790 2014 936 2045 effecisse
961 2026 1036 2045 reus
1059 2016 1278 2057 arguebatur,
1302 2023 1340 2047 ut
1362 2018 1566 2049 aedilitatem
1591 2026 1863 2061 consequeretur.
1886 2021 1955 2052 Ita-

78 2081 143 2112 que
167 2081 236 2100 non
258 2074 307 2100 est
330 2068 489 2108 dubium,
525 2068 604 2110 quin
628 2074 799 2109 sequester
822 2066 924 2098 fuisse
947 2067 1100 2098 Plancius
1127 2068 1166 2098 ab
1189 2069 1373 2100 Laterense
1395 2070 1438 2101 sit
1462 2070 1587 2110 dictus,
1619 2072 1709 2114 quod
1736 2074 1880 2105 coitione
1902 2074 1954 2106 fa-

78 2129 130 2154 cta
152 2133 228 2153 cum
249 2121 359 2152 Plotio
387 2121 597 2164 conpetitore
626 2120 699 2163 (cfr.
726 2121 762 2151 C.
788 2120 903 2150 XXII.
935 2121 964 2161 §.
989 2121 1054 2162 53.)
1088 2121 1194 2152 tribus
1219 2121 1378 2162 quasdam
1402 2134 1465 2164 pro
1488 2125 1648 2165 pecunia,
1686 2133 1768 2168 aput
1793 2138 1869 2158 eum
1892 2128 1952 2159 de-

77 2174 203 2219 posita,
241 2173 351 2205 Plotio
382 2174 582 2206 concesserit
616 2174 672 2204 uel
701 2171 911 2209 uendiderit,
947 2173 1233 2214 quemadmodum
1270 2174 1419 2206 uicissim
1450 2176 1579 2209 Plotius
1617 2178 1872 2212 existumandus
1902 2187 1951 2213 est

76 2227 185 2260 tribus
212 2226 388 2268 quasdam,
417 2239 495 2270 quas
518 2227 583 2258 sibi
606 2226 776 2258 deuinctas
799 2225 972 2266 habuerit,
1001 2226 1136 2257 Plancio
1164 2226 1373 2258 concessisse.

154 2386 180 2426 1)
219 2387 286 2415 Etsi
312 2397 474 2425 numquam
501 2388 560 2416 isto
580 2398 671 2416 sensu
692 2386 890 2415 decurionum
912 2397 1022 2415 nomen
1042 2391 1222 2425 usurpatum
1242 2387 1384 2426 repperi,
1416 2393 1516 2418 tamen
1538 2400 1599 2418 non
1620 2396 1665 2420 est
1685 2391 1827 2428 dubium,
1862 2392 1945 2430 quin,

78 2435 131 2475 qui
151 2435 268 2463 sodales
289 2435 450 2471 dicuntur,
470 2436 518 2463 illi
538 2436 598 2475 ipsi
617 2436 750 2471 fuerint,
781 2445 856 2473 quos
877 2445 930 2472 ego
953 2435 1153 2464 decurionum
1173 2435 1296 2462 nomine
1316 2436 1432 2464 notaui.
