2264 2746
783 91 842 121 CA
854 92 887 120 P.
926 89 1074 120 XXXV.
1100 87 1128 129 §.
1156 95 1202 122 86.
1230 94 1277 122 87.
1912 97 1965 123 217

179 167 302 199 Secum
326 173 359 200 et
383 167 462 198 illos
485 171 518 198 et
543 165 712 207 consules)
755 165 920 197 Mendosa
943 171 1015 196 erat
1037 165 1137 197 lectio
1164 165 1333 196 editorum
1356 170 1433 195 ante
1456 164 1493 195 P.
1515 164 1728 206 Manutium,
1765 181 1865 211 quam
1888 181 1965 203 cum

95 218 188 250 codd.
214 219 315 251 Grut.
342 225 479 251 seruant
499 219 600 250 Barb.
623 225 656 250 et
678 230 791 257 meus,
825 231 939 251 secam
961 224 994 250 et
1017 219 1096 250 illos
1122 218 1287 250 consules.
1333 217 1454 259 Neque
1481 217 1572 249 enim
1594 219 1626 250 id
1648 219 1689 252 iis
1714 223 1889 262 conuenit,
1924 224 1966 255 de

94 271 216 313 quibus
241 272 369 314 agitur,
392 271 571 314 Pompeio,
597 272 736 311 Crasse,
759 271 970 313 Caesarique.
1017 269 1145 303 Confer
1167 282 1230 313 pro
1255 270 1348 301 Sext.
1377 281 1436 311 17.,
1463 269 1504 301 de
1527 271 1572 302 H.
1595 272 1638 303 R.
1664 283 1713 304 22.
1738 280 1817 306 etc..
1861 276 1966 308 Recte

92 324 207 365 itaque
235 336 254 356 a
276 325 368 356 Man.
401 323 555 355 additum
578 330 629 363 et,
667 331 703 355 ut
731 324 767 355 hi
789 330 857 355 tres
888 335 908 355 a
930 324 1122 356 consulibus
1149 323 1433 365 disiungerentur.
1477 324 1666 357 Graeuium
1692 332 1803 358 autem
1827 328 1965 361 tacuisse

91 378 230 409 nollem.
273 377 332 409 Me
358 383 447 407 certe
470 383 567 408 uetus
589 377 649 408 illa
670 377 769 408 lectio
792 377 828 409 111
850 374 1077 420 suspicionem
1099 376 1254 415 adducit,
1293 387 1412 406 uocem
1445 377 1599 409 consules
1628 384 1686 410 aut
1711 379 1751 410 ab
1779 380 1965 423 interprete

91 429 278 471 profectam
301 441 388 468 esse,
418 436 477 461 aut
498 441 518 460 a
539 429 702 461 uarietate
725 443 799 469 603,
840 436 879 461 ut
902 430 1000 468 alibi,
1036 430 1199 462 extitisse.
1244 430 1334 461 Nam
1355 427 1396 458 de
1419 429 1611 462 consulibus
1636 431 1763 463 dictum
1786 445 1888 476 supra
1910 434 1964 465 ui-

91 483 189 514 detur
211 482 307 521 satis,
332 488 382 521 et,
407 494 482 513 cum
505 482 644 525 legeris,
667 496 782 516 secum
803 489 835 515 et
858 484 937 515 illos
952 482 1096 526 facere,
1128 482 1216 513 nihil
1239 480 1392 523 requires
1415 482 1579 523 amplius,
1604 483 1753 525 perfecta
1776 486 1888 517 omnia
1910 486 1965 517 ui-

91 535 271 566 debuntur.
317 534 410 575 Quin
434 534 535 566 etiam
559 535 649 578 quod
671 537 824 579 sequitur
845 536 1073 569 acerbi-ssione
1095 536 1194 576 (hanc
1215 545 1334 566 uocem
1357 545 1376 564 a
1398 534 1518 565 Lanlb.
1542 541 1576 566 et
1596 536 1680 567 ΕΓΗ.
1703 537 1875 581 repudiari
1897 539 1964 570 mi-

89 588 162 630 ror)
182 587 401 631 personabat,
424 586 466 618 de
489 594 621 620 terrore
643 601 680 621 ac
702 596 795 621 metu
818 589 1043 631 potissumum
1067 588 1201 626 dicitur,
1226 597 1327 629 quem
1341 598 1436 618 arma
1457 587 1665 620 incutiebant
1688 596 1720 621 et
1732 591 1835 622 nimia
1858 592 1963 624 trium

89 641 229 672 illorum
268 641 303 671 in
338 652 376 671 re
411 651 444 683 p.
483 642 677 685 principum
714 641 961 684 singularisque
1002 642 1180 684 potentia,
1226 639 1347 682 quibus
1388 640 1653 682 repugnantibus
1687 643 1773 674 nihil
1811 644 1961 684 Clodius,

89 694 175 725 nihil
209 694 361 725 consules
401 693 563 736 perficere
598 695 797 738 potuissent.
866 695 1037 737 Quantam
1073 706 1111 725 ea
1148 705 1201 725 res
1237 692 1453 724 acerbitatem
1486 692 1644 733 haberet,
1692 695 1802 737 quiuis
1833 697 1964 729 existu-

87 757 182 777 mare
211 744 308 776 facile
342 758 404 788 per
433 758 468 777 se
498 754 610 789 potest
641 753 673 779 et
696 759 739 778 ex
763 759 790 778 c.
815 758 865 779 22.
888 759 951 790 pro
978 748 1073 778 Sext.
1095 757 1307 790 cognoscere.
1341 746 1601 777 GARATONIUS.
1646 747 1686 778 In
1717 755 1845 790 septem
1876 761 1963 792 quo-

89 809 155 840 que
179 798 319 830 Oxonn.
343 812 457 831 secum
479 806 512 832 et
535 801 615 832 illos
640 800 813 839 consules,
845 800 1023 839 mendose,
1057 800 1122 832 nisi
1145 799 1255 831 deleas
1278 799 1381 830 etiam
1407 799 1581 838 consules,
1617 800 1707 842 quod
1731 801 1812 832 olim
1838 801 1964 833 facien--

89 851 172 882 dum
195 863 265 882 esse
287 852 489 894 suspicabar.
533 854 635 884 Nunc
657 853 810 884 Bauarici
829 853 1028 885 auctoritate
1050 852 1243 891 deterreor,
1271 851 1329 894 qui
1353 853 1445 892 [cum
1464 852 1512 891 E,
1535 852 1606 892 Lb,
1629 854 1689 891 Le,
1714 859 1747 884 et
1768 854 1857 894 aliis]
1879 856 1965 886 hanc

88 904 259 945 uolgatam
283 905 479 947 conprobat.
502 905 607 936 IDEM.
652 906 757 937 Recte
781 906 932 938 Orellius
954 906 1134 938 lectionem
1158 917 1177 936 a
1200 905 1387 936 Garatonio
1424 905 1654 947 propositam,
1694 919 1807 938 secum
1829 914 1861 939 et
1887 909 1964 940 illos

79 955 220 999 facere,
253 957 309 987 uel
333 963 475 1000 propter
502 958 724 989 rarissumum
748 959 838 990 hunc
865 965 899 990 et
922 959 1062 1002 copulae
1088 970 1205 997 usum,
1243 957 1284 987 de
1308 969 1374 999 quo
1396 957 1535 989 Beierus
1559 958 1598 989 ad
1622 958 1691 990 Cic.
1716 958 1814 990 Ossic.
1838 959 1903 998 Ill,
1933 960 1962 991 6.

89 1008 133 1039 Τ.
156 1009 199 1039 II.
223 1020 256 1051 p.
282 1020 353 1051 227.
379 1010 533 1049 monuit,
572 1022 641 1041 non
664 1022 735 1042 esse
767 1011 974 1053 probandam
1003 1011 1147 1042 monuit.
1191 1009 1352 1048 Accedit,
1383 1009 1474 1051 quod
1496 1010 1626 1050 Cicero,
1650 1010 1678 1041 si
1701 1010 1960 1042 triumuirorum

89 1060 228 1092 illorum
252 1063 460 1094 mentionem
480 1064 718 1094 tantummodo
739 1064 865 1094 inicere
884 1064 940 1095 hic
961 1063 1142 1100 uoluisset,
1166 1074 1236 1094 non
1261 1068 1311 1093 est
1332 1062 1472 1093 dubium
1498 1062 1580 1104 quin
1603 1062 1820 1105 simpliciter,
1852 1077 1964 1097 secam

90 1115 171 1146 illos
184 1114 326 1156 facere,
362 1116 548 1159 scripturus
577 1115 692 1147 fuerit.
738 1117 789 1147 Eo
812 1116 924 1161 aptior
951 1122 1064 1147 autem
1089 1116 1169 1147 111110
1197 1116 1272 1147 1000
1302 1122 1336 1147 et
1356 1115 1498 1146 illorum
1530 1122 1563 1147 et
1586 1116 1763 1147 consulum
1793 1118 1962 1157 mentiost,

75 1177 166 1200 ‚cum
200 1167 236 1198 in
265 1168 538 1199 antecedentibus
568 1179 611 1198 ne
634 1169 739 1200 uerbo
770 1169 905 1211 quidem
928 1169 1047 1200 Cicero
1077 1169 1229 1201 consules
1260 1181 1295 1200 se
1325 1180 1401 1200 cum
1427 1169 1464 1200 P.
1489 1168 1607 1200 Clodio
1638 1168 1870 1209 coniunxisse,
1913 1178 1964 1203 set

91 1220 324 1251 tautummodo
347 1232 366 1251 a
387 1232 424 1252 re
443 1232 477 1263 p.
498 1220 660 1252 defecisse
680 1222 864 1253 monuerit.
909 1222 1085 1252 Praeterea
1109 1221 1304 1252 defenditur
1326 1223 1461 1264 uolgata
1483 1222 1650 1263 scriptura
1672 1221 1723 1260 iis,
1748 1233 1832 1263 quae
1846 1223 1963 1255 Cicero

87 1271 129 1302 de
151 1283 199 1303 ar.
224 1283 312 1315 resp.
336 1273 374 1304 C.
398 1274 515 1304 XXII.
540 1274 570 1314 §.
593 1273 645 1315 47.
669 1273 766 1305 dicit:
791 1275 860 1306 nisi
883 1273 943 1306 Cn.
965 1275 1129 1318 Pompeio
1153 1275 1326 1314 adiutore,
1348 1277 1400 1308 M.
1424 1275 1545 1307 Crasso
1568 1279 1719 1312 (auctore,
1745 1275 1963 1318 qaaescccie-

87 1323 163 1362 bat,
177 1323 301 1367 facere
324 1326 512 1364 clamaret3
535 1326 605 1357 nisi
630 1327 785 1359 consules
808 1339 967 1359 caussam
990 1329 1208 1361 coniunxisse
1232 1340 1363 1367 secum,
1391 1328 1426 1359 in
1454 1339 1519 1371 qao
1541 1338 1608 1359 uno
1631 1338 1698 1358 non
1720 1326 1961 1366 mentiebatur,

88 1375 322 1416 confirmaret.

172 1429 413 1462 Acerbissame
437 1431 661 1476 personabat)
705 1431 882 1464 Ernestius
915 1433 1121 1466 Lambinum
1149 1434 1338 1466 uerissume
1367 1433 1414 1464 ait
1443 1444 1619 1465 acerrume
1649 1431 1864 1463 scribendum
1894 1443 1961 1475 pu-

86 1487 183 1513 tasse.
230 1482 268 1512 In
302 1494 368 1524 quo
404 1483 624 1516 uehementer
654 1483 793 1516 fallitur.
838 1487 919 1517 Non
954 1486 1045 1518 enim
1075 1487 1254 1526 conuenit,
1293 1486 1335 1517 de
1366 1485 1597 1528 magnitudine
1627 1484 1800 1524 clamoris,
1840 1490 1890 1516 set
1918 1484 1961 1515 de

86 1535 268 1566 acerbitate
290 1535 347 1566 uel
371 1534 506 1575 dolore,
550 1549 650 1579 quem
674 1537 829 1569 omnibus
853 1538 947 1571 bonis
971 1540 1098 1571 clamor
1121 1540 1182 1572 iste
1205 1538 1374 1577 iniecerit,
1415 1539 1613 1570 Ciceronem
1635 1537 1690 1568 hic
1711 1537 1816 1579 loqui.
1862 1536 1960 1569 Uidit

87 1587 153 1619 hoc
174 1587 243 1619 iam
266 1588 471 1620 Garatonius
495 1591 695 1633 monuitque
720 1602 822 1634 supra
844 1591 885 1622 ad
907 1592 1009 1623 uerba
1032 1605 1146 1625 secum
1171 1599 1204 1625 et
1226 1593 1306 1624 illos
1327 1597 1360 1623 et
1383 1592 1546 1623 consules.

175 1641 206 1681 ξ.
230 1640 281 1682 87.
324 1641 460 1673 Aderat
482 1653 613 1674 mecum
635 1649 775 1675 senatus
797 1662 839 1668 —
860 1645 996 1678 Aderat}
1018 1659 1150 1679 mecum
1169 1651 1312 1678 cunctus
1335 1650 1489 1688 equester
1511 1644 1594 1675 ordo
1616 1661 1658 1668 -
1679 1643 1730 1676 At
1755 1649 1827 1676 tota
1849 1643 1959 1675 Italia

91 1695 309 1734 conuenerat)
352 1694 406 1725 Sic
433 1694 469 1725 in
498 1694 654 1726 omnibus
684 1695 853 1727 codicibus
884 1698 1108 1741 omnibusque
1139 1697 1343 1729 editionibus
1374 1696 1428 1727 hic
1456 1696 1547 1728 locus
1576 1697 1717 1739 scriptus
1746 1702 1856 1735 extat,
1892 1695 1957 1727 nisi

86 1747 178 1790 quod
202 1747 344 1778 editores
368 1748 543 1786 nonnulli,
567 1747 604 1778 P.
629 1747 821 1788 Manutius,
846 1751 1044 1791 Lambinus,
1071 1750 1287 1788 Garatonius,
1311 1748 1461 1781 Orellius
1484 1749 1609 1791 aliique
1631 1751 1681 1782 At
1704 1755 1778 1780 ante
1801 1754 1873 1780 tota
1896 1747 1957 1778 de-

85 1800 223 1832 lendum
246 1799 448 1831 iudicarunt.
495 1799 598 1842 Quod
621 1805 748 1832 temere
777 1801 903 1834 factum
927 1815 998 1835 esse
1029 1805 1085 1835 uel
1109 1816 1151 1835 ex
1176 1815 1214 1834 eo
1237 1801 1388 1843 intellegi
1410 1807 1538 1844 potest,
1576 1802 1663 1843 quod
1692 1808 1729 1834 at
1751 1801 1791 1831 ab
1817 1801 1955 1832 librario

85 1864 156 1885 esse
194 1852 342 1884 additum
379 1865 515 1896 prorsus
550 1853 804 1895 inprobabilest.
870 1855 1055 1888 Facilluma
1093 1867 1198 1899 eaque
1229 1855 1422 1886 certissuma
1450 1853 1614 1885 medicina
1640 1854 1695 1886 hic
1725 1855 1817 1886 locus
1847 1854 1956 1886 sanari

84 1905 206 1948 potuit.
251 1906 439 1937 Docuimus
463 1917 565 1949 supra
589 1906 631 1936 ad
653 1906 757 1937 uerba
777 1907 865 1947 Quis
888 1910 980 1941 enim
1002 1916 1115 1942 status
1141 1916 1219 1948 etc„
1251 1909 1351 1946 haee,
1386 1906 1505 1949 quibus
1530 1907 1560 1948 §.
1584 1907 1634 1947 87.
1658 1907 1852 1947 incohatur,
1882 1918 1956 1938 ma-

86 1958 210 1990 nifesto
234 1959 361 2001 opponi
383 1958 678 1998 antecedentibus,
714 1958 748 1989 in
772 1959 893 2001 quibus
924 1961 965 1992 de
991 1962 1031 1993 iis
1055 1962 1198 2005 exponit
1223 1961 1361 1999 Cicero,
1397 1959 1455 2001 qui
1483 1959 1547 1991 sibi
1569 1959 1730 1990 aduersati
1758 1959 1840 1999 sint,
1877 1971 1953 1991 cum

87 2021 177 2041 nunc
199 2010 240 2041 de
263 2011 330 2042 illis
354 2017 603 2050 conmemoret,
640 2011 697 2053 qui
720 2023 832 2042 secum
855 2011 982 2045 fuerint
1004 2015 1182 2046 coniuncti.
1227 2015 1345 2056 Itaque
1369 2013 1554 2043 necessario
1582 2012 1766 2054 requiritur
1788 2013 1952 2056 particula

85 2062 306 2094 aduersatiua.
351 2064 458 2095 Porro
485 2064 573 2107 quod
597 2076 686 2095 nunc
707 2065 870 2107 seriptum
893 2066 1016 2108 legitur
1039 2068 1162 2100 aderat
1186 2079 1336 2105 mecum,
1362 2065 1462 2108 plane
1485 2065 1641 2107 ineptum
1664 2065 1826 2107 loquendi
1847 2077 1951 2109 genus

86 2122 147 2148 est.
193 2115 251 2147 Ad
281 2127 381 2158 quem
404 2117 495 2149 enim
524 2118 637 2149 locum
668 2117 781 2148 aderat
811 2129 887 2149 cum
911 2120 1073 2151 Cicerone
1094 2122 1251 2152 senatus?
1297 2118 1351 2151 Ad
1381 2118 1613 2150 iudiciumne?
1657 2119 1766 2160 Atqui
1795 2119 1831 2150 111
1858 2118 1950 2150 111(11-

85 2169 176 2200 cium
206 2167 357 2200 minume
390 2177 525 2202 uocatus
554 2177 626 2202 erat
655 2171 784 2202 Cicero.
831 2170 900 2204 Cfr.
931 2184 994 2215 pro
1028 2172 1135 2203 Sestio
1171 2173 1209 2204 C.
1232 2172 1350 2204 XVII.
1379 2172 1408 2212 ἕ.
1432 2171 1484 2203 40.
1517 2184 1577 2203 nec
1599 2172 1686 2204 mila·
1707 2172 1766 2204 ille
1788 2171 1948 2212 (Clodius)

85 2221 257 2254 iudicium
273 2224 416 2265 populi,
448 2236 508 2256 nec
532 2224 737 2267 legitumam
759 2225 915 2268 aliquam
937 2226 1202 2263 contentionem,
1234 2237 1295 2256 nec
1317 2224 1616 2267 disceptationem,
1647 2230 1709 2256 ant
1732 2236 1872 2256 caussae
1893 2223 1948 2254 cli-

87 2275 252 2312 ctionem,
284 2280 335 2306 set
358 2277 449 2315 uim,
483 2289 595 2315 arma,
629 2279 819 2317 exercitus,
851 2279 1083 2322 inperatores,
1118 2283 1234 2310 castra
1253 2277 1489 2310 denuntiabat.
1533 2278 1590 2309 An
1612 2278 1764 2308 Romae?
1806 2277 1948 2308 Attum

83 2332 180 2358 antea
202 2326 319 2358 absens
344 2326 446 2359 fuisse
467 2336 600 2361 senatus
623 2332 804 2363 censendus
827 2337 928 2369 esset,
959 2331 1047 2372 quod
1069 2330 1167 2362 statui
1191 2329 1317 2371 nequit.
1362 2331 1476 2372 Itaque
1498 2329 1585 2361 nibil
1607 2329 1725 2360 certius
1752 2334 1816 2367 est,
1847 2338 1947 2369 quam

83 2379 256 2422 scripsisse
280 2379 498 2422 Ciceronem,
528 2382 561 2414 id
584 2382 676 2425 quod
698 2384 848 2427 recipere
872 2395 940 2415 non
963 2383 1131 2423 dubitaui,
1163 2383 1213 2416 At
1236 2388 1311 2416 erat
1332 2396 1463 2416 mecum
1485 2389 1622 2415 senatus
1643 2400 1686 2407 —
1706 2381 1757 2415 At
1780 2385 1854 2413 erat
1876 2392 1946 2412 me-

1499 2440 1535 2467 40
