2264 2746
250 110 302 135 116
899 93 1473 124 COMMENTARIUS.

252 190 318 221 qua
338 187 472 220 semper
495 171 662 217 cogitauit,
684 169 888 212 singularem
910 173 1111 212 potestatem
1134 168 1283 212 parabat.
1317 169 1530 202 MANUTIFS.
1576 168 1635 200 Me
1658 179 1740 200 uero
1764 169 1956 202 scholiastes
1981 171 2127 209 adducit,

254 238 293 263 ut
316 242 389 263 rem
412 232 497 261 hanc
519 240 537 259 a
559 223 712 258 Manutio
736 223 845 254 leuius
869 222 1059 265 expositam
1082 221 1225 252 clariore
1255 220 1398 263 quadam
1421 222 1494 253 luce
1516 220 1732 264 perfundam.
1777 221 1917 253 Initium
1942 223 2130 256 luculenter

255 284 295 315 ab
318 284 391 327 ipso
415 281 529 313 Tullio
553 276 734 320 praebetur
757 276 783 307 I.
806 275 849 307 ad
871 275 977 308 Attio.
1006 286 1072 316 17.:
1096 274 1187 306 Ecce
1209 274 1300 305 aliae
1322 274 1466 307 deliciae
1491 276 1645 318 equitum
1669 274 1934 317 uixferendae‚
1958 287 2041 318 quas
2066 288 2129 320 ego

256 350 322 369 non
343 337 452 369 solum
477 331 562 369 tuli,
588 335 639 361 set
661 329 766 361 etiam
788 329 924 361 ornaui.
967 327 1113 364 Asiani,
1137 326 1198 369 qui
1220 326 1261 357 de
1282 326 1475 358 censoribus
1498 329 1752 366 cotuluxerant,
1784 328 1895 371 questi
1917 333 1998 358 sunt
2021 328 2057 359 in
2079 341 2132 361 se-

257 396 356 427 natu,
379 400 413 419 se
428 384 620 428 cupiditate
641 382 821 425 prolapsos
834 382 981 414 nimium
1003 391 1130 422 magno
1153 379 1374 417 conduxisse3
1397 386 1435 411 ut
1458 381 1680 412 induceretur
1700 380 1836 417 locatio,
1854 380 2134 423 postulauerunt.

260 443 336 485 Ego
353 439 516 484 princ-eps
538 436 573 467 in
598 435 839 473 adiutoribus,
862 441 965 477 atque
988 434 1072 465 adeo
1095 433 1283 464 secundus.-
1306 444 1387 463 nam
1410 439 1448 464 ut
1472 434 1527 464 illi
1549 434 1716 464 auderent
1739 433 1800 464 lzoc
1817 433 2010 475 postulare,
2032 432 2134 466 Cras-

259 507 316 526 sus
339 504 392 524 eos
415 489 556 533 inpulit.
600 488 784 520 Inuidiosa
807 499 878 526 res,
903 487 1016 530 turpis
1034 486 1248 529 postulatio,
1271 490 1303 515 et
1329 483 1497 527 consessio
1521 486 1735 517 temeritatis.
1779 485 1958 517 Summum
1980 492 2056 518 erat
2072 499 2135 530 pe-

260 545 418 581 rit-ulum,
441 555 494 580 ne,
519 542 550 573 si
567 541 658 573 nihil
680 541 921 583 inpetrassent,
943 539 1048 582 plane
1071 538 1310 569 alienarentur
1333 550 1354 569 a
1377 544 1510 570 senatu.
1553 538 1650 569 Huic
1673 550 1804 581 quoque
1827 539 1878 569 rei
1899 538 2137 572 snbuentumst

259 608 417 630 maxume
438 594 569 627 anobis
590 592 860 637 perfer-tumque,
886 598 924 624 ut
939 590 1239 635 fffquentissumo
1262 596 1386 621 senam
1410 596 1441 621 et
1467 590 1713 622 lubentissumo
1736 596 1939 631 uterentur5
1961 592 2139 636 multaque

260 663 282 681 a
303 662 355 681 me
378 649 420 680 cle
442 649 604 680 ordinum
626 647 800 689 dignitate
823 652 855 677 et
879 645 1060 677 concordia
1089 644 1182 676 dicta
1206 649 1285 675 sunt
1308 643 1393 674 Kal.
1416 643 1593 675 Decembr.
1623 648 1655 674 et
1671 643 1863 686 postriclie3
1897 656 2005 688 neque
2027 646 2140 678 adhuc

260 701 417 745 confecta
439 713 493 732 res
516 706 584 738 est,
622 705 673 731 set
703 700 865 731 uoluntas
895 704 1035 730 senatus
1058 703 1253 740 perspecta.
1304 695 1401 727 Unus
1435 697 1525 727 enim
1550 696 1808 727 contradixerat
1830 697 1993 729 ,Metellus
2022 698 2143 730 consul

261 756 478 798 designatus.
522 754 616 793 Quin
640 757 715 784 erat
738 752 914 789 (licturus,
946 752 994 783 cul
1016 762 1115 794 quem
1138 755 1284 793 propter
1307 749 1377 780 dicei
1400 748 1604 781 breuitatem
1620 754 1828 791 peruentum
1850 760 1917 780 non
1940 755 2007 789 est,
2042 751 2140 782 heros

263 809 323 840 ille
345 813 459 840 noster
478 806 572 838 Cato.
617 805 684 836 Hic
706 809 818 834 tamen
841 805 943 846 paulo
968 810 1044 846 post
1067 813 1241 833 acerrume
1263 801 1486 834 contradixit:
1514 814 1592 833 nam
1615 801 1692 833 Kal.
1710 800 1872 831 Februar.
1895 801 1974 832 anni
1997 814 2142 845 sequen-

266 862 305 893 tis
329 873 382 903 ep.
410 860 458 891 18.
491 871 599 896 unus,
635 857 764 899 inquit,
798 863 865 897 est,
900 858 960 901 qui
984 869 1110 899 remp.
1136 860 1250 893 curet,
1284 856 1480 886 constantia
1502 856 1615 898 magis
1639 860 1671 886 et
1692 854 1913 896 integritate,
1948 867 2070 898 quam,
2102 861 2142 888 ut

264 914 350 946 mihi
373 913 532 950 uidetur,
560 911 702 942 consilio
724 916 786 941 aut
810 911 971 953 ingenio,
1002 910 1105 945 (Γαίος
1140 908 1200 951 qui
1221 908 1362 938 miseros
1387 908 1605 951 publicanos,
1629 920 1711 951 quos
1736 905 1857 938 habuit
1878 908 2145 940 armantis-sumes

266 967 339 1004 sui,
364 965 507 996 tertium
530 965 601 996 iam
623 975 769 995 mensem
793 969 914 1001 uexat,
944 975 1051 1005 neque
1074 962 1118 992 iis
1140 973 1161 991 a
1185 966 1306 991 senatu
1334 972 1532 1003 responsum
1555 961 1635 991 clari
1651 960 1801 1003 patitur.
1846 960 1900 991 De
1927 960 1989 991 hac
2020 959 2146 992 iniuria

267 1017 443 1051 Plancium
473 1023 606 1060 patrem
635 1021 900 1058 conquerentem
922 1016 1024 1058 paulo
1051 1024 1154 1056 supra
1177 1013 1294 1044 Cicero
1323 1020 1491 1045 excussat:
1527 1026 1604 1045 cum
1627 1018 1766 1044 senatus
1796 1013 2028 1056 inpediretur,
2062 1025 2147 1056 quo-

267 1072 399 1109 minus,
424 1070 462 1101 id
484 1071 574 1114 quod
596 1065 748 1102 hostibus
772 1081 903 1112 semper
924 1073 999 1099 erat
1024 1066 1214 1104 tributum,
1246 1078 1445 1109 responsum
1467 1067 1638 1109 equitibus
1661 1068 1706 1098 R.
1730 1066 1931 1097 redderetur
1953 1071 2035 1096 etc..
2081 1065 2148 1097 Ca-

267 1131 383 1156 tonem
405 1134 488 1153 uero
512 1123 623 1164 ipsum
646 1121 868 1164 reprehendit
891 1120 949 1150 Ill.
975 1118 1015 1147 dc
1039 1117 1124 1148 ollic.
1150 1126 1219 1147 22.:
1249 1117 1329 1159 Ego
1354 1119 1458 1150 etiam
1482 1131 1558 1150 cum
1580 1119 1706 1150 Catone
1728 1131 1800 1150 meo
1822 1119 1959 1161 saepius
1982 1118 2149 1157 dissensi,-

270 1178 373 1209 nimis
396 1176 483 1207 mihi
502 1173 704 1217 praefracte
728 1172 912 1204 uidebatur
935 1171 1112 1203 aerarium
1135 1169 1392 1212 uectigaliaque
1414 1169 1614 1213 deffendere,
1652 1172 1765 1203 onmia
1786 1171 1982 1214 publicanis
2013 1182 2152 1214 negare.

269 1230 321 1262 lbi
342 1228 455 1260 minus
479 1232 631 1257 accurata
653 1225 859 1267 Heusingeri
889 1230 938 1255 est
965 1223 1150 1254 adnotatio.
1197 1222 1286 1252 Toto
1312 1222 1457 1264 denique
1486 1223 1546 1253 illo
1567 1234 1654 1253 anno
1677 1223 1764 1254 nihil
1786 1222 1973 1265 publicanis
1996 1223 2150 1265 responsi

270 1284 397 1319 datum,
426 1281 554 1311 Catone
578 1284 610 1309 et
633 1278 770 1309 consule
791 1277 931 1309 Metello
955 1274 1226 1317 inpedientibusg
1254 1286 1458 1316 quamquam
1481 1275 1518 1306 C.
1544 1275 1665 1306 Caesar
1689 1287 1765 1306 cum
1790 1276 1909 1307 Crasso
1932 1282 1966 1307 et
1988 1276 2153 1308 Cicerone

269 1335 410 1380 adsuit,
431 1339 470 1364 ut
493 1331 590 1362 docet
612 1331 824 1370 scholiastes,
860 1340 1002 1362 caussae
1019 1327 1305 1371 publicanorum,
1328 1326 1418 1358 inter
1441 1339 1511 1365 eos,
1544 1338 1626 1368 quos
1649 1328 1825 1359 adiutores
1850 1329 1967 1359 Cicero
1993 1329 2152 1372 appellat.

272 1386 439 1430 Quotiens
462 1384 566 1427 igitur
587 1395 625 1415 ea
649 1395 702 1414 res
725 1384 901 1426 agebatur,
942 1380 1032 1423 quod
1057 1391 1156 1422 saepe
1178 1378 1304 1410 factum
1326 1380 1373 1410 ait
1396 1380 1462 1411 Dio
1485 1379 1699 1418 XXXVIII,
1730 1391 1777 1421 7.‚
1810 1380 1892 1411 Cato
1925 1381 2067 1413 dicendo
2090 1393 2154 1414 ex-

271 1441 399 1473 imebat
422 1439 530 1469 diem:
554 1449 664 1479 neque
688 1437 779 1467 enim
802 1436 886 1466 aliut
910 1433 1019 1465 facere
1041 1438 1185 1476 poterat.
1231 1432 1385 1463 Tandem
1403 1444 1491 1463 anno
1507 1431 1701 1463 DCXCIV.
1720 1433 1930 1464 consulatum
1953 1434 2055 1466 iniuit
2069 1435 2155 1467 Cae-

273 1506 338 1533 sar,
361 1503 471 1535 neque
494 1497 604 1522 tamen
629 1490 662 1520 in
678 1496 794 1520 senatu
819 1487 969 1519 confecta
995 1498 1047 1518 res
1068 1491 1134 1517 est:
1159 1485 1230 1516 siue
1247 1486 1329 1516 Cato
1358 1486 1457 1516 etiam
1481 1491 1553 1516 tum
1575 1485 1728 1527 pristina
1751 1487 1996 1519 consuetudine
2017 1488 2155 1520 dicendi

275 1560 371 1581 mora
394 1546 484 1578 diem
507 1545 715 1581 ertraxerit,
747 1548 785 1572 ut
808 1541 842 1572 in
866 1541 931 1572 alia
954 1552 991 1571 re
1015 1539 1055 1570 de
1080 1540 1207 1571 Catone
1232 1539 1353 1570 Caesar
1375 1539 1446 1580 ipse
1470 1539 1495 1569 I.
1519 1539 1557 1569 B.
1583 1539 1657 1569 Ciu.
1679 1538 1730 1569 52.
1758 1545 1875 1580 postea
1896 1540 2050 1582 scripsit3
2083 1541 2155 1572 siue

274 1600 388 1646 potius
411 1598 473 1629 hac
496 1597 537 1627 de
560 1608 597 1628 re
619 1595 706 1627 nihil
729 1593 915 1633 rettulerit,
938 1599 977 1624 ut
1000 1604 1042 1623 ex
1066 1591 1195 1629 Dione,
1219 1593 1398 1634 Appiano,
1426 1591 1655 1632 Suetonioque
1678 1590 1871 1630 conficitur,
1895 1593 2013 1624 consul
2034 1593 2070 1624 in
2091 1605 2156 1636 po-

276 1651 389 1697 pulari
412 1650 544 1681 ratione
572 1648 909 1680 uehementissumus.
956 1643 1113 1676 Ualerius
1137 1646 1320 1676 Maxumus
1345 1646 1391 1682 II,
1426 1656 1477 1682 1ο,
1506 1656 1534 1686 7.
1566 1656 1608 1675 ex
1633 1644 1726 1675 0111111
1755 1645 1955 1686 antiquitate
1983 1658 2069 1678 unus
2095 1653 2154 1685 est,

279 1705 337 1749 qui
359 1704 521 1737 Catonem
543 1703 710 1734 aduersus
728 1701 933 1744 publicanos
961 1699 995 1729 in
1018 1698 1118 1729 curia
1140 1698 1282 1729 (licendo
1306 1699 1396 1729 diem
1421 1698 1653 1729 extrahentem
1677 1704 1791 1728 narret
1813 1709 1832 1728 a
1857 1699 1997 1730 Caesare
2020 1701 2155 1732 consule

278 1756 445 1802 prehendi
468 1755 614 1795 iussum,
653 1765 798 1796 eumque
821 1753 981 1783 uniuerso
1005 1757 1121 1781 senatu
1144 1757 1371 1793 prosequente
1394 1750 1525 1793 pudore
1548 1750 1735 1781 dimissum.
1781 1752 1839 1781 Set
1863 1751 1977 1794 potior
1999 1758 2048 1783 est
2069 1752 2155 1784 mihi

279 1810 400 1842 Dionis
424 1808 623 1847 auctoritas,
649 1809 706 1850 qui
730 1807 808 1838 libri
832 1806 922 1836 illius
946 1803 1043 1834 initio
1068 1810 1219 1835 accurate
1242 1810 1313 1834 acta
1338 1803 1487 1834 Caesaris
1517 1803 1549 1834 in
1575 1803 1749 1834 consulatu
1773 1810 1938 1843 recenset,
1962 1810 1995 1835 et
2017 1816 2043 1835 c.
2068 1805 2098 1836 5.
2120 1805 2156 1836 id

281 1863 430 1894 euenisse
455 1868 527 1892 tum
550 1861 680 1898 scribit,
712 1872 788 1891 cuni
811 1859 852 1889 de
875 1857 1005 1900 agraria
1028 1857 1101 1898 lege
1124 1857 1157 1886 in
1181 1863 1299 1888 senatu
1321 1862 1495 1898 ageretur,
1531 1868 1615 1897 quae
1638 1868 1689 1887 res
1715 1862 1785 1887 erat
1806 1857 1914 1887 multo
1937 1857 2155 1898 grauissuina.

282 1915 479 1948 Plutarchus
509 1914 735 1956 adstipulatur
767 1913 801 1943 111
827 1911 964 1943 Catonis
996 1910 1066 1941 uita
1089 1921 1116 1940 c.
1141 1910 1211 1948 53„
1251 1916 1301 1940 set
1326 1916 1434 1940 rostra
1466 1910 1554 1940 male
1579 1909 1690 1940 curiae
1712 1909 1901 1949 substituit,
1940 1920 2160 1953 erroremque

282 1970 353 2012 ipse
375 1979 473 1999 suum
496 1966 627 2009 prodit,
656 1977 732 1996 cum
755 1971 888 1997 senatus
914 1964 1075 1994 Catonem
1101 1963 1335 2005 prosequentis
1358 1962 1565 1993 mentionem
1589 1961 1683 2001 facit,
1708 1962 1765 2003 qui
1788 1968 1876 1993 certe
1899 1974 1968 1993 non
1992 1963 2101 1995 coibat
2123 1964 2158 1996 in

284 2021 369 2052 foro.
413 2020 534 2053 Ateius
559 2030 692 2061 quoque
717 2019 837 2061 Capito
863 2023 945 2060 aput
969 2017 1120 2047 Gellium
1145 2016 1214 2054 IV,
1242 2027 1308 2053 1ο.,
1340 2016 1397 2057 qui
1420 2027 1509 2054 reni,
1542 2015 1583 2045 de
1606 2026 1670 2056 qua
1696 2015 1944 2053 consuleretur,
1975 2027 2044 2047 non
2067 2017 2158 2049 indi-

284 2080 352 2113 cat,
378 2081 489 2105 tamen
512 2073 547 2104 in
573 2078 690 2104 senatu
716 2077 843 2113 gestam
867 2082 937 2101 esse
960 2075 1111 2100 testatur.
1157 2069 1260 2099 Errat
1281 2067 1385 2109 igitur
1411 2068 1444 2098 in
1468 2068 1541 2098 loco
1565 2067 1780 2105 Plutarchus,
1814 2066 1848 2097 111
1872 2078 1999 2107 caussa,
2023 2076 2061 2101 ut
2083 2071 2160 2114 opi.

286 2139 366 2165 nor,
389 2126 563 2163 Ualerius;
599 2136 700 2166 quem
723 2123 860 2165 quidem
887 2122 970 2153 haut
992 2121 1096 2153 semel
1122 2121 1328 2162 neglegentia
1352 2121 1482 2162 lapsum
1507 2119 1724 2162 deprehendi.
1771 2120 1962 2153 Conuersus
1985 2122 2088 2165 igitur
2115 2124 2164 2157 ad,¹

286 2179 451 2224 populum
475 2179 595 2209 Caesar
617 2179 727 2219 legem
750 2177 834 2206 hanc
856 2174 954 2206 facile
975 2175 1134 2217 pertulit,
1159 2185 1223 2216 qua
1246 2185 1332 2206 11011.
1359 2179 1397 2203 ut
1418 2173 1624 2215 postulatum
1648 2178 1718 2202 erat
1742 2171 1856 2211 initio,
1881 2173 2081 2207 locationem
2104 2177 2159 2208 in-

288 2231 404 2267 duxit,
440 2236 488 2261 set
518 2231 650 2261 tertiam
674 2228 868 2260 mercedum
890 2234 1022 2270 partem
1046 2227 1186 2258 remisit.
1233 2226 1326 2268 Quid
1349 2226 1419 2257 ita?
1457 2225 1534 2267 quia
1559 2236 1674 2255 recens
1697 2231 1829 2267 poterat
1851 2226 1971 2259 locatio
1994 2229 2158 2269 rescindi;

289 2285 400 2327 elapso
423 2289 534 2313 autem
558 2282 627 2313 fere
651 2282 787 2313 biennio
813 2282 879 2312 iam
903 2280 937 2311 id
962 2292 1031 2311 non
1053 2286 1125 2310 erat
1146 2280 1328 2321 integrunn
1353 2290 1419 2319 quo
1443 2277 1576 2319 quidem
1602 2283 1754 2320 tempore
1776 2280 1902 2322 accepti
1925 2287 1958 2311 et
1980 2282 2082 2313 soluti
2103 2294 2160 2318 ra..

291 2338 336 2370 tio
360 2335 540 2367 constabat.
584 2335 700 2375 ltaque
724 2335 787 2365 hoc
810 2334 971 2364 uidentur
992 2340 1124 2375 tempus
1144 2333 1311 2374 respicere
1336 2329 1515 2361 Suetonius
1537 2330 1571 2359 in
1587 2330 1679 2361 Caes.
1702 2342 1729 2361 c.
1755 2342 1816 2369 20„
1840 2332 1907 2364 Dio
1930 2333 1952 2364 1.
1966 2345 2005 2373 (3.,
2029 2340 2062 2365 et
2082 2335 2162 2377 Ap-

290 2392 410 2434 pianus
431 2389 475 2420 II.
500 2386 575 2418 Ciu.
603 2387 670 2425 15„
694 2398 770 2416 cum
792 2398 810 2416 a
833 2386 1020 2428 publicanis
1044 2386 1296 2423 remissionem,
1317 2382 1479 2422 ἐκδικίαν,
1499 2380 1621 2425 ἄφεσιν
1642 2384 1846 2427 postulatam
1867 2386 1993 2417 dicunt.
2038 2387 2159 2418 Sueto-
