2264 2746
807 103 834 134 C
852 104 882 133 A
901 105 940 134 P.
978 104 1156 134 XXXVII.
1183 102 1211 144 §.
1231 110 1277 138 90.
1919 114 1973 142 229

98 179 217 224 fuisse
239 185 311 212 tam
332 179 526 220 excordem,
549 180 610 224 qui
631 180 726 213 uiuis
750 180 826 219 his,
849 185 963 213 stante
984 180 1067 212 urbe
1089 185 1121 212 et
1144 180 1243 211 curia
1266 179 1461 212 rediturum
1483 193 1554 220 me,
1577 181 1608 213 si
1630 183 1796 220 ninerem,
1819 196 1883 215 non
1904 195 1972 227 pu—

106 234 223 266 taret?
246 239 278 264 et
302 244 363 275 pro
379 232 480 263 domo
502 243 529 264 c.
544 233 595 264 24.
626 232 792 265 Uidebam
815 234 897 266 ιιίιιο
916 239 1036 265 senatu
1054 233 1250 277 populoque
1264 234 1421 266 Romano
1444 235 1585 266 celerem
1606 236 1693 267 mihi
1715 236 1877 274 reditum,
1891 242 1971 266 etc..

104 285 145 317 In
167 285 342 323 omnibus,
379 296 463 327 quae
486 285 525 316 de
549 285 653 316 exilio
675 297 712 316 ac
734 285 842 317 reditu
865 298 925 317 suo
948 292 1017 317 tam
1040 298 1138 328 saepe
1165 287 1366 328 copioseque
1390 286 1538 326 disserit,
1569 299 1685 319 rerum
1709 287 1842 329 quidem
1866 295 1974 329 gesta-

105 349 182 370 rum
206 338 314 368 elucet
336 337 479 376 ueritas,
509 343 560 369 set
583 349 667 379 quae
689 338 833 369 oratorie
855 338 1067 381 glorioseque
1092 338 1263 378 dicuntur,
1293 350 1331 370 ea
1354 350 1462 381 neque
1486 339 1645 371 historice
1668 351 1777 382 neque
1801 339 1973 371 dialectice

104 395 183 421 sunt
209 388 411 420 excutienda.
431 389 593 421 seuerius.
639 389 873 422 conferendus
900 392 1038 423 omnino
1064 403 1150 423 unus
1176 397 1225 421 est
1246 391 1339 422 locus
1362 403 1424 433 pro
1448 393 1542 424 Sext.
1570 405 1596 424 c.
1622 404 1693 431 22.,
1721 404 1787 434 quo
1810 393 1891 424 haec
1917 405 1974 424 ea-

104 443 179 473 dem
203 441 408 473 enucleatius
432 440 606 483 fusiusque
628 449 819 485 pertractat.
860 444 960 483 Hor,
990 445 1118 486 inquit,
1150 443 1326 476 uidebam:
1357 445 1388 475 si
1410 457 1567 477 caussam
1584 446 1763 489 publicam
1785 458 1860 477 mea
1882 458 1973 478 mors

99 495 320 539 peremisset,
352 495 521 526 neminem
542 507 705 538 umquam
719 494 822 538 fore,
857 497 917 539 qui
938 498 1081 529 auderet
1104 498 1275 540 suscipere
1305 503 1423 530 contra
1447 499 1605 541 inprobos
1631 499 1720 530 ciuis
1744 499 1794 529 rei
1813 498 1974 541 publicae

103 547 261 579 salutem.
304 547 429 589 Itaque
451 560 517 578 uon
541 549 654 580 solum
676 549 708 580 si
730 550 769 580 ui
790 550 1002 588 interissem,
1037 556 1087 581 set
1109 550 1213 581 etiam
1233 550 1264 580 si
1286 550 1399 581 morbo
1423 552 1594 583 extinctus
1617 564 1741 589 essem,
1761 551 1845 593 fore
1864 558 1973 594 puta-

105 598 204 639 bam,
252 605 291 631 ut
323 600 516 642 exemplum
547 601 598 631 rei
621 613 659 644 p.
688 603 942 634 conseruandae
971 615 1101 634 mecum
1124 603 1230 634 simul
1260 603 1427 635 interiret.
1472 604 1559 642 Quis
1582 605 1671 636 euim
1694 616 1854 646 umquam
1878 616 1930 636 me
1951 617 1973 636 (ι

104 659 227 685 senatu
246 651 442 696 populoque
462 653 637 691 Romano,
663 659 759 685 tauto
782 656 934 686 omnium
956 655 1119 687 bonorum
1141 656 1268 694 studio,
1291 667 1357 687 non
1384 656 1556 694 restituto,
1581 658 1671 700 quod
1693 662 1792 694 certe,
1817 657 1848 687 si
1870 669 1974 688 essem

103 704 320 748 interfectus,
343 704 498 736 accidere
520 717 586 736 non
602 707 787 749 potuisset,
810 709 920 740 ullam
943 709 1047 751 reip.
1065 714 1205 750 partem
1227 720 1303 739 cum
1323 720 1387 739 sua
1410 709 1563 740 minuma
1587 709 1722 740 inuidia
1746 710 1888 740 auderet
1910 710 1974 741 (zd-

103 758 265 800 tingere?
286 773 329 780 —
372 757 470 800 Ego,
500 758 578 800 qui,
611 760 894 801 quemadmodum
917 761 1020 793 multi
1044 761 1079 791 iu
1102 766 1222 791 senatu
1247 772 1299 791 me
1321 759 1457 793 absente
1476 761 1661 799 dixerunt,
1685 762 1842 804 periculo
1868 763 1920 793 rei
1937 774 1973 805 p.

102 810 282 847 mittebam,
312 810 437 853 quique
460 810 498 841 ob
524 822 599 842 eam
620 824 778 844 caussam
801 813 1038 845 consularibus
1061 813 1188 843 litteris
1212 814 1253 845 de
1275 819 1415 845 senatus
1437 814 1607 846 sententia
1629 814 1754 845 exteris
1777 814 1974 846 nationibus

103 862 370 901 conmendabar,
394 874 521 900 noune,
547 864 578 895 si
599 877 709 895 meam
731 866 843 896 uitam
865 866 1106 904 deseruissem,
1137 876 1208 895 rem
1225 877 1263 907 p.
1280 867 1537 908 prodidissem?
1570 867 1605 898 in
1632 877 1702 908 qua
1725 866 1860 907 quidem
1884 878 1974 897 nuuc

102 928 157 948 me
179 917 339 948 restituto
362 917 455 947 uiuit
477 928 607 948 meeum
629 917 736 949 simul
756 919 948 962 exemplum
962 916 1056 960 fidei
1075 916 1249 960 publicae,
1273 919 1463 962 exemplum
1480 920 1531 950 rei
1547 918 1709 962 publicae
1732 916 1974 960 defendendae.

100 968 154 1000 Re
183 968 286 1010 igitur
316 974 468 999 accurate
491 975 665 1012 perspecta
687 981 835 1001 errorem
858 981 927 1001 non
950 969 1129 1000 ferendum
1159 980 1214 999 me
1237 970 1428 1009 sustulisse,
1464 982 1580 1001 ueram
1603 971 1782 1001 lectionem
1806 970 1973 1001 constabi-

101 1019 180 1051 lisse
205 1019 347 1054 confido,
393 1019 429 1050 Si
451 1019 567 1061 fallor,
598 1021 688 1052 uiam
710 1028 821 1053 tamen
848 1022 890 1052 ad
916 1022 1060 1052 certiora
1081 1021 1273 1053 muniuero.
1299 1023 1560 1054 GARATONIUS.
1606 1023 1803 1055 Uerissume
1827 1023 1973 1054 Garato-

100 1072 177 1104 nius
211 1073 388 1104 retinendo
418 1084 437 1103 a
460 1073 624 1104 Cicerone
653 1073 802 1117 potuisse
829 1074 931 1105 scribi
961 1072 1107 1115 negauit.
1154 1074 1265 1116 Quem
1296 1086 1373 1105 cum
1402 1085 1462 1104 nec
1492 1081 1626 1106 senatus
1656 1086 1717 1105 nec
1746 1076 1892 1118 populus
1917 1076 1971 1115 R.,

102 1125 283 1166 quominus
306 1125 341 1155 in
365 1125 509 1156 exilium
531 1126 612 1166 iret,
652 1126 860 1166 retinuisset,
898 1126 1009 1158 dicere
1034 1126 1133 1156 etiam
1161 1138 1179 1157 a
1201 1133 1318 1158 senatu
1341 1138 1375 1158 se
1397 1127 1594 1169 populoque
1616 1128 1773 1159 Romano
1803 1135 1972 1161 retentum

101 1188 172 1208 esse
194 1189 263 1208 non
286 1177 408 1220 potuit.
454 1177 563 1219 Atqui
589 1179 654 1210 hoc
678 1178 857 1211 manifesto
888 1178 1107 1222 significaret,
1145 1180 1173 1211 si
1197 1181 1374 1213 retinendo
1403 1179 1583 1220 legeretur.
1628 1179 1784 1219 Accedit,
1826 1181 1916 1222 quod
1940 1187 1973 1212 et

101 1230 202 1262 huius
225 1231 329 1262 totius
355 1230 420 1261 loci
443 1231 609 1262 sententia
635 1237 667 1262 et
689 1231 764 1271 ille,
807 1243 907 1274 quem
932 1232 1137 1263 Garatonius
1167 1244 1209 1264 ex
1232 1245 1280 1264 or.
1301 1244 1365 1276 pro
1389 1232 1473 1263 Sest.
1499 1232 1536 1262 C.
1559 1233 1676 1265 XXII.
1699 1232 1835 1271 adtulit,
1874 1233 1972 1264 Iucu-

99 1283 209 1315 lenter
241 1283 379 1323 (locent,
416 1294 485 1314 non
508 1294 605 1325 posse
628 1283 683 1314 hic
706 1283 747 1313 de
770 1283 835 1314 alia
857 1295 894 1314 re
917 1295 1017 1325 quam
1041 1284 1080 1315 de
1104 1285 1276 1317 Ciceronis
1304 1284 1518 1317 restitutione
1539 1296 1730 1316 sermonem
1753 1296 1833 1316 esse.
1878 1286 1971 1317 Uidit

98 1337 165 1368 hoc
187 1336 361 1367 Manutius
387 1347 538 1377 quoque,
580 1336 636 1377 qui
659 1336 695 1366 in
719 1347 757 1366 eo
780 1342 912 1367 tantum
936 1337 1080 1377 errauit,
1120 1338 1210 1380 quod
1235 1338 1340 1369 uerbo
1371 1338 1542 1371 retinendi
1570 1336 1845 1379 significationem
1869 1340 1970 1370 resti-

100 1389 221 1422 tuendi
248 1394 281 1419 et
303 1389 532 1420 conseruandi
554 1388 732 1427 adtribuit,
771 1399 871 1429 quam
900 1388 1023 1421 habere
1053 1391 1148 1422 nullo
1172 1397 1267 1433 pacto
1293 1396 1414 1432 potest.
1459 1391 1580 1431 Neque
1602 1401 1684 1420 uero
1712 1390 1802 1431 quod
1827 1391 1970 1423 Garato-

98 1442 175 1473 nius
200 1440 379 1483 legendum
402 1441 550 1483 putauit,
576 1441 613 1472 in
636 1454 688 1473 me
711 1442 941 1481 restituendo,
971 1443 1125 1484 equidem
1149 1455 1168 1474 a
1192 1444 1354 1475 Cicerone
1379 1443 1542 1485 scriptum
1569 1454 1639 1474 esse
1662 1443 1746 1473 mihi
1769 1444 1969 1485 persuadere

97 1505 247 1537 possum.
295 1493 446 1533 Omitto,
483 1493 695 1525 audaciorem
716 1494 934 1525 mutationem
958 1507 1046 1534 esse,
1082 1507 1158 1527 cum
1181 1497 1328 1529 retinere
1354 1502 1386 1527 et
1409 1496 1591 1528 restituere
1614 1495 1675 1526 uix
1698 1507 1859 1537 umquam
1883 1508 1902 1527 a
1925 1497 1969 1527 li-

98 1546 220 1578 brariis
244 1552 434 1578 conmutata
458 1547 681 1589 reperiantur.
727 1547 945 1587 Sententiam,
971 1560 1054 1590 quae
1078 1549 1157 1579 inde
1182 1550 1303 1589 existit,
1327 1560 1412 1590 nego
1436 1554 1550 1590 aptam
1573 1548 1652 1579 huic
1675 1548 1748 1579 loco
1774 1560 1853 1579 esse.
1898 1550 1968 1581 Mi·-

98 1611 202 1632 nume
225 1599 315 1630 enim
340 1599 571 1642 interpretatio
597 1599 778 1639 Garatoni,
815 1612 899 1641 quae
928 1612 990 1643 per
1013 1613 1047 1632 se
1072 1601 1208 1644 quidem
1239 1601 1362 1633 bonam
1384 1601 1585 1633 sententiam
1608 1600 1774 1636 continet,
1813 1602 1925 1633 uerbis
1949 1614 1968 1633 a

101 1653 265 1684 Cicerone
288 1653 406 1695 positis
430 1653 623 1695 respondet.
669 1654 912 1696 Interpretatur
934 1653 1008 1692 ille,
1033 1660 1067 1685 ut
1093 1654 1254 1695 uidimus,
1278 1656 1312 1687 h.
1333 1656 1445 1686 locum
1467 1655 1530 1685 ita:
1563 1665 1637 1686 mea
1658 1665 1749 1685 mors
1765 1656 1967 1697 peremisset

99 1706 183 1738 illut
205 1706 413 1748 exemplum,
439 1707 531 1750 quod
551 1718 603 1737 me
626 1711 697 1737 tam
719 1706 890 1745 studiose,
920 1712 991 1737 tam
1013 1707 1201 1750 honorifice
1224 1709 1434 1741 restituendo
1456 1712 1595 1739 senatus
1619 1706 1838 1751 populusque
1861 1709 1964 1740 dedit.

100 1758 149 1791 At
171 1770 240 1789 non
265 1757 353 1789 dixit
377 1758 513 1791 Cicero:
541 1759 580 1791 id
601 1759 810 1803 exemplum,
835 1759 927 1802 quod
948 1760 1043 1791 dedit
1064 1772 1116 1792 me
1138 1762 1349 1794 restituendo
1373 1766 1453 1800 etc„
1475 1766 1540 1791 set:
1568 1760 1606 1791 id
1627 1759 1828 1803 exemplum,
1853 1761 1965 1802 qualis

91 1810 244 1854 fictzcrus
269 1812 305 1842 in
326 1823 379 1843 me
401 1811 601 1855 —fiaeisset.
644 1812 758 1844 Uerba
780 1818 891 1843 autem
906 1812 1060 1857 ficturus
1080 1812 1216 1857 sitisset
1244 1812 1422 1845 manifesto
1444 1813 1635 1857 postulant,
1672 1817 1725 1851 ut,
1758 1812 1845 1853 quod
1867 1825 1965 1856 saepe

99 1863 138 1894 fit
159 1863 195 1894 in
215 1863 428 1904 huiusmodi,
463 1865 569 1907 qualis
594 1866 674 1896 haec
697 1871 765 1904 est,
789 1864 1032 1904 locutionibus,
1067 1877 1276 1908 suppressam
1302 1866 1449 1908 aliquam
1478 1865 1676 1897 sententiam
1699 1870 1897 1905 statuamus,
1933 1873 1964 1898 et

100 1915 236 1958 quidem
261 1917 364 1949 hanc:
402 1919 434 1949 si
456 1919 638 1958 uixissem,
677 1918 819 1960 ideoque
847 1929 962 1949 sensus
985 1917 1044 1949 sit:
1082 1931 1178 1951 nemo
1200 1931 1252 1951 me
1274 1925 1408 1951 mortuo
1439 1920 1527 1951 seire
1543 1923 1680 1962 posset,
1718 1918 1803 1961 quid
1824 1924 1964 1952 senatus

97 1969 314 2013 populusque
335 1972 401 2010 R„
437 1973 469 2003 si
495 1973 677 2011 uixissem‚
713 1972 755 2003 de
776 1983 846 2009 me,
879 1982 956 2002 cum
979 1971 1197 2010 restituerer,
1222 1971 1393 2015 facturus
1407 1969 1552 2014 fuisset.
1598 1971 1671 2002 Nec
1694 1970 1784 2001 enim
1807 1971 1870 2002 1100
1892 1973 1964 2004 cui-

103 2032 205 2064 quam
228 2033 297 2054 esse
320 2024 459 2056 dubium
482 2031 605 2068 potest,
635 2023 733 2066 quin,
765 2023 793 2054 si
815 2023 945 2065 legatur
969 2024 1004 2055 in
1028 2036 1080 2055 me
1103 2025 1331 2063 restituendo,
1363 2022 1394 2053 id
1417 2023 1529 2065 ipsum
1551 2021 1738 2064 significare
1761 2022 1895 2062 debeat,
1928 2025 1964 2056 in

101 2087 154 2107 me
173 2081 264 2114 tum,
307 2089 384 2108 cum
407 2079 627 2116 restituerer,
662 2077 719 2108 uel
741 2078 778 2109 in
805 2077 1021 2109 restitutione
1050 2089 1135 2109 mea.
1178 2079 1248 2108 Iam
1271 2089 1354 2108 uero
1383 2075 1532 2118 ineptam
1554 2081 1645 2117 patet
1667 2074 1733 2106 loci
1765 2077 1962 2108 sententiam

101 2128 173 2160 fieri
196 2128 307 2161 addito
338 2130 443 2162 uerbo
474 2131 695 2163 restituendo.
739 2130 819 2161 Non
851 2128 941 2159 enim
965 2129 1028 2159 hoc
1050 2128 1159 2171 potest
1182 2130 1299 2161 Cicero
1323 2129 1451 2167 dicere,
1486 2139 1545 2159 sua
1565 2133 1674 2158 morte
1703 2126 1854 2158 effectum
1878 2127 1961 2167 sore,

101 2187 140 2213 ut
162 2192 262 2212 nemo
285 2182 401 2222 sciret,
426 2184 506 2226 quid
529 2190 661 2215 senatus
685 2182 726 2213 de
748 2193 800 2221 se,
832 2182 860 2213 si
882 2181 1039 2219 uixisset,
1070 2182 1106 2212 in
1128 2182 1340 2213 restitutione
1359 2193 1417 2212 sua
1439 2180 1587 2212 facturus
1611 2180 1743 2218 fuisset,
1776 2185 1826 2211 set
1847 2191 1961 2211 neces-

101 2234 189 2267 sario
213 2234 310 2265 debet
332 2234 529 2278 simpliciter
550 2236 673 2275 dicere,
697 2246 755 2267 sua
778 2239 887 2264 morte
910 2233 1065 2264 effectum
1088 2233 1176 2273 fore,
1209 2240 1246 2265 ut
1268 2245 1368 2265 nemo
1391 2233 1506 2272 sciret,
1535 2232 1615 2275 quid
1636 2238 1765 2264 senatus
1789 2231 1829 2262 de
1852 2244 1902 2271 se,
1933 2232 1960 2263 si

101 2287 261 2327 uixisset,
296 2285 443 2319 facturus
465 2287 598 2329 fuisset,
629 2288 661 2319 id
684 2294 751 2326 est,
788 2293 903 2318 utrum
924 2293 1138 2330 suscepturus
1163 2298 1310 2318 caussam
1336 2286 1406 2317 eius
1425 2285 1558 2325 fuisset,
1594 2284 1802 2317 restituendo
1825 2295 1901 2314 eum
1925 2284 1960 2315 in

103 2340 268 2384 patriam,
302 2350 345 2370 an
367 2339 576 2380 deserturus,
614 2339 864 2379 commitendo,
900 2346 938 2371 ut
966 2341 1001 2371 in
1033 2340 1136 2371 exilio
1165 2345 1326 2370 maneret.
1371 2340 1426 2370 Ex
1454 2338 1506 2370 his
1529 2337 1721 2374 conficitur,
1762 2336 1959 2368 Ciceronem

103 2392 300 2436 simpliciter
323 2392 437 2436 qualis
448 2392 602 2436 futurus
624 2395 660 2426 in
682 2407 734 2426 me.
742 2392 876 2436 fuisset
899 2399 960 2424 etc.
984 2393 1128 2424 scribere
1149 2391 1333 2423 necessario
1359 2392 1528 2431 debuisse,
1550 2390 1760 2431 uerbumque
1783 2390 1959 2421 retinendo
