2264 2746
483 559 875 612 LIBER
968 562 1556 614 TERTIUS.

926 681 1114 717 CARI.

980 791 1052 820 DE

161 855 469 892 TEMPORE,
508 855 628 893 QUO
661 855 894 884 HABITA
929 855 1024 883 SIT
1065 856 1299 885 ORATIO
1335 858 1448 886 PRO
1484 857 1566 886 CN.
1603 857 1880 886 PLANCIO.

980 951 1008 992 ς.
1030 961 1054 985 1.

289 1025 452 1057 Uirorum
477 1025 655 1057 doctorum
676 1025 865 1058 sententiae
894 1025 936 1057 de
965 1038 1073 1065 anno,
1102 1038 1168 1070 quo
1197 1026 1317 1059 habita
1343 1026 1390 1059 sic
1413 1027 1524 1059 oratio
1548 1027 1756 1059 Plarzcz'ana.

81 1125 170 1180 Non
190 1162 249 1181 nna
267 1151 329 1181 fuit
347 1152 508 1181 hominum
529 1151 690 1180 doctorum
711 1151 748 1180 de
768 1157 917 1190 tempore,
938 1163 997 1191 quo
1018 1151 1123 1181 habita
1144 1163 1160 1180 a
1180 1154 1223 1181 M.
1247 1153 1355 1181 Tullio
1377 1153 1476 1182 oratio
1497 1153 1663 1182 Planciana
1682 1159 1772 1188 esset,
1792 1155 1952 1183 sententia.

81 1206 222 1242 Quorum
249 1200 307 1229 etsi
333 1201 477 1229 nonnulli
504 1209 611 1228 uerum
639 1199 697 1227 iam
723 1200 887 1236 uiderunt,
921 1200 1057 1229 minume
1076 1206 1178 1229 tamen
1198 1200 1237 1228 iis
1257 1201 1295 1229 ad
1314 1201 1490 1229 firmandam
1510 1202 1693 1230 sententiam
1714 1212 1797 1230 suam
1817 1203 1864 1231 usi
1884 1208 1955 1231 sunt

80 1249 283 1290 argumentis,
300 1253 336 1277 ut
355 1248 487 1277 aliorum
506 1252 632 1287 possent
651 1247 904 1286 adprobationem
925 1247 1082 1286 consequi.
1121 1248 1170 1276 Ne
1192 1248 1258 1287 ipse
1278 1249 1402 1287 quidem
1424 1249 1626 1285 Garatonius,
1647 1260 1825 1288 quamqualn
1845 1261 1953 1278 uerum

80 1310 193 1330 annum
212 1297 286 1326 huic
307 1297 441 1325 orationi
461 1296 632 1334 adsignauit
651 1296 808 1334 multaque
828 1295 949 1333 egregie
968 1295 1105 1332 monuit,
1134 1301 1231 1324 totam
1251 1296 1329 1325 hanc
1349 1307 1414 1325 rem
1435 1297 1478 1325 ita
1497 1297 1574 1325 mihi
1595 1298 1720 1326 uidetur
1740 1303 1900 1333 tractasse,
1921 1302 1953 1325 ut

80 1353 112 1377 et
131 1345 295 1386 perspicua
315 1343 440 1372 omnino
461 1343 629 1382 disputatio
651 1343 717 1371 eius
737 1348 817 1372 esset
837 1353 937 1382 neque
957 1344 1119 1383 quicquam
1139 1345 1211 1373 falsi
1231 1345 1413 1373 contineret.
1444 1344 1535 1372 Unde
1555 1345 1668 1374 factum
1692 1351 1746 1381 est,
1767 1351 1801 1375 nt
1822 1345 1953 1384 quidam,

82 1396 135 1435 qui
154 1398 225 1433 post
246 1391 448 1420 Garatonium
475 1391 554 1420 hanc
581 1392 753 1420 orationem
779 1391 961 1427 ediderunt,
987 1393 1093 1421 falsam
1113 1393 1241 1421 mallent
1261 1392 1389 1421 Schutzi
1410 1393 1590 1432 opinionem
1610 1398 1768 1432 repetere,
1804 1403 1892 1431 quam
1912 1402 1951 1420 ex

82 1440 231 1471 Garatoni
252 1439 468 1467 dissertatione
486 1450 561 1469 uera
581 1450 690 1469 eruere
709 1439 985 1478 peruolgatumque
1012 1451 1149 1469 errorem
1178 1440 1343 1479 corrigere.
1382 1440 1490 1479 Itaque
1509 1451 1574 1469 rem
1595 1441 1632 1469 de
1651 1442 1772 1479 integro
1793 1441 1951 1480 explican-

80 1491 148 1520 dam
168 1487 301 1518 decreui.
331 1487 423 1523 Quod
439 1498 499 1525 quo
514 1488 640 1517 breuius
661 1487 888 1526 dilucidiusque
908 1488 1006 1525 fieret,
1025 1489 1264 1528 praemittendas
1284 1488 1445 1517 hominum
1466 1488 1628 1518 doctorum
1647 1489 1814 1518 sententias
1834 1488 1950 1526 putaui,

79 1549 118 1568 ne
135 1535 395 1566 conmemorandis
416 1535 459 1563 eis
475 1546 509 1564 ac
529 1536 700 1565 refutandis
721 1536 888 1574 disputatio
907 1543 1014 1566 nostra
1033 1538 1298 1577 interpellaretur.
1337 1537 1384 1566 Ita
1404 1537 1456 1576 qui
1476 1537 1578 1576 legere
1599 1547 1647 1565 eas
1667 1537 1829 1572 recusabit,
1848 1536 1950 1565 statim

79 1587 116 1616 ad
142 1596 190 1621 ea,
216 1594 291 1623 quae
317 1582 345 1623 3.
365 1593 392 1613 2.
420 1584 635 1623 exposuimus,
673 1584 901 1623 progrediatur,
939 1584 1095 1613 omittere
1121 1590 1225 1614 autem
1252 1594 1380 1625 prorsus
1409 1595 1467 1623 pro
1495 1585 1643 1614 editionis
1669 1590 1791 1614 nostrae
1817 1584 1947 1613 consilio

77 1643 139 1663 nou
159 1631 259 1660 licuit.

151 1680 200 1709 Ac
218 1679 352 1718 primmn
371 1679 494 1718 quidem
513 1679 672 1709 Manutius
692 1680 724 1708 in
744 1690 807 1718 arg.
826 1679 918 1709 huius
939 1690 984 1709 or.
1004 1680 1141 1710 monuit:

152 1728 260 1763 „Hanc
281 1727 452 1756 orationem
472 1732 504 1756 et
522 1738 586 1756 eam
606 1738 664 1766 pro
685 1728 800 1757 Scauro
821 1728 930 1758 habuit
950 1728 1057 1757 eodem
1077 1739 1168 1766 anno,
1188 1728 1221 1758 id
1241 1734 1287 1758 est
1305 1729 1345 1757 L.
1364 1728 1518 1765 Domitio,
1537 1729 1597 1767 Ap.
1618 1727 1746 1757 Claudio
1767 1737 1858 1764 coss.;
1879 1737 1947 1755 nam

78 1777 137 1815 Ep.
163 1775 201 1803 ad
226 1775 264 1811 Q.
292 1775 329 1803 fr.
350 1774 468 1811 III,-1.
494 1776 537 1803 ita
563 1776 687 1804 scribit:
713 1779 867 1806 oratione-s·
887 1787 948 1814 pro
966 1777 1083 1805 Scauro
1104 1783 1133 1805 et
1155 1787 1214 1815 pro
1232 1779 1366 1806 Plancio
1393 1779 1584 1817 efflagitatas
1612 1776 1739 1804 absolui.
1776 1775 1946 1804 Defensum

77 1830 179 1854 autem
205 1824 352 1851 Scaurum
383 1831 448 1851 esse
476 1823 538 1851 illis
566 1824 758 1861 consulibus,
786 1825 901 1853 diserte
927 1830 1030 1854 narrat
1056 1824 1227 1862 Asconins;
1255 1830 1291 1853 ut
1317 1825 1389 1854 illut
1415 1825 1570 1860 omittam,
1598 1823 1679 1862 quod
1706 1833 1744 1850 ex
1764 1822 1822 1862 Ep.
1849 1824 1887 1852 ad
1907 1825 1945 1859 Q.

75 1873 114 1902 fr.
135 1872 183 1907 II,
210 1880 234 1899 1.
273 1871 483 1908 intellegitur,
511 1870 669 1899 tribunum
693 1872 737 1911 pl.
757 1872 916 1902 Plancium
942 1873 1038 1902 fuisse
1056 1872 1242 1902 Marcellino
1269 1878 1301 1901 et
1320 1872 1470 1912 Philippo
1497 1883 1590 1909 coss.;
1619 1882 1678 1910 quo
1706 1871 1874 1900 uerisimile
1901 1872 1945 1908 fit,

76 1919 203 1949 biennio
222 1923 310 1957 post,
330 1917 362 1945 id
382 1923 427 1946 est
447 1918 484 1946 L.
504 1918 666 1954 Domitio,
685 1919 745 1957 Ap.
766 1920 896 1948 Claudio
918 1931 994 1949 coss.
1015 1921 1204 1949 aedilitatem
1223 1921 1368 1960 petisse.“

149 1969 235 1997 Haec
255 1966 430 2001 Manutius,
451 1972 558 1995 contra
577 1976 667 2005 quem
687 1967 845 1996 Ferratius
864 1968 946 2008 EPP·
965 1969 1004 1997 L.
1025 1969 1066 1997 V.
1087 1979 1133 2007 ep.
1156 1979 1198 1998 12.
1219 1979 1248 2008 p.
1268 1968 1323 1997 365
1335 1979 1398 2007 sq.:

149 2015 284 2052 „Errant
302 2015 476 2050 Manutius,
498 2014 674 2050 Com-adus,
693 2014 857 2052 Latonius,
877 2022 908 2046 et
927 2016 1068 2055 Frigius,
1087 2016 1141 2055 qui
1162 2017 1345 2046 Ciceronem
1364 2016 1425 2055 Ap.
1447 2015 1576 2045 Claudio
1596 2021 1627 2045 et
1645 2016 1684 2044 L.
1703 2016 1846 2045 Domitio
1867 2026 1941 2044 coss.

77 2075 133 2104 pro
152 2063 279 2092 Plancio
300 2062 416 2091 dixisse
435 2062 634 2091 arbitrantur.
671 2062 774 2100 Atque
795 2063 914 2100 onmia,
947 2075 1024 2103 quae
1042 2065 1221 2094 adtulerunt
1246 2069 1440 2102 argumenta,
1470 2069 1506 2093 ut
1523 2074 1580 2103 per
1599 2075 1631 2092 se
1650 2064 1753 2093 inania
1773 2075 1806 2093 ac
1826 2063 1943 2092 nullius

77 2122 142 2141 esse
160 2111 306 2150 ponderis
325 2116 486 2150 appareat,
520 2109 687 2138 notandum
706 2109 841 2148 primum
862 2116 923 2148 est,
950 2113 1135 2142 Ciceronem
1154 2123 1217 2141 non
1244 2113 1363 2148 statim,
1388 2122 1422 2140 ac
1442 2111 1563 2140 dixerat
1580 2122 1639 2151 pro
1658 2113 1760 2150 aliquo
1780 2122 1851 2147 reo,
1873 2122 1942 2140 ora-

77 2160 193 2188 tionem
220 2159 312 2188 edere
337 2169 371 2188 ac
399 2158 470 2188 dare
496 2157 559 2186 suis
587 2157 747 2196 discipulis
775 2159 992 2188 excribendam
1011 2161 1137 2189 solitum
1163 2160 1275 2197 fuisse5
1303 2166 1349 2188 set
1369 2160 1525 2198 aliquanto
1552 2165 1623 2198 post
1643 2165 1674 2188 et
1692 2161 1810 2199 aliquot
1830 2159 1942 2198 elapsis

77 2207 246 2243 mensibus,
266 2206 319 2235 ubi
339 2207 468 2236 dabatur
487 2206 602 2242 ot'rum,
622 2216 687 2235 eam
708 2206 790 2234 domi
809 2206 988 2236 absolue-bat
1007 2208 1211 2247 uolgabatque
1237 2208 1271 2236 in
1298 2207 1425 2245 gratiam
1452 2207 1606 2236 studiosae
1632 2208 1814 2237 iuuentutis.
1855 2209 1941 2243 Qua-

76 2258 221 2292 propter,
245 2258 281 2282 ut
300 2265 373 2284 mox
399 2254 573 2290 ostendam,
599 2253 759 2282 Plancium
787 2254 965 2283 defenderat
990 2255 1138 2294 Pompeio
1166 2261 1197 2284 ct
1224 2256 1334 2284 Crasso
1362 2266 1455 2293 coss.;
1484 2257 1631 2284 Scaurum
1659 2261 1760 2284 autem
1780 2256 1837 2285 IV.
1857 2256 1940 2284 Non.

77 2301 264 2339 Septembris
283 2301 356 2330 anni
375 2302 547 2341 sequentis,
565 2302 703 2330 Asconio
723 2308 819 2339 teste3
847 2308 877 2331 et
896 2307 967 2341 post
986 2313 1081 2331 unum
1101 2309 1153 2332 aut
1171 2304 1300 2332 alterum
1319 2314 1453 2332 mensem
1472 2304 1581 2333 scribit
1602 2305 1721 2341 Quinto
1742 2305 1848 2339 fratri,
1869 2314 1939 2332 ora-

75 2349 176 2378 tiones
196 2359 252 2387 pro
271 2354 403 2387 utroque
422 2349 541 2378 habitas
569 2355 634 2378 tum
655 2350 775 2379 demum
796 2362 812 2379 a
831 2361 863 2379 se
883 2350 1036 2379 absolutas
1055 2352 1159 2380 sitisse.
1196 2351 1321 2380 Deinde
1340 2352 1373 2380 in
1394 2362 1427 2380 ea
1447 2352 1578 2391 epistola
1598 2352 1661 2387 ΙΙΙ,
1684 2363 1707 2381 1.
1734 2353 1808 2381 haec
1830 2353 1938 2389 legun—

75 2402 128 2426 tur
146 2394 173 2436 §.
190 2397 233 2425 5.:
251 2396 365 2425 Adhuc
384 2403 452 2426 erat
471 2399 564 2426 ualde
583 2399 744 2435 incertum,
766 2405 794 2428 et
814 2398 937 2437 quando
958 2400 1084 2427 comitia
1104 2405 1133 2427 et
1152 2402 1206 2438 qui
1225 2401 1363 2429 consules
1374 2400 1489 2438 flaturi
1508 2406 1624 2434 essent;
1644 2400 1676 2427 in
1698 2410 1732 2428 ea
1751 2411 1841 2434 uero,
1862 2409 1938 2437 quae

77 2444 230 2484 sequitur:
259 2454 306 2472 res
324 2445 448 2474 uidetur
473 2451 611 2483 spectare
640 2447 685 2475 ad
708 2449 941 2485 interregnwn;
968 2449 1106 2476 consules
1131 2449 1257 2476 comitia
1281 2447 1393 2477 habere
1414 2450 1562 2486 cupiunt,
1596 2451 1642 2476 rei
1662 2448 1779 2476 nolunt.
1818 2446 1937 2483 Quodsi

1507 2502 1524 2528 9
