2264 2746
272 77 350 105 LIV
941 78 1470 110 PROLEGOMENA.

274 152 430 192 exemplar
449 153 627 194 descripsit,
650 164 688 182 ex
707 164 767 192 quo
787 153 856 182 sam.
877 152 987 182 tertiae
1007 153 1128 182 codices
1148 154 1210 183 orti
1231 160 1312 191 sunt,
1332 155 1570 186 additamentum
1590 156 1662 185 illut
1683 157 1784 186 textui
1804 157 1934 187 inlatum
1954 168 2034 187 esse:
2054 158 2137 197 quod

273 200 300 228 si
320 200 434 230 factum
453 207 546 238 esset,
580 202 614 230 iu
635 202 775 230 omnibus
796 201 937 239 profecto
957 201 1028 229 fam.
1048 201 1134 230 illius
1155 201 1314 231 codicibus
1335 203 1461 233 deberet
1481 210 1604 241 extarc3
1639 209 1707 240 aut,
1742 205 1767 234 si
1787 215 1850 233 non
1870 211 2004 242 extaret,
2029 206 2137 244 negle-

274 249 375 286 gentia
395 250 539 279 omissum
558 260 622 278 esse
642 249 827 278 censendum
847 255 942 278 esset:
981 254 1043 286 set,
1070 249 1104 277 id
1124 249 1206 288 quod
1224 259 1287 278 non
1315 261 1386 280 raro
1405 253 1534 288 accidit,
1567 262 1628 281 una
1649 262 1717 281 curn
1738 262 1774 281 eo
1794 254 1908 289 uerbo,
1941 264 2034 293 super
2054 254 2138 293 quod

274 297 423 336 scriptum
443 304 523 334 erat,
549 298 614 325 siue
642 307 698 335 pro
725 297 811 324 uaria
836 297 972 325 lectione
998 297 1064 325 siue
1091 308 1148 336 pro
1175 298 1274 336 glossa
1293 298 1326 327 in
1347 310 1451 337 suum,
1480 311 1569 339 quem
1589 301 1771 339 scripserat,
1799 301 1935 330 codicem
1955 302 2137 330 translatum

275 355 350 374 esse.
388 346 433 374 Ita
452 346 538 374 uides
557 344 712 373 facillume
738 344 806 372 fieri
832 345 987 383 potuisse,
1017 351 1051 373 ut
1071 345 1103 373 in
1125 346 1203 374 alios
1229 347 1300 375 fam.
1322 347 1433 376 tertiae
1461 349 1581 377 codices
1601 349 1761 384 transiret,
1788 348 1821 376 in
1841 349 1909 377 aliis
1930 350 2136 385 omitteretur,

276 393 308 420 in
336 393 412 421 alios
439 391 570 430 denique
594 402 652 430 pro
675 402 753 420 uoce
780 393 911 430 genuina
937 393 1139 432 reciperetur.
1178 395 1301 423 Fecisse
1327 395 1360 423 id
1387 395 1549 425 librarium
1577 397 1665 425 illum
1685 406 1929 436 nonnumquam,
1958 408 2138 437 quamquam

277 441 456 479 plerumque
483 439 560 467 solas
586 439 698 477 glossas
724 441 951 478 interlinearis,
979 452 1054 480 quae
1082 442 1115 470 in
1143 442 1210 471 cod.
1235 442 1379 481 principe
1408 444 1570 480 extabant,
1601 455 1658 483 pro
1685 445 1825 482 genuinis
1852 446 1956 474 uerbis
1982 445 2139 484 recepisse

277 499 368 526 supra
387 488 535 523 uidimus,
565 497 628 516 non
648 488 747 517 solum
775 499 813 517 ex
840 489 899 518 hoc
926 490 1013 525 loco,
1040 500 1149 518 uerum
1170 500 1209 518 ex
1234 490 1303 519 aliis
1324 491 1415 520 etiam
1442 492 1609 528 concludo,
1634 493 1689 521 ubi
1718 493 1872 529 diuersae,
1899 494 2028 532 quaein
2050 492 2139 522 codi-

277 536 362 564 cibus
382 540 466 570 sunt,
501 535 671 574 scripturae
698 537 780 565 unde
801 544 886 566 ortae
905 539 985 574 sint,
1013 539 1073 567 alio
1094 538 1184 567 inodo
1204 549 1330 577 prorsus
1351 539 1501 578 explicari
1520 540 1637 578 nequit.
1676 540 1836 569 Eiusmodi
1857 542 1961 577 locus,
1989 546 2024 570 ut
2042 549 2139 570 unum

277 593 357 612 nunc
376 582 526 619 adferam,
544 583 571 611 is
590 584 667 612 mihi
687 585 828 621 uidetur,
848 586 901 624 qui
921 587 955 615 C.
976 586 1088 615 XXX.
1109 584 1136 626 ἕ.
1158 587 1201 622 73.
1221 593 1306 616 extat
1328 592 1358 616 et
1377 587 1411 615 in
1429 588 1586 626 plerisque
1606 587 1795 618 editionibus
1815 589 1857 618 ita
1877 589 2040 618 scribitur:

351 635 414 672 Qui
433 651 471 656 --
488 638 534 664 sic
551 647 669 665 meeum
687 648 803 676 semper
823 641 930 675 egisti,
963 646 992 668 te
1011 640 1089 668 mihi
1107 641 1262 668 remittere
1281 646 1374 678 atque
1393 641 1571 671 concedere,
1597 647 1632 668 ut
1651 650 1738 669 omne
1757 643 1895 671 studium
1915 652 2014 671 meum
2033 643 2068 670 in
2086 640 2140 670 Cn.

276 684 392 712 Planci
410 683 522 712 honore
541 694 761 722 consumerem,
788 687 870 724 quod
887 690 952 715 eius
971 690 1005 715 in
1025 698 1071 716 me
1090 690 1234 716 meritum
1254 688 1312 717 tibi
1332 690 1455 717 etiam
1471 695 1601 725 gratnm
1620 700 1682 718 esse
1702 689 1832 718 diceba&

349 735 470 764 Primus
491 736 660 774 Graeuius,
689 749 779 777 quem
799 744 921 767 secutus
943 740 1080 768 Orellius
1102 746 1163 776 est,
1188 746 1260 779 post
1280 743 1374 769 etiam
1396 741 1513 769 addidit
1534 744 1613 780 ipsi,
1642 741 1724 780 quod
1743 752 1913 780 pronomen
1934 752 1996 770 non
2014 742 2040 770 B
2061 746 2092 769 et
2111 740 2139 769 E

276 783 390 819 solum,
409 790 455 812 set
475 785 566 814 etiam
586 787 644 822 Pa,
666 787 706 821 C,
726 787 774 822 H,
797 787 833 822 S,
855 787 899 822 T,
926 793 955 816 et
975 798 995 823 ψ
1016 787 1140 818 habent.
1179 788 1243 816 Iam
1263 798 1385 827 quaeso,
1405 788 1457 826 qui
1477 789 1592 817 factum
1613 789 1669 825 sit,
1689 794 1724 817 ut
1742 789 1776 817 in
1795 790 1924 828 reliquis
1942 790 2010 819 fam.
2028 789 2140 820 tertiae

276 831 433 859 codicibus
454 833 666 862 omitteretur!
693 834 804 872 Neque
825 835 905 863 enim
926 835 991 864 eius
1013 836 1077 864 ullo
1098 836 1188 865 modo
1209 835 1362 864 sententia
1383 837 1510 874 probari
1530 841 1651 876 potest,
1679 836 1731 875 qui
1753 837 1788 865 ab
1810 837 1864 873 iis,
1884 848 1901 865 a
1921 836 2031 875 quibus
2051 835 2139 864 codi—

276 889 326 907 ces
346 886 416 909 sunt
436 881 567 917 exarati,
594 882 627 910 in
647 882 758 920 quibus
785 883 915 921 legitur,
939 884 1112 922 profectum
1141 884 1231 912 dicat.
1270 883 1380 922 Neque
1406 885 1531 913 omnino
1559 885 1674 923 glossae
1695 885 1833 913 similest.
1871 885 1979 924 Itaque
1998 883 2140 923 equidem

276 928 395 956 nullum
414 928 466 957 hie
491 929 628 967 relinqui
655 930 816 959 dubitandi
843 932 945 960 locum
972 931 1123 968 arbitror,
1157 931 1232 970 quin
1257 931 1291 959 in
1317 932 1423 960 codice
1450 932 1593 971 principe
1620 933 1676 961 tibi
1700 935 1761 970 ipsi
1781 940 1911 972 gratum
1936 932 2085 972 seriptum
2109 938 2141 962 et

276 985 367 1014 super
389 978 451 1013 ipsi
470 977 644 1016 explicandi
665 988 769 1007 caussa
792 982 885 1008 etiam
907 979 1059 1017 particula
1078 980 1178 1018 posita
1197 979 1309 1015 fucrit,
1329 985 1494 1018 utrumque
1514 986 1615 1009 autem
1637 991 1750 1008 nomen
1768 981 1804 1009 ab
1829 981 1975 1010 ambobus
1994 979 2142 1014 librariis,

277 1024 330 1061 qui
357 1024 493 1053 codicem
519 1024 693 1063 principem
722 1025 967 1064 descripserunt,
993 1033 1147 1056 retentum
1175 1028 1288 1063 fuerit,
1316 1028 1359 1056 ita
1386 1033 1506 1064 tamen,
1532 1034 1567 1057 ut
1587 1028 1631 1064 is,
1651 1028 1703 1067 qui
1723 1029 1837 1057 librum
1857 1029 2000 1067 scripsit,
2020 1039 2060 1057 ex
2079 1038 2140 1067 quo

275 1073 345 1100 fam.
367 1073 476 1101 tertiae
497 1072 617 1101 codices
637 1073 788 1110 originem
809 1074 980 1111 duxerunt,
1013 1075 1141 1104 alterum
1162 1086 1218 1114 pro
1239 1075 1324 1103 uaria
1343 1075 1477 1104 lectione
1497 1087 1590 1115 super
1616 1077 1747 1106 alterum
1774 1082 1906 1115 poneret
1931 1076 1984 1105 uel
2010 1075 2142 1114 margini

277 1120 474 1149 adscriberet.
514 1121 658 1149 Ceterum
685 1131 747 1149 non
776 1132 852 1159 opus
877 1129 938 1158 est,
965 1129 1001 1152 ut
1027 1124 1122 1152 uerbo
1152 1123 1294 1158 doceam,
1314 1128 1438 1161 optume
1466 1124 1564 1152 solum
1592 1127 1655 1163 ipsi
1682 1124 1792 1153 omissa
1819 1126 1914 1153 eliam
1939 1123 2091 1163 particula
2108 1133 2142 1151 se

276 1167 399 1196 habere.
439 1168 662 1203 Nihilominus,
683 1179 721 1196 ne
741 1170 870 1199 nimium
891 1171 1077 1200 coniecturis
1097 1171 1173 1199 meis
1192 1170 1330 1199 tribuere
1350 1171 1483 1207 uiderer,
1503 1181 1569 1200 eam
1591 1172 1803 1210 recipiundam
1823 1172 2006 1211 scripturam
2024 1170 2144 1210 putaui,

278 1226 365 1254 quam
386 1216 505 1254 optumi
525 1216 599 1244 libri
620 1222 790 1246 tuerentur.

351 1265 460 1303 Longe
479 1265 571 1293 etiam
590 1275 658 1293 mea
677 1266 830 1294 sententia
850 1277 866 1294 a
885 1276 960 1295 uero
981 1267 1137 1296 aberrauit
1158 1266 1313 1302 OrelliuS,
1343 1265 1395 1304 qui
1416 1266 1449 1295 C.
1470 1267 1616 1295 XXXV.
1637 1265 1663 1306 §.
1684 1266 1729 1297 86.
1750 1277 1818 1295 cum
1839 1266 2026 1303 Garatonio,
2054 1266 2142 1295 cuius

276 1312 505 1342 adnotationem
525 1313 558 1341 in
577 1313 673 1341 imum
692 1312 859 1350 marginem
880 1315 977 1344 reieci
993 1315 1037 1355 *),
1070 1316 1164 1345 trium
1184 1315 1252 1344 sam.
1273 1313 1384 1343 tertiae
1411 1314 1551 1343 codicum
1571 1315 1756 1344 auctoritate
1776 1325 1822 1343 me
1841 1324 2012 1353 pronomen
2032 1314 2143 1352 expel-

277 1360 401 1388 lendum
421 1360 552 1399 putauit.
589 1361 723 1399 Legitur
741 1361 827 1389 locus
848 1362 917 1399 ille,
938 1374 1029 1402 quem
1049 1364 1137 1400 dico,
1157 1363 1190 1391 in
1209 1362 1367 1401 plerisque
1386 1361 1575 1391 editionibus
1595 1363 1638 1391 sic
1658 1363 1805 1402 scriptus:

352 1415 417 1452 Ego
443 1424 516 1442 uero
534 1414 644 1452 fateor
669 1413 907 1447 mehercule,
943 1418 1026 1456 quod
1049 1418 1182 1447 uiderim
1207 1415 1286 1444 milzi
1310 1416 1466 1444 auxilium
1489 1425 1551 1444 non
1577 1417 1694 1450 deesse,
1725 1417 1841 1445 idcirco
1867 1426 1920 1445 me
1945 1415 1996 1445 illi
2023 1416 2142 1444 auxilio

275 1473 456 1500 [ΜΊΙΘΓΟΜΒΡ.

354 1510 470 1538 Contra
488 1509 521 1537 in
541 1509 676 1548 optumis
695 1520 728 1538 ac
748 1511 900 1549 plurumis
921 1512 1078 1541 codicibus
1098 1522 1161 1540 non
1180 1511 1350 1540 mehercule
1369 1511 1531 1547 scribitur,
1557 1516 1603 1540 set
1627 1522 1695 1546 me;
1722 1511 1863 1540 scribunt
1881 1510 1924 1539 ita
1942 1511 1984 1547 B,
2010 1510 2056 1546 E,
2081 1511 2144 1548 Ma,

280 1559 351 1593 Mb,
375 1558 439 1593 Le,
467 1557 529 1593 Pb,
557 1558 615 1593 Pc,
640 1557 688 1593 D,
717 1558 763 1595 G,
783 1559 851 1595 Br.,
872 1561 920 1596 H,
943 1561 979 1596 S,
1001 1560 1046 1596 T,
1066 1568 1100 1594 ς,
1121 1564 1151 1588 et
1170 1560 1224 1597 χ3.
1264 1559 1348 1587 Idem
1368 1570 1443 1588 uero
1464 1559 1556 1595 libri,
1585 1559 1724 1598 exceptis
1743 1559 1813 1595 Br.,
1841 1559 1887 1595 T,
1907 1564 1938 1587 et
1956 1559 2018 1597 23,
2037 1569 2143 1587 omnes

280 1607 415 1635 retinent
435 1617 481 1634 me
500 1615 671 1644 pronomen
692 1611 761 1643 post
781 1608 913 1641 ideirco,
934 1607 1015 1645 quod
1034 1612 1118 1646 patet
1138 1618 1154 1635 a
1176 1606 1328 1635 Cicerone
1346 1617 1410 1636 non
1429 1607 1568 1646 potuisse
1587 1607 1672 1643 addi,
1692 1607 1718 1635 si
1738 1607 1829 1646 paulo
1851 1612 1921 1635 ante
1940 1617 2004 1635 non
2023 1606 2142 1635 meher-

282 1657 346 1683 cale
366 1660 411 1682 set
432 1664 477 1681 me
497 1653 630 1691 scripsit.
668 1653 774 1691 Itaque
797 1654 945 1691 Orellius,
975 1655 1027 1694 qui
1047 1666 1103 1694 pro
1125 1653 1296 1683 mehercule
1316 1666 1487 1694 pronomen
1507 1666 1553 1684 me
1573 1655 1700 1694 recepit,
1721 1665 1760 1683 ex
1779 1655 1840 1690 Br.,
1861 1655 1899 1691 T,
1920 1659 1951 1683 et
1968 1655 2016 1691 23
2034 1659 2143 1683 aucto·-

282 1703 372 1730 ritate
393 1713 438 1730 me
458 1705 529 1739 post
548 1701 662 1729 idcirco
683 1701 807 1730 deleuit.
846 1703 914 1731 Etsi
936 1704 1117 1732 Ciceronem
1138 1703 1273 1731 scribere
1294 1703 1338 1731 sic
1357 1703 1496 1742 potuisse
1516 1713 1605 1731 nemo
1626 1703 1765 1741 negabit,
1798 1708 1900 1731 tamen
1919 1703 1962 1731 ita
1981 1712 2043 1730 non
2063 1702 2142 1730 scri—

283 1749 393 1787 psisse,
414 1748 553 1776 codicum
573 1748 744 1786 scripturae
764 1756 852 1779 extra
872 1751 1113 1779 controuersiam
1134 1755 1264 1789 ponunt.
1292 1751 1371 1779 Nam
1392 1757 1426 1780 ut
1447 1750 1527 1779 nihil
1546 1761 1628 1779 nunc
1648 1751 1680 1778 id
1700 1761 1832 1789 urgeam,
1852 1750 1934 1789 quod
1951 1750 2019 1779 iure
2037 1750 2143 1788 urgeri

283 1801 394 1834 potest,
410 1796 504 1824 trium
520 1796 644 1824 illorum
660 1797 800 1826 codicum
819 1799 1002 1837 scripturam
1018 1799 1103 1827 nullo
1121 1804 1209 1837 pacto
1225 1798 1415 1837 reliquorum
1429 1799 1581 1827 librorum
1596 1798 1725 1826 lectioni
1742 1797 1892 1837 praeferri
1906 1808 2006 1836 posse,
2021 1798 2143 1827 cuinam

283 1843 406 1871 tandem
426 1843 590 1881 interpreti
606 1849 658 1872 aut
672 1844 800 1874 librario
820 1846 853 1874 in
869 1852 1003 1874 mentem
1023 1852 1145 1884 poterat
1160 1846 1276 1881 uenire,
1296 1852 1365 1884 post
1379 1848 1495 1875 idcirco
1515 1846 1625 1874 addere
1642 1857 1698 1880 me,
1718 1846 1744 1874 si
1763 1846 1863 1885 ipsum
1881 1845 1955 1874 istut
1970 1856 2143 1885 pronomen

284 1891 374 1919 modo
395 1895 464 1927 post
475 1891 584 1927 faleor
603 1892 738 1930 positum
757 1893 900 1922 uiderat?
920 1894 1017 1932 Atqui
1038 1894 1174 1923 additum
1194 1895 1225 1923 in
1248 1894 1389 1922 omuibus
1410 1894 1498 1922 libris
1519 1895 1658 1933 exceptis
1677 1894 1776 1923 tribus
1796 1893 1858 1922 illis
1877 1894 2042 1932 reperitur.
2071 1894 2142 1923 Hoc

283 1938 379 1976 igitur
398 1942 433 1965 ut
452 1937 488 1965 ab
516 1940 600 1968 omni
625 1940 844 1979 probabilitate
870 1941 1033 1978 abhorret,
1060 1942 1103 1970 ita
1122 1942 1195 1970 illut
1220 1947 1328 1970 eontra
1351 1942 1542 1971 facillumum
1568 1942 1681 1972 dictust
1700 1946 1731 1970 et
1750 1941 1924 1980 explicatu,
1950 1941 2003 1980 qui
2028 1941 2143 1970 factum

354 2090 374 2121 ’ζ
393 2089 493 2113 Fateor
510 2089 668 2124 mehercule]
703 2091 773 2116 Uide
798 2100 830 2116 an
855 2090 954 2116 rectius
979 2090 1046 2116 absit
1069 2089 1233 2121 mehercule,
1257 2095 1287 2115 ut
1311 2090 1441 2117 Lambino
1465 2091 1529 2117 haut
1554 2091 1611 2116 sine
1637 2097 1726 2114 caussa
1753 2089 1869 2115 uisumst.
1904 2090 1943 2116 Ea
1968 2098 2021 2115 nox
2043 2098 2058 2115 a
2081 2090 2142 2116 1:011.

286 2133 382 2158 Dresd.
402 2133 475 2157 abest
492 2138 562 2163 tota3
586 2135 613 2159 in
632 2143 691 2159 meo
710 2140 737 2159 et
754 2135 779 2160 in
798 2135 877 2161 Barb.
897 2140 925 2160 ut
942 2136 968 2161 in
988 2135 1066 2160 Rom.
1085 2140 1111 2161 et
1128 2141 1238 2169 utraque
1257 2135 1324 2161 Uen.
1343 2141 1369 2160 et
1386 2136 1413 2161 in
1433 2136 1493 2161 cod.
1512 2135 1543 2161 C.
1562 2134 1653 2168 steph.
1672 2139 1712 2158 est
1727 2134 1824 2168 fateor
1840 2143 1894 2166 me,
1917 2134 2002 2168 quodi
2025 2134 2052 2159 in
2070 2143 2144 2160 mar—

285 2178 344 2212 gine
363 2177 441 2202 Barb.
459 2183 485 2201 et
503 2179 555 2203 mei
574 2179 679 2203 additur
696 2179 815 2209 hercule,
835 2185 876 2205 set
894 2180 1015 2206 adiuncta
1031 2185 1093 2206 nota
1115 2180 1189 2205 uocis
1208 2179 1319 2212 scilicet,
1336 2188 1387 2214 qua
1404 2180 1432 2205 id
1449 2188 1507 2205 esse
1526 2189 1540 2204 a
1559 2179 1708 2204 coniectura
1725 2179 1843 2209 sciamus,
1862 2187 1946 2212 eoque
1965 2179 2053 2212 magis,
2070 2180 2144 2213 quod

286 2223 366 2248 Barb.
392 2223 428 2247 ita
453 2223 530 2255 plane
554 2223 648 2256 habet,
670 2228 699 2248 ut
725 2225 796 2248 dedit
814 2225 971 2257 Lambinus,
986 2224 1082 2259 fateor
1105 2234 1162 2254 me,
1190 2224 1261 2258 quod
1277 2238 1311 2244 —
1328 2225 1426 2261 idcireo
1443 2224 1488 2249 illi
1504 2223 1608 2249 auxilio
1623 2223 1781 2258 pepercisse.
1816 2224 1884 2249 Nam
1907 2223 2022 2249 retinent
2039 2233 2080 2248 me
2097 2224 2143 2249 illi

288 2267 379 2297 ceteri,
399 2276 464 2300 quos
484 2268 545 2298 dixi,
563 2268 640 2298 libri3
659 2274 737 2302 atque
756 2269 821 2294 adeo
840 2270 911 2303 prior
929 2269 995 2295 Uen.
1015 2279 1056 2295 me
1075 2269 1119 2294 illi
1136 2268 1238 2294 auxilio
1257 2279 1298 2294 me
1311 2269 1474 2304 pepercisse,
1492 2274 1521 2294 ut
1538 2268 1609 2294 uaria
1627 2269 1787 2301 pronominis
1807 2269 1954 2294 conlocatio
1974 2273 2001 2293 et
2018 2269 2142 2295 iteratio-

286 2321 346 2337 nem
369 2312 440 2336 iuius
467 2316 494 2335 et
514 2312 745 2346 interpolationem
772 2313 823 2337 loci
850 2315 983 2347 peperisse
1008 2315 1136 2340 uideatur.
1172 2315 1276 2340 Ducem
1307 2315 1334 2340 in
1357 2313 1408 2339 hac
1434 2321 1463 2338 re
1489 2318 1626 2346 optumum
1650 2313 1762 2347 aliquem
1789 2312 1908 2338 codicem
1930 2312 2029 2338 habere
2053 2314 2141 2340 uelim.

288 2357 537 2382 GARATONIUS
552 2358 572 2382 Ι.
610 2357 675 2382 Cum
698 2358 826 2383 Lambino
852 2359 1014 2391 legendumst
1030 2359 1126 2393 fateor
1151 2369 1203 2392 me,
1229 2365 1255 2385 et
1279 2359 1420 2393 repetitum
1443 2366 1484 2382 me
1500 2357 1564 2383 infra
1583 2358 1736 2390 delendum,
1758 2357 1853 2383 Bauer.
1871 2362 1897 2382 et
1915 2356 2018 2384 duobus
2034 2358 2142 2387 Oxonn,

287 2402 464 2427 suadentibus.
499 2401 550 2426 Uel
569 2402 647 2426 etiam
664 2407 721 2427 toto
741 2403 825 2427 eiecto
842 2403 989 2429 mehercule
1006 2405 1115 2430 alterum
1133 2414 1173 2429 me
1190 2405 1358 2430 retineamus.
1394 2402 1641 2429 GARATONH‘S
1658 2402 1690 2426 II.
