2264 2746
663 81 687 109 C
707 81 735 108 A
756 81 796 110 P.
834 78 908 108 XL.
942 76 970 118 ς.
1006 83 1051 110 96.
1082 93 1119 100 -
1152 77 1241 106 XLI.
1267 75 1294 116 §.
1322 82 1366 109 97-
1893 83 1946 107 2:33³

84 157 180 190 ultra
215 156 471 200 quadringenta
507 157 608 189 milia
640 156 758 188 liceret
787 167 867 187 esse.
910 155 979 186 Illo
1007 153 1189 196 (Uibonem
1218 151 1329 183 nescio
1354 150 1524 193 quomodo
1546 151 1741 182 Tunstallus
1772 151 1944 193 intellegit.

82 220 158 240 cum
180 215 292 251 aperte
315 208 389 241 finis
413 209 485 250 lege
507 209 728 252 praescriptos
752 209 813 240 illo
835 206 1016 249 significet)
1039 219 1139 249 quom
1155 206 1342 249 peruenire
1364 218 1430 236 non
1453 205 1582 242 liceret,
1605 205 1723 236 statim
1746 205 1812 234 iter
1826 205 1946 235 Brun-

81 263 221 294 dasium
244 275 365 294 uersas
388 263 519 294 contuli
540 268 620 294 ante
644 262 735 294 diem
760 261 972 304 rogationis,
1007 273 1048 292 ne
1070 266 1103 291 et
1126 260 1224 297 Sica,
1254 265 1339 301 aput
1367 271 1465 302 quem
1487 270 1598 296 eram,
1623 257 1771 300 periret,
1801 263 1833 288 et
1857 258 1947 299 qaod

80 315 226 347 Melitae
248 327 319 346 esse
340 327 406 347 non
434 315 567 347 lic-ebat.
612 315 695 346 Erat
717 314 807 344 enim
830 313 965 353 Melita,
997 319 1034 344 ut
1056 318 1184 343 constat
1207 323 1249 342 ex
1279 311 1450 350 Uerrinis,
1476 311 1511 342 in
1539 312 1576 341 C.
1601 309 1728 351 Uergili
1752 308 1945 350 prouincia:

80 379 190 409 neque
215 367 293 399 satis
315 368 355 399 ab
378 368 475 399 Italia
497 367 653 406 distabat,
687 366 853 408 siquidem
877 366 970 405 inde,
1004 366 1091 408 quod
1115 363 1314 395 Plutarchus
1343 363 1439 402 facit,
1474 375 1542 395 non
1565 363 1605 393 ab
1629 363 1728 399 urbe,
1766 361 1855 403 quod
1879 362 1945 393 Dio

80 420 294 459 XXXVIH,
324 433 388 463 17.,
413 420 529 452 CCCC
552 419 646 451 milia
669 419 836 451 metienda
859 425 956 458 sunt,
986 430 1071 460 quae
1093 416 1228 459 quidem
1253 417 1311 447 ille
1335 416 1531 458 quingenta,
1564 415 1618 446 hic
1641 415 1722 445 haut
1746 415 1853 445 multo
1880 414 1947 445 mi-

80 482 141 502 nus
164 471 267 503 fuisse
289 473 440 504 tradidit.
486 474 553 513 Set,
577 485 677 515 quam
700 473 882 515 coepimus,
906 484 979 503 rem
1002 483 1148 514 agamus.
1195 469 1269 500 Sica
1293 469 1443 512 primum
1466 469 1559 499 Tulli
1582 468 1755 499 familiaris
1779 473 1812 498 et
1832 467 1946 505 cliens,

80 523 137 564 qui
161 523 191 554 ei
215 525 400 566 praefectus
426 526 559 557 fabrum
584 527 619 557 in
642 526 817 557 consulatu
839 525 973 563 suisset,
1012 536 1120 567 poena
1144 522 1242 565 legis,
1277 533 1361 564 quae
1390 521 1539 552 nondum
1570 527 1655 552 esset
1677 527 1806 563 rogata,
1840 520 1946 551 teneri

79 587 148 606 non
172 583 324 618 poterat3
349 579 467 609 Cicero
484 591 552 622 pro
574 592 635 611 suo
658 580 734 611 iure
757 578 792 608 in
816 577 885 608 eius
908 577 1050 609 fundum
1071 576 1176 614 uenit,
1200 575 1235 606 111
1259 575 1423 617 oppidum
1445 575 1572 606 noluit:
1596 574 1641 604 ibi
1666 575 1788 604 diutius
1811 585 1948 604 manere

78 627 229 660 Atticum
253 638 433 673 expectans
458 631 638 673 cogitabat,
681 631 827 663 officium
857 637 946 661 certe
975 630 1125 660 debitum
1155 641 1223 660 non
1246 629 1445 659 detrectante
1469 627 1561 661 Sica;
1601 634 1647 658 set
1674 639 1712 658 eo
1737 627 1817 668 legis
1841 626 1948 668 capite

79 681 189 712 audito
214 682 361 715 discessit
392 684 525 724 subito,
563 697 604 717 ne
626 686 707 717 Sica
729 695 788 715 sua
811 695 922 715 caussa
944 684 1091 727 periret,
1129 682 1186 724 qui
1209 688 1274 712 tam
1302 692 1369 711 non
1393 681 1561 722 ingratus,
1597 680 1776 710 Plutarcho
1800 680 1949 716 nolente,

78 732 160 772 suit,
196 740 233 766 ut
254 747 274 766 a
295 748 330 767 se
357 736 583 768 discedentem
612 738 780 780 hospitem
804 738 1052 775 Brundusium,
1089 742 1121 767 ut
1149 746 1191 766 ex
1216 734 1315 765 MV.
1339 733 1447 776 Epist.
1470 732 1501 764 4.
1533 732 1575 763 ad
1601 732 1741 763 Terent.
1766 739 1871 774 patet,
1905 732 1949 762 sit

79 794 288 830 prosecutus.
334 789 464 821 Deinde
485 791 572 832 quod
592 791 653 830 ait,
685 791 745 822 illo
769 803 870 835 quom
888 791 1073 833 peruenire
1095 801 1161 820 non
1184 788 1320 825 liceret,
1351 787 1520 829 explicare
1544 797 1612 816 non
1639 797 1742 827 queo,
1772 785 1836 816 nisi
1859 786 1950 816 mari

80 847 136 871 aut
158 841 297 881 addam,
321 848 378 873 aut
400 854 461 885 per
486 854 520 874 se
545 844 701 875 Atticum
723 844 972 875 intellecturum
996 841 1144 879 credam,
1171 839 1278 881 quod,
1306 846 1341 870 ut
1365 840 1419 870 hic
1446 839 1584 877 dicitur,
1606 838 1853 882 praecludebat
1876 839 1948 869 11ιέ-

79 894 144 925 mis
166 895 383 937 magnitudo.
427 896 521 927 Dum
550 896 653 938 igitur
682 897 768 928 mari
791 908 858 926 non
889 895 1009 926 licebat
1030 895 1079 925 uti
1104 893 1309 934 tranquillo,
1345 893 1498 924 terrestri
1520 893 1683 923 utendum
1712 897 1782 922 erat
1807 890 1948 925 itinere;

82 957 167 987 quae
190 946 254 978 duo
278 958 354 979 cum
378 955 502 988 essent,
527 949 672 980 alterum
693 949 789 981 iuxta
808 949 1108 985 mediterraneum,
1139 947 1231 976 cuius
1256 957 1297 975 ex
1321 945 1434 987 aliquo
1458 945 1621 976 ulteriore
1644 950 1745 986 portu
1768 943 1870 974 maris
1894 942 1950 973 fu-

80 1005 153 1030 tura
176 1001 399 1042 tranquillitas
418 1001 505 1033 solui
527 1002 756 1044 permitteret,
782 1002 899 1034 Cicero
923 1012 991 1031 non
1010 1004 1161 1042 poterat,
1192 998 1305 1028 Sicilia
1329 1004 1361 1028 et
1379 997 1495 1028 Melita
1518 997 1734 1035 interdictus,
1762 997 1948 1038 suscipere:

81 1053 225 1084 alterum
249 1065 328 1095 ergo
352 1054 580 1086 Brundusium
602 1066 718 1087 uersus
741 1055 859 1093 iniuit,
882 1053 969 1084 unde
994 1052 1152 1083 traiectus
1176 1057 1247 1081 erat
1270 1051 1304 1080 in
1329 1051 1525 1089 Graeciam,
1557 1049 1591 1080 in
1616 1049 1778 1091 Epirum,
1810 1050 1845 1080 111
1871 1050 1948 1081 Ma—

79 1105 265 1137 cedoniam.
311 1108 368 1138 Set
390 1119 429 1138 eo
457 1108 498 1138 de
523 1108 597 1139 loco
627 1108 685 1139 alii
708 1107 873 1141 uiderintz
912 1106 968 1148 qui
991 1117 1095 1147 porro
1119 1104 1358 1146 apertissumus
1385 1103 1496 1141 fieret,
1525 1103 1552 1134 si
1576 1102 1649 1144 quis
1676 1102 1866 1133 emendaret
1887 1114 1948 1133 au-

80 1158 210 1190 dacius:
243 1160 318 1192 illic
339 1160 435 1203 (aput
457 1161 581 1202 Sicam)
606 1174 707 1204 quom
725 1172 928 1205 permanere
949 1172 1016 1191 nott
1040 1159 1168 1190 liceret.
1212 1157 1388 1198 Denique,
1418 1155 1508 1198 quod
1531 1156 1586 1187 1110
1609 1156 1683 1187 Sica
1708 1155 1862 1198 Οὐίβιος,
1888 1158 1948 1189 Σι-

77 1209 170 1246 κελὸς
199 1207 301 1253 (bosia,
340 1213 477 1252 Uibius,
503 1214 557 1244 uir
580 1215 712 1245 Siculus
735 1225 754 1243 a
776 1213 955 1243 Plutarcho
982 1211 1190 1253 appellatur,
1215 1221 1257 1240 an
1280 1210 1327 1240 ibi
1348 1210 1410 1240 hac
1433 1209 1474 1239 de
1496 1220 1532 1239 re
1555 1215 1682 1250 agatur,
1706 1209 1889 1240 Ernestum
1912 1209 1947 1239 in

78 1263 152 1294 [nd.
176 1264 304 1295 Histor.
332 1276 365 1306 p.
388 1266 458 1296 262.
487 1266 640 1297 dubitare
662 1277 730 1297 non
759 1264 920 1307 oportuit.
967 1263 1118 1295 Omnino
1149 1270 1178 1294 et
1204 1274 1221 1293 e
1243 1269 1341 1304 gente
1365 1262 1465 1294 Uibia
1494 1262 1593 1292 illum
1619 1260 1722 1292 fuisse
1751 1273 1811 1292 nos
1841 1262 1947 1300 docet,

79 1322 113 1346 et
135 1316 270 1347 natione
293 1317 445 1348 Siculum
467 1317 701 1349 existumabat.
748 1316 875 1359 Quidni
897 1318 1034 1348 autem?
1079 1316 1144 1347 nisi
1174 1315 1262 1346 forte
1295 1314 1470 1356 suspiciosi
1501 1326 1571 1346 esse
1600 1314 1758 1345 uolumus
1782 1320 1814 1345 et
1837 1315 1947 1345 Grac-

77 1379 154 1399 cum
176 1367 368 1408 hominem,
402 1369 460 1412 qui
489 1371 628 1404 Uibium
650 1372 782 1409 Sicam,
810 1369 866 1400 uel
888 1369 988 1399 etiam
1011 1369 1165 1401 Siculam
1191 1368 1342 1410 legisset,
1373 1369 1419 1398 ita
1446 1378 1515 1398 esse
1537 1368 1792 1410 interpretatum
1814 1374 1944 1409 putare,

77 1432 154 1452 cum
178 1419 208 1450 ei
231 1420 270 1450 de
292 1420 371 1453 Uibi
394 1423 502 1464 patria
535 1424 621 1455 1111111
653 1429 851 1466 conpertum
883 1428 985 1462 esset,
1023 1433 1107 1463 quae
1137 1421 1271 1463 quidem
1301 1420 1455 1452 inscienti
1484 1420 1674 1452 credibilior
1697 1420 1785 1452 Uibo
1816 1418 1945 1451 fuisset.

76 1472 320 1505 Middletonius
343 1485 386 1505 ex
408 1475 473 1506 hoc
492 1476 690 1508 Plancianae
713 1478 786 1509 loco
809 1477 888 1507 haut
911 1481 1000 1507 recte
1024 1475 1180 1517 conlegit,
1205 1473 1404 1505 Ciceronem
1427 1473 1463 1504 in
1490 1473 1623 1504 Siciliae
1646 1479 1861 1514 conspectum
1884 1485 1945 1504 ue-

78 1526 183 1559 nisse:
207 1526 418 1558 aTunstallo
441 1527 554 1570 itaque
577 1530 848 1572 reprehenditur.
894 1528 940 1560 At
957 1529 1011 1559 hic
1034 1529 1105 1570 ipse
1120 1539 1188 1558 non
1212 1526 1308 1565 uidit,
1332 1532 1504 1557 auctorem
1526 1526 1577 1557 illi
1593 1527 1740 1557 Dionem
1768 1538 1838 1558 esse
1861 1527 1944 1557 l.c..

78 1579 214 1611 Tullius
246 1590 328 1610 uero
360 1579 432 1622 ipse
454 1580 598 1620 fatetur,
633 1595 668 1614 se
691 1584 800 1615 Roma
823 1581 1073 1625 profugientem
1106 1592 1145 1611 eo
1169 1579 1345 1621 cogitasse:
1380 1579 1478 1609 modo
1503 1579 1611 1617 enim,
1647 1591 1688 1610 ex
1711 1579 1790 1617 illo,
1823 1579 1943 1620 inquit,

79 1634 235 1664 incendio
257 1650 299 1655 —
321 1634 441 1664 cedens
462 1651 502 1657 —-
525 1636 683 1668 Siciliam
698 1638 815 1681 petias
838 1637 972 1673 anina),-
1007 1640 1056 1665 set
1083 1646 1151 1665 non
1172 1634 1262 1664 ultra
1286 1632 1455 1664 Uibonem
1480 1631 1653 1675 processit.
1696 1631 1818 1662 Dionis
1841 1632 1944 1673 igitur

81 1686 176 1725 illut,
199 1684 388 1727 &meciew
413 1689 445 1722 ἐς
467 1688 641 1728 Σικελίαν,
671 1690 699 1720 si
720 1689 821 1733 plane
844 1689 919 1720 falsi
942 1699 1121 1729 coarguere
1143 1687 1322 1725 nolumus,
1354 1685 1394 1716 de
1418 1685 1592 1716 uoluntate
1616 1684 1742 1716 urbane
1764 1696 1801 1715 ac
1824 1685 1944 1716 leniter

79 1739 355 1782 interpretemur.
396 1741 501 1772 IDEM.

852 1829 881 1863 C
907 1828 939 1863 A
965 1829 1013 1863 P.
1070 1829 1169 1863 XLI.

166 1902 196 1941 §.
220 1911 270 1942 97.
315 1900 558 1935 Brundusium
581 1903 678 1942 aeni,
701 1902 759 1935 uel
777 1902 893 1946 petias
915 1903 963 1933 ad
984 1902 1116 1933 moenia
1139 1901 1279 1943 accessi)
1325 1899 1425 1941 Quod
1448 1899 1529 1930 Bau.
1553 1899 1714 1941 postulat,
1741 1905 1779 1930 ut
1800 1899 1943 1930 uerbum

80 1954 226 1992 accessi,
250 1964 316 1995 quo
339 1954 411 1996 ipse
436 1962 539 1995 caret,
572 1955 758 1994 deleamus,
788 1955 823 1986 id
847 1955 1005 1997 equidem
1027 1954 1112 1986 facio
1136 1954 1388 1985 lubentissume.
1432 1953 1522 1984 Nam
1546 1964 1585 1983 eo
1608 1952 1739 1984 sublato
1764 1953 1866 1983 uerbo
1890 1953 1943 1983 lo-

82 2006 172 2036 cutio
195 2013 346 2038 remanet
368 2007 564 2050 elegantior.
610 2010 672 2041 IV.
696 2009 729 2040 in
746 2009 844 2041 Uerr.
869 2009 918 2040 25.
942 2021 1042 2053 quom
1064 2009 1111 2041 ad
1131 2008 1347 2040 Haluntium
1368 2007 1516 2039 uenisset
1533 2012 1677 2049 praetor
1699 2004 1888 2037 laboriosus
1910 2010 1942 2036 et

84 2059 254 2102 diligemt,
292 2061 365 2103 ipse
393 2062 429 2093 in
452 2063 616 2106 oppidum
637 2063 795 2095 accedere
818 2063 947 2100 noluit,
980 2062 1071 2105 qaod
1092 2067 1167 2093 erat
1189 2061 1326 2105 difficili
1349 2072 1491 2093 ascensu
1513 2065 1616 2102 atque
1638 2059 1747 2090 arduo
1769 2076 1811 2082 —
1832 2059 1867 2089 ia
1894 2058 1943 2089 le-

83 2112 173 2144 ctica
201 2112 327 2144 cubans
355 2114 403 2146 ad
431 2127 525 2148 mare
550 2115 648 2159 infra
674 2116 838 2159 oppidum
868 2114 1078 2158 espectabat.
1122 2113 1173 2144 lbi
1204 2125 1338 2155 quoque
1361 2114 1389 2145 si
1420 2113 1578 2146 accedere
1607 2111 1773 2148 deleatur,
1808 2122 1873 2152 quo
1903 2110 1942 2140 de

82 2165 187 2196 uerbo
213 2165 438 2207 contenditur,
469 2169 586 2200 uenire
608 2168 797 2200 subaudias.
843 2168 900 2199 Set
926 2167 1090 2210 quidquid
1115 2178 1154 2197 eo
1181 2167 1220 2197 de
1243 2167 1316 2198 loco
1341 2177 1490 2206 censeas,
1523 2165 1611 2196 nihil
1633 2164 1671 2196 ad
1697 2165 1786 2195 hunc
1809 2163 1942 2194 dubita-

84 2215 185 2248 tionis
208 2215 370 2249 adfertur.
395 2220 652 2253 GARATONIUS.
695 2221 785 2254 Uide
807 2221 939 2263 Proleg.
962 2222 1003 2252 L.
1028 2222 1070 2252 ΙΙ.
1095 2221 1133 2251 C.
1157 2220 1182 2251 Ι.
1208 2221 1237 2261 §.
1261 2220 1312 2252 4..

175 2269 299 2301 Urbem
321 2283 426 2303 unam
447 2274 533 2305 milli
553 2274 824 2314 amicisszmzam)
868 2274 929 2305 Est
952 2274 1062 2316 ipsum
1085 2273 1323 2305 Brundusium.
1376 2273 1489 2306 Unam
1511 2272 1552 2304 ad
1575 2271 1828 2304 amicissmnam
1852 2267 1942 2299 refe-

86 2321 240 2362 rendum,
264 2323 434 2356 intellecto
457 2327 619 2364 omnium,
643 2327 733 2369 quod
749 2333 778 2358 et
794 2326 873 2358 alibi
896 2326 1074 2364 omittitur,
1097 2332 1154 2357 aut
1178 2326 1420 2368 corrigendum,
1443 2326 1559 2359 urbem
1581 2326 1704 2368 ipsam,
1727 2323 1812 2355 mihi
1830 2322 1942 2360 amic„

86 2387 224 2419 nempe,
257 2382 295 2407 ut
317 2384 507 2420 opponatur
528 2381 715 2412 moenibus.
738 2381 961 2412 ERNEsTIL'S.
1007 2379 1242 2411 Notissumum
1266 2380 1342 2411 illut
1366 2379 1496 2410 dicendi
1518 2390 1635 2421 genus.
1668 2376 1756 2418 quod
1783 2375 1939 2406 ΕῑῊθὸἱῑΟ
