2264 2746
559 101 584 130 c
603 100 632 129 A
652 101 704 131 P..
731 99 896 129 XXXIV.
929 98 957 139 ς.
992 103 1037 132 85.
1068 116 1106 123 -
1139 102 1286 130 xxxv.
1312 99 1340 140 §.
1367 105 1414 133 sn.
1868 112 1922 137 215

139 176 242 216 Quod
269 176 421 208 uiderim
452 177 540 210 milii
568 177 742 209 auxilium
769 188 837 208 non
865 176 996 215 deesse,
1030 176 1159 208 ideirco
1189 189 1242 208 me
1271 177 1328 208 illi
1359 177 1493 209 cmxilio
1513 177 1720 221 pepercisse)
1764 179 1918 222 Explicat

52 229 136 260 haec
159 229 232 271 ipse
256 230 374 262 Cicero
407 228 496 262 infra
520 230 558 261 C.
580 230 755 261 XXXVI.
791 229 820 270 §.
847 229 898 271 89.
930 242 996 273 quo
1026 229 1161 262 maiora
1185 230 1304 262 studia
1333 231 1369 262 in
1397 242 1450 263 me
1472 230 1635 262 bonorum
1655 230 1828 274 juerant,
1860 234 1923 265 hoc

53 282 98 314 iis
124 283 239 325 magis
261 284 506 316 consulendum
532 288 565 315 et
582 282 798 326 parcendum
821 283 959 326 putaui.

137 345 226 386 Quis
248 346 338 378 enim
360 351 474 378 status
503 347 575 385 etc.)
619 345 683 377 His
706 351 739 376 et
762 345 980 387 sequentibus
1002 357 1109 387 usque
1131 348 1173 378 ad
1197 347 1235 378 C.
1258 346 1449 378 XXXVII.
1481 345 1621 388 exponit
1647 346 1783 386 Cicero,
1821 358 1923 388 quam

52 399 95 430 ob
118 410 267 430 caussam
289 398 436 438 auxilio,
468 399 556 441 quod
578 403 712 441 praesto
735 396 859 437 fuerit,
891 398 941 429 uti
960 398 1119 430 noluerit.
1165 400 1204 430 In
1232 411 1296 441 qua
1327 409 1365 429 re
1388 399 1589 440 exponenda
1613 411 1689 430 cum
1711 399 1815 430 animi
1839 411 1926 442 quo-

51 453 126 483 dam
148 451 284 483 feruore
313 450 424 493 abripi
451 463 486 482 se
507 463 623 495 passus
651 450 713 489 sit,
750 449 925 491 factumst,
959 458 995 483 ut
1025 452 1132 483 oratio
1170 451 1322 482 uiuidior
1352 450 1506 482 existeret
1536 452 1678 495 ideoque
1701 463 1825 492 nexus,
1858 464 1925 494 quo

53 505 187 547 singula
215 503 367 535 membra
396 503 485 535 inter
517 515 552 534 se
587 504 786 543 cohaerent,
833 504 945 536 minus
981 504 1015 535 in
1046 505 1158 536 oculos
1189 504 1324 536 lectoris
1357 504 1554 535 incurreret.
1598 506 1716 547 Itaque
1752 506 1926 537 XVeiskius

51 557 175 596 uerba,
214 557 367 589 eonsules
384 562 467 599 post
489 558 665 589 homimem
686 558 886 589 memoriam
907 576 951 581 —
975 559 1069 590 ser-1111
1092 559 1128 590 in
1161 559 1314 590 dominos
1340 557 1584 598 armabantur,
1623 558 1736 601 inepto
1761 558 1927 590 declama—

52 609 121 641 tori
143 609 313 640 reddenda
335 608 514 649 iudicauit3
548 622 633 652 quae
656 616 786 641 tantum
810 611 922 649 abest,
958 617 996 641 ut
1019 611 1125 641 omitti
1148 611 1337 653 potuerint,
1374 616 1411 641 ut
1433 610 1471 640 ad
1495 612 1676 643 sententiae
1701 612 1927 653 integritatem

52 674 192 706 prorsus
211 663 273 693 sint
298 662 492 694 necessaria.
537 664 641 705 quue
664 662 770 693 cuiuis
795 662 935 706 patebit,
960 663 1017 705 qui
1040 675 1168 694 nexum
1193 674 1330 703 eorum,
1365 675 1449 706 quae
1474 675 1493 694 a
1516 665 1554 696 C.
1576 665 1734 697 XXXV.
1758 677 1865 707 usque
1889 666 1928 696 ad

54 717 92 747 C.
118 716 309 748 XXXVII.
333 716 456 758 scripta
478 723 575 756 sunt,
599 716 776 758 diligenter
799 716 1070 748 considerauerit.
1113 717 1144 747 Is
1168 715 1223 746 liic
1248 723 1306 747 est.
1352 716 1503 748 Primam
1525 728 1687 756 caussam,
1721 729 1785 759 qua
1809 718 1928 749 ductus

51 768 202 806 auxilio,
239 769 329 810 quod
353 775 486 811 praesto
510 768 630 808 suerit,
665 770 871 811 parcendum
893 769 1040 811 putarit,
1074 769 1172 811 ponit
1195 769 1230 800 in
1253 776 1342 801 statu
1365 769 1415 800 rei
1437 769 1609 812 publicae,
1644 770 1752 801 obiter
1774 783 1929 810 monens,

52 831 87 851 se
109 832 170 851 nec
200 821 236 851 P.
262 822 362 853 Clodi
392 828 534 861 terrore,
575 833 637 853 nec
665 821 710 853 A.
736 821 861 852 Gabini
890 820 1007 852 furore
1036 833 1054 852 a
1081 821 1269 853 dimicando
1298 834 1367 853 esse
1399 822 1601 854 deterritum
1631 821 1853 865 (tribunicius
1876 838 1930 857 me

53 879 166 906 terror
189 892 231 897 —
256 875 432 917 uiceram).
477 875 567 905 Eum
589 880 714 906 statum
737 874 893 905 describit.
916 874 1083 917 copiosius
1108 875 1221 906 uerbis
1246 877 1399 908 consules
1425 882 1506 919 post
1531 876 1707 907 homimum
1729 879 1929 910 memoriam

51 943 95 950 -—·
122 928 302 959 uastitatis
325 934 434 960 metus
458 926 702 971 itfferebatur.,
739 927 786 958 ita
808 928 965 969 quidem,
996 934 1033 958 ut
1056 927 1206 969 primum
1231 929 1402 967 consules,
1437 928 1508 959 sine
1532 940 1677 970 quorum
1701 930 1830 961 auxilio
1855 943 1930 962 sus-

55 978 124 1021 cipi
154 980 241 1010 nihil
273 981 396 1023 possit,
425 981 580 1012 homines
602 991 777 1022 pessumos
800 980 903 1012 fuisse
927 986 959 1011 et
980 991 998 1010 a
1021 986 1153 1019 senatu,
1188 992 1206 1010 a
1228 992 1264 1011 re
1287 981 1439 1022 publica,
1473 987 1506 1011 et
1529 992 1547 1011 a
1570 981 1666 1012 bonis
1691 983 1847 1014 omnibus
1872 983 1932 1015 de—

52 1031 189 1063 fecisse:
214 1033 334 1064 deinde
359 1045 434 1073 eos,
459 1033 517 1075 qui
537 1031 723 1064 secundum
746 1033 898 1064 consules
921 1033 1121 1075 plurumum
1144 1034 1331 1072 maluerint,
1363 1045 1439 1064 cum
1464 1033 1586 1065 Clodio
1610 1039 1643 1065 et
1665 1036 1858 1068 consulibus
1881 1035 1933 1067 fa—

53 1095 128 1115 cere
150 1086 338 1128 perhibitos
363 1098 453 1125 esse3
491 1085 637 1127 denique
661 1085 788 1117 faecem
810 1086 932 1129 populi
955 1092 1071 1116 contra
1093 1085 1198 1117 bonos
1222 1092 1386 1117 armatam
1409 1085 1512 1117 fuisse
1530 1093 1677 1118 moneat.
1724 1088 1849 1119 Contra
1878 1101 1932 1121 se-

54 1148 131 1168 cum
154 1138 371 1171 coniunctum
396 1139 533 1181 quidem
556 1145 726 1178 senatum,
762 1139 980 1169 coniunctum
1010 1145 1119 1170 totum
1155 1146 1345 1181 equestrem
1377 1139 1547 1177 ordinem,
1585 1139 1798 1171 coniunctam
1828 1148 1931 1173 totam

51 1189 124 1221 fere
147 1192 279 1223 Italiam
305 1192 425 1232 fuisse,
458 1198 507 1223 set
529 1197 683 1223 senatum
713 1191 956 1223 crudelissuma
986 1191 1164 1223 consulum
1193 1199 1356 1234 potestate
1386 1192 1427 1222 de
1450 1192 1684 1233 gubernaculis
1708 1193 1757 1223 rei
1781 1205 1815 1235 p.
1840 1194 1933 1225 deie-

52 1249 165 1283 ctum,
190 1251 379 1287 equestrem
403 1245 559 1276 ordinem
583 1244 709 1276 Gabini
733 1243 987 1275 denuntiatione
1010 1245 1269 1287 proscriptionis
1294 1245 1532 1287 perterritum,
1566 1251 1671 1275 totam
1695 1246 1828 1277 Italiam
1852 1247 1931 1277 belli

52 1296 205 1327 intestini
234 1303 267 1328 et
298 1297 463 1328 uastitatis
491 1303 585 1328 metu
612 1308 804 1339 percussam
833 1296 947 1327 fuisse.
992 1297 1149 1329 Alteram
1173 1310 1339 1335 caussam,
1376 1309 1434 1329 cur
1458 1297 1509 1328 his
1533 1297 1670 1328 auxiliis
1697 1298 1746 1328 uti
1770 1299 1931 1338 noluerit,

55 1349 94 1380 C.
118 1349 293 1381 XXXVI.
317 1351 456 1380 ineunte
479 1348 515 1379 in
537 1360 659 1390 genere
685 1349 910 1380 dimicationis
931 1350 1050 1393 ponit,
1089 1351 1176 1393 quod
1199 1352 1301 1383 armis
1327 1350 1431 1382 fuerit
1452 1350 1697 1389 dimicandum3
1738 1351 1872 1383 tertiam
1896 1353 1931 1383 in

55 1413 114 1441 eo,
153 1404 244 1444 quod
267 1402 399 1433 caedem
423 1401 495 1432 fieri
527 1408 658 1433 senatus
682 1408 715 1432 et
738 1402 907 1434 bonorum
937 1403 987 1434 rei
1010 1404 1164 1446 publicae
1189 1405 1370 1435 exitiosum
1394 1403 1512 1434 fuerit:
1552 1409 1705 1445 quartam
1728 1403 1872 1445 denique
1894 1404 1931 1436 in

55 1455 150 1486 exitu
174 1466 324 1498 pugnae,
357 1454 444 1496 quod
467 1454 629 1486 uictoriae
651 1455 763 1497 grauis
786 1454 859 1487 fore
882 1456 1110 1495 aduersarios,
1145 1456 1299 1487 interitus
1322 1456 1433 1487 nullos
1457 1456 1582 1486 ultores
1606 1455 1743 1486 uiderit.
1789 1457 1860 1487 Has
1887 1457 1930 1488 ob

55 1519 184 1540 caussas
212 1509 242 1550 §.
266 1508 318 1550 89.
342 1508 480 1539 ineunte
506 1507 587 1539 dicit
609 1520 643 1539 se
665 1509 733 1540 illis
756 1509 807 1540 uti
831 1510 968 1541 auxiliis
991 1510 1155 1548 noluisse,
1179 1509 1282 1551 idque
1306 1522 1344 1541 eo
1368 1510 1496 1549 minus,
1521 1520 1588 1551 quo
1611 1509 1739 1540 maiora
1762 1509 1930 1541 bonorum

58 1561 216 1600 illorum,
242 1561 299 1603 qui
322 1572 340 1591 a
362 1560 430 1592 suis
456 1560 607 1602 partibus
630 1561 805 1602 steterint,
829 1562 865 1593 in
888 1574 922 1593 se
946 1562 1057 1593 studia
1079 1562 1218 1594 fuerint.

142 1624 227 1657 Cum
250 1624 409 1667 reliquiis
432 1623 562 1667 eornm)
608 1623 679 1656 Cfr.
704 1624 739 1656 in
761 1625 827 1657 Pis.
852 1626 890 1658 C.
915 1626 994 1657 VII.
1020 1626 1050 1667 §-
1078 1626 1125 1657 16.
1150 1626 1188 1657 C.
1212 1626 1258 1657 X.
1283 1625 1312 1666 §-
1337 1625 1408 1656 25..

142 1689 192 1720 Et
215 1688 279 1720 illa
296 1687 490 1731 principia)
537 1687 633 1729 Quae
659 1687 861 1731 simulatque
886 1690 1040 1721 consules
1064 1695 1160 1720 erant
1182 1688 1261 1720 facti
1286 1688 1448 1719 fecerunt.
1492 1687 1609 1730 Atque
1633 1689 1675 1720 L.
1698 1687 1828 1719 Pisonis
1855 1687 1933 1729 qui-

57 1741 135 1773 dem
165 1753 216 1773 res
240 1741 275 1772 in
295 1741 469 1772 consulatu
501 1746 606 1782 gestas
638 1741 756 1772 Cicero
787 1742 823 1773 in
847 1743 999 1773 oratione
1030 1742 1089 1774 illa
1118 1741 1444 1781 uehementissuma,
1485 1752 1549 1783 qua
1575 1742 1612 1772 in
1640 1752 1718 1772 eum
1747 1741 1932 1781 inuehitur,

58 1795 97 1827 C.
118 1795 170 1827 IV
180 1794 314 1825 -ΧΥ,
338 1800 526 1835 percenset.

141 1858 191 1890 Et
213 1858 251 1890 hi
273 1863 421 1889 recentes
448 1869 563 1889 rerum
591 1859 717 1901 exitus)
759 1859 993 1901 Exponuntur
1021 1858 1102 1889 haec
1125 1857 1199 1890 fuse
1225 1858 1261 1889 in
1285 1868 1334 1889 or.
1358 1856 1397 1886 de
1416 1867 1516 1898 prou.
1540 1867 1648 1893 cons.‚
1690 1867 1791 1897 quam
1814 1856 1931 1888 Cicero

58 1911 177 1944 habuit
206 1922 294 1941 anno
323 1910 509 1952 superiore.
551 1912 811 1942 GARATONIUS.
857 1911 1018 1954 Explicat
1048 1911 1198 1943 breuiter
1233 1911 1298 1942 hoc
1328 1910 1401 1952 ipso
1432 1910 1506 1941 loco
1539 1908 1657 1939 Cicero
1695 1908 1809 1940 uerbis
1844 1910 1934 1941 alter

59 1965 246 1998 exercitum
262 1964 441 2007 perdidit,
463 1965 554 1996 alter
576 1965 746 1997 uendidit.

144 2027 300 2067 Quorum
319 2027 408 2058 alter
430 2028 618 2059 exercitum
638 2027 817 2070 perdidit,
839 2027 928 2058 alter
955 2026 1126 2067 uendidit)
1171 2025 1285 2056 Haec
1315 2027 1391 2057 iam
1423 2024 1589 2068 saepius
1618 2023 1729 2054 dicta
1758 2028 1859 2055 sunt
1884 2022 1932 2054 de

61 2079 215 2112 Pisone
238 2086 277 2110 et
299 2079 510 2119 Gabinio,
544 2080 616 2122 qui
645 2079 891 2111 actionibus
921 2080 958 2110 P.
983 2079 1106 2110 Clodi
1131 2078 1294 2109 tribuni
1316 2079 1373 2121 pl.
1400 2078 1441 2109 in
1474 2076 1715 2120 perniciem
1737 2076 1786 2108 Μ.
1811 2074 1932 2106 Tulli

63 2137 391 2172 consenserant,
415 2132 620 2164 habituri
642 2132 897 2175 prouincias
920 2133 1025 2165 Piso
1048 2131 1359 2170 Macedoniam,
1393 2130 1603 2161 Gabinius
1628 2128 1806 2172 Syriam.
1851 2127 1930 2159 Sed

62 2185 134 2218 hic
156 2185 345 2217 alterum
369 2185 608 2216 exercitum
629 2185 853 2228 perditum
875 2196 894 2216 a
916 2185 1090 2223 Pisone,
1119 2185 1304 2215 alterum
1335 2195 1353 2214 a
1377 2183 1560 2215 Gabinio
1592 2181 1763 2213 uenisse
1792 2181 1931 2223 signi—-

63 2237 190 2277 ficat3
214 2237 391 2270 scilicet
414 2238 523 2281 quod
545 2250 684 2280 regem
707 2238 1000 2269 Ptolemaeum
1023 2236 1212 2279 acceptis
1242 2237 1382 2267 decem
1405 2235 1605 2267 millibus
1628 2235 1830 2267 talentum
1854 2244 1930 2276 per

64 2290 154 2322 uim
176 2289 415 2322 militarem
443 2291 662 2323 exercitus
686 2290 867 2322 Romani
897 2290 1163 2322 restituisset
1192 2290 1234 2320 in
1262 2301 1441 2332 regnum
1471 2300 1602 2320 suum.
1647 2289 1699 2320 Et
1726 2287 1857 2319 simul
1885 2287 1930 2317 in

65 2343 148 2376 hoc
170 2341 448 2385 epiciremate
473 2344 649 2375 adhibet
671 2343 848 2374 eundem
872 2343 1060 2374 colorem
1090 2343 1168 2373 iam
1192 2342 1271 2373 sibi
1301 2342 1343 2373 in
1365 2342 1514 2374 multis
1539 2339 1815 2373 orationibus
1837 2338 1930 2370 fre-

67 2401 348 2438 quentatum,
380 2396 545 2428 idcirco
570 2396 763 2428 secedere
787 2395 894 2427 urbe
922 2395 1144 2434 maluisse,
1178 2406 1226 2425 ne
1248 2395 1349 2436 quid
1373 2395 1603 2426 seditiosae
1630 2391 1928 2424 dimicationis
