2264 2746
271 95 307 120 90
927 76 1492 107 COMMENTARIUS.

271 161 394 195 nitatis
417 158 634 191 uehementer
655 159 854 192 mouentur,
889 152 956 183 hoc
985 164 1084 184 sensu
1108 151 1195 183 dicta
1218 163 1288 183 esse
1310 157 1419 194 patet:
1458 152 1643 195 municipia
1667 163 1724 193 eo,
1762 152 1853 194 quod
1875 152 2047 185 uicinitate
2070 165 2153 186 con-

271 216 385 247 iuncta
407 217 504 251 sunt,
530 211 552 242 i.
574 221 602 240 e.
629 206 718 250 quod
742 205 850 236 uicina
876 204 940 236 sibi
964 212 1058 244 sunt,
1088 216 1294 248 magnopere
1324 205 1552 248 inpelluntur,
1585 212 1623 236 ut
1645 206 1680 237 in
1705 205 1860 237 omnibus
1884 206 1982 237 rebus
2005 207 2153 238 inuicem

271 278 306 299 se
328 265 500 297 adiuuent.
547 259 649 301 Quod
672 259 783 301 ipsum
807 269 883 289 cum
906 257 942 289 in
965 257 1190 300 municipium
1215 258 1447 289 Tusculanum
1473 265 1506 290 et
1530 258 1683 290 finituma
1704 258 1856 289 minume
1879 258 1983 297 cadat,
2012 259 2052 290 de
2076 260 2153 302 qui-

275 321 334 352 bus
359 319 389 360 §.
416 318 464 349 25.
489 314 587 356 plane
611 311 818 341 contrarium
843 310 949 349 dicat,
984 322 1145 342 monens:
1182 311 1232 342 sic
1255 317 1287 342 te
1311 311 1479 343 Plancius
1501 311 1563 343 hoc
1585 324 1651 342 non
1676 311 1787 344 solum
1811 312 2000 355 municipi,
2036 325 2154 345 uerum

274 373 379 406 etiam
402 364 596 401 uicinitatis
619 375 745 406 genere
768 363 946 402 aim-ebat,
970 363 1039 394 nisi
1053 362 1154 406 sorte
1177 370 1209 396 te
1232 364 1431 403 Labicana,
1455 370 1517 396 aut
1541 364 1698 403 Gabina,
1728 370 1790 396 aut
1812 365 2004 397 Bouillana
2030 365 2157 397 uicini-

275 430 329 456 tas
350 419 560 456 adiuuabat,
584 417 706 460 quibus
728 430 745 449 e
767 416 968 460 municipiis
992 416 1052 447 uix
1076 417 1147 448 iam
1170 418 1230 460 qui
1253 429 1391 449 carnem
1413 418 1555 450 Latinis
1580 423 1701 460 petant
1726 417 1967 460 reperiuntur.-
2000 416 2158 448 certissu-

274 479 411 510 mumst,
436 470 516 502 addi
539 482 558 501 a
576 470 740 501 Cicerone
761 477 880 502 nostra
906 475 983 500 ante
1009 470 1202 513 militiis-ipia
1226 469 1390 509 debuisse,
1413 476 1452 500 ut
1474 469 1515 500 de
1538 469 1733 501 Atinatibus
1758 468 1945 511 uicinisque
1967 468 2161 512 municipiis

276 535 467 559 sermonem
491 524 545 555 hic
569 535 639 555 esse
665 522 929 564 intellegeretur.
976 522 1144 553 Particula
1168 523 1239 554 iam
1261 534 1354 561 uero,
1379 534 1477 564 quam
1502 522 1527 553 ii
1549 527 1680 553 tautum
1704 522 1833 553 codices
1857 521 1992 561 habent,
2018 521 2076 563 qui
2100 533 2163 553 ηο-

277 586 350 613 stra
372 577 551 616 omittunt,
577 588 689 608 carere
713 575 852 607 omuino
876 587 1072 618 possumus,
1106 586 1181 605 eum
1206 574 1385 606 transitum
1411 574 1529 605 Cicero
1552 574 1717 617 particula
1739 575 1844 606 etiam
1865 579 1943 605 ante
1967 575 2163 607 uicinitatis

275 632 384 676 posita
405 629 483 662 satis
506 629 718 660 indicauerit.
762 628 880 670 Itaque
904 628 989 659 nihil
1014 628 1153 667 certius,
1183 639 1284 669 quam
1307 628 1378 659 iam
1401 638 1471 658 esse
1494 639 1536 658 ex
1560 633 1677 659 nostra
1701 632 1831 665 ortum3
1856 627 1946 669 quod
1971 638 2164 670 pronomen

276 696 353 715 cum
376 685 438 722 ita,
479 695 562 722 nra,
600 681 702 714 scribi
724 688 933 721 consuesset,
972 679 1143 712 facillume
1166 691 1234 711 una
1257 693 1279 712 n
1305 680 1418 712 littera
1442 680 1634 712 oblitterata
1656 680 1692 711 iu
1709 673 1752 712 ι’-α
1772 679 1806 711 id
1830 686 1880 711 est
1900 680 1933 711 in
1958 682 2029 713 iam
2051 680 2164 724 potuit

276 735 463 779 corrumpi.

1110 823 1139 856 C
1150 821 1229 857 AP.
1271 822 1336 857 IX.

385 918 393 926 .
419 905 470 927 22.
513 894 681 927 Retinens
705 900 854 927 ueterem
876 894 976 927 illam
1001 894 1092 939 offici
1116 895 1298 938 rationem)
1346 895 1433 926 Cum
1457 895 1699 938 plurumorum
1726 893 1879 925 codicum
1902 892 2087 936 scriptura,
2122 888 2166 924 il-

279 951 352 982 lum
374 949 480 993 officii
502 960 648 987 morem,
688 948 754 979 iam
784 954 926 990 propter
950 948 1152 978 insolentem
1184 948 1428 988 elocutionem,
1469 961 1541 980 mos
1564 948 1674 992 offici,
1715 947 1809 978 cuius
1834 947 1945 978 simile
1969 945 2167 987 exemplum

279 1012 447 1043 nusquam
470 1001 660 1043 reperitur,
695 1006 848 1042 suspecta
867 1001 952 1031 mihi
976 1007 1077 1039 esset,
1113 1012 1181 1031 uon
1205 1000 1302 1043 potui
1325 1012 1342 1031 a
1367 1012 1421 1031 me
1446 1001 1636 1043 inpetrare,
1678 1000 1760 1042 quin
1783 1006 1983 1043 corruptum
2005 1000 2095 1030 hunc
2115 998 2169 1029 lo·-

280 1065 358 1085 cum
385 1059 553 1096 putarem.
600 1054 664 1085 Cui
698 1053 882 1085 sententiae
910 1065 988 1084 cum
1020 1059 1179 1095 optumus
1209 1052 1267 1083 ille
1299 1058 1331 1083 et
1354 1054 1618 1096 antiquissumus
1646 1053 1753 1085 codex
1778 1053 1960 1084 Bauaricus
1990 1051 2168 1094 insigniter

280 1106 428 1146 smeret,
453 1107 553 1138 illam
575 1107 680 1150 officii
702 1112 849 1138 mentem.
870 1105 1029 1144 scribens,
1058 1117 1101 1135 ex
1127 1111 1270 1147 utraque
1293 1106 1460 1149 scriptura
1483 1107 1516 1137 id
1541 1107 1651 1145 elicui,
1677 1106 1766 1149 quod
1791 1112 1824 1138 et
1845 1106 2036 1137 litterarum
2060 1103 2171 1134 ducti-

280 1159 360 1198 bus,
385 1158 443 1200 qui
466 1159 500 1189 111
524 1160 694 1191 codicibus
718 1164 815 1197 sunt,
848 1164 882 1189 et
904 1157 971 1188 loci
993 1157 1178 1188 sententiae
1202 1169 1362 1189 maxume
1385 1159 1562 1198 conuenit,
1591 1159 1828 1200 edendumque
1853 1158 1969 1188 curaui
1993 1157 2092 1189 illam
2115 1154 2170 1200 of-

272 1210 343 1255 fici
366 1212 546 1243 rationem.
593 1212 704 1252 Quam
726 1210 824 1241 facile
849 1210 940 1241 enim
965 1212 1152 1249 rationem,
1181 1210 1246 1241 hoc
1271 1211 1362 1252 quod
1386 1212 1421 1242 in
1444 1223 1540 1243 more
1562 1211 1627 1242 suit
1653 1211 1842 1254 conpendio
1866 1210 2048 1253 scriptum,
2083 1210 2170 1247 νόνιὲ,

280 1271 353 1294 tum
376 1263 411 1293 111
442 1266 534 1295 mors?
558 1269 630 1294 tum
653 1263 688 1294 111
710 1266 818 1295 ment?
842 1263 995 1305 potuerit
1018 1263 1213 1305 deprauari,
1247 1263 1358 1304 quiuis
1383 1265 1557 1301 concedet,
1599 1264 1655 1305 qui
1679 1264 1897 1295 librariorum
1921 1261 2090 1295 scribendi
2112 1272 2172 1304 ge-

281 1327 345 1346 nus
368 1316 516 1346 nouerit.
563 1316 709 1347 Rectum
730 1322 844 1346 autem
868 1315 1001 1347 dicendi
1023 1328 1126 1358 genus
1155 1326 1241 1354 esse,
1279 1321 1428 1348 ueterem
1451 1317 1543 1361 offici
1566 1318 1735 1348 rationem
1758 1317 1924 1354 retinere,
1956 1321 2030 1346 tum
2053 1326 2115 1357 per
2137 1324 2172 1344 se

280 1373 391 1411 patet,
421 1373 494 1398 tum
518 1368 569 1399 his
593 1369 674 1400 locis
698 1369 880 1412 probatur:
912 1369 981 1400 Cic..
1012 1381 1075 1412 pro
1102 1368 1138 1399 Ρ.
1164 1367 1307 1408 Quintio
1336 1369 1373 1399 C.
1398 1370 1455 1401 XX
1473 1371 1532 1401 111.
1558 1370 1588 1411 ξ.
1613 1370 1664 1411 59.
1687 1370 1868 1412 aniiquczm
1891 1368 1982 1412 offici
2004 1367 2173 1398 rationem

282 1421 426 1458 dilexit,
466 1422 565 1453 cuias
590 1423 752 1466 splendor
775 1423 884 1453 omnis
913 1422 966 1453 his
990 1421 1142 1453 moribus
1171 1420 1347 1452 obs-olenii.
1376 1421 1457 1453 ibid.
1483 1424 1520 1454 C.
1543 1423 1627 1454 XV.
1660 1424 1689 1463 §.
1712 1422 1763 1453 43.
1795 1421 1887 1453 lubet
1907 1421 1994 1453 mihi
2019 1433 2060 1452 ex
2083 1419 2173 1463 offici

285 1474 420 1505 ratione
445 1480 550 1517 atque
573 1488 613 1507 ex
637 1476 789 1507 omnium
812 1476 1058 1507 consuetudine
1080 1487 1151 1506 rem
1175 1475 1288 1516 ipsam
1313 1476 1541 1509 considerare.
1571 1475 1613 1506 de
1636 1477 1710 1507 Inu.
1734 1476 1767 1513 I,
1793 1485 1829 1514 2,
1853 1485 1883 1505 2.
1906 1474 2058 1506 nondum
2079 1473 2174 1504 diui—

284 1537 349 1558 nae
369 1526 572 1569 religionis,
605 1540 671 1559 non
695 1529 838 1560 humani
862 1528 953 1572 offici
976 1528 1067 1559 ratio
1091 1527 1276 1559 colebatur.
1314 1538 1377 1569 pro
1403 1528 1537 1560 Cluent.
1560 1529 1681 1568 XLII,
1720 1539 1789 1568 117.
1828 1533 1867 1559 ut
1889 1540 1911 1559 α
1934 1540 1987 1559 me
2010 1539 2087 1558 cum
2108 1526 2174 1558 hu-

287 1581 379 1611 iusce
393 1581 559 1622 periculi,
583 1587 657 1612 tum
681 1588 870 1613 ceterorum
894 1593 1026 1625 quoqne
1043 1580 1232 1624 offleiormn
1258 1585 1290 1611 et
1313 1582 1550 1614 anzicitictrum
1573 1582 1664 1613 ratio
1688 1586 1891 1613 conseruata
1913 1592 1983 1612 esse
1999 1579 2172 1612 uideatur.

286 1633 329 1663 Il.
353 1632 389 1663 in
415 1634 513 1665 Uerr.
540 1634 591 1673 V,
625 1635 683 1676 69,
717 1646 785 1675 ¹77·
819 1646 881 1677 ego
904 1634 971 1665 mei
995 1635 1065 1664 iam
1092 1634 1261 1665 rationem
1284 1633 1375 1677 offici
1398 1634 1533 1677 coufido
1557 1647 1627 1667 esse
1649 1634 1803 1666 omnibus
1827 1633 2066 1677 iniquisszcmis
2088 1630 2171 1662 meis

287 1686 510 1728 persolutam.
534 1686 622 1716 conl.
647 1687 676 1727 §-
701 1687 768 1718 185.
797 1700 874 1719 cum
897 1692 1071 1730 receptum
1097 1686 1249 1729 officium
1271 1686 1399 1717 Siculis
1423 1689 1489 1719 erit
1506 1689 1738 1732 persolutum.

375 1739 459 1771 Non
473 1738 618 1782 fucosa)
666 1740 857 1771 Uerbum
883 1745 923 1770 et
948 1739 1023 1769 hoc
1046 1737 1238 1769 notabile
1261 1738 1380 1769 inter
1409 1741 1491 1771 alia
1520 1753 1625 1784 quae
1650 1746 1749 1772 sunt
1769 1745 1875 1782 aput
1901 1743 2076 1770 ueteres
2100 1746 2170 1766 ra—

292 1791 408 1822 riora
433 1791 711 1822 referendum
735 1798 806 1823 est.
843 1790 1107 1835 (''Eyn).ojoeg)
1131 1791 1335 1823 aduersus
1360 1792 1652 1833 Tusculanos3
1676 1805 1725 1825 ne
1748 1793 1850 1824 hanc
1870 1790 2037 1823 laudem
2060 1787 2170 1819 nude

294 1843 515 1885 impertiri
543 1845 795 1877 Atinatibus
819 1844 1073 1883 arbitreris,
1111 1856 1217 1886 quos
1242 1845 1302 1876 ita
1325 1846 1527 1888 extollit,
1552 1853 1596 1878 ut
1618 1847 1799 1878 illorum
1821 1840 2170 1877 maleuolentiam

295 1896 518 1938 deprimat.
565 1898 725 1929 ScnoLiA
747 1899 944 1931 UATICANA
968 1904 1001 1928 et
1023 1898 1283 1930 AMBROSIANA.

379 1950 552 1994 Cassium)
592 1951 686 1982 Haeo
716 1951 848 1982 litterae
875 1951 1058 1994 duplicatio
1083 1951 1235 1993 lapidum
1264 1951 1459 1984 testimonio
1490 1951 1692 1995 dampnatur
1715 1963 1733 1982 a
1754 1949 1899 1982 Cellario
1926 1949 1968 1979 T.
1992 1947 2018 1978 I.
2046 1947 2173 1988 Geogr.

296 2013 328 2044 p.
352 2002 434 2033 6450..
460 2004 719 2035 GARATONIUS.
763 2006 846 2036 Non
873 2004 945 2035 sine
968 2016 1081 2035 caussa
1104 2011 1324 2047 optumorum
1347 2018 1384 2037 ac
1409 2007 1648 2049 plurrimorum
1679 2003 1831 2035 codicum
1856 2000 2091 2032 auctoritatem
2119 1999 2174 2030 hic

296 2055 499 2095 sequendam
524 2055 624 2095 (luxi,
651 2069 719 2088 uon
742 2057 919 2100 ignoraus,
944 2057 979 2088 in
1004 2058 1072 2088 Cic.
1092 2058 1193 2088 Phill.
1218 2059 1259 2097 II,
1289 2059 1343 2096 16,
1370 2059 1421 2090 40.
1447 2066 1625 2101 optumum
1649 2058 1848 2090 Uaticanum
1872 2055 2015 2087 Casinas
2038 2052 2172 2084 habere.

386 2107 532 2139 Tractus
556 2110 628 2151 ille)
653 2111 705 2141 De
726 2110 911 2153 scriptura,
948 2122 1031 2152 quae
1054 2116 1132 2141 ante
1154 2122 1208 2142 me
1233 2111 1397 2151 obtinuit,
1432 2117 1524 2144 totus
1553 2113 1612 2144 ille
1643 2117 1792 2149 tractch,
1824 2108 1904 2139 uide
1934 2117 2018 2150 quae
2040 2105 2172 2146 Prolog-

297 2161 339 2191 L.
362 2160 405 2190 Il.
431 2161 467 2190 C.
492 2161 516 2190 1.
542 2162 571 2201 ξ.
597 2173 626 2203 9.
651 2162 734 2194 dixi.

390 2212 478 2244 Tota
504 2213 648 2257 denique
676 2221 796 2247 nostra
826 2216 890 2248 illa
912 2230 1036 2261 aspera
1065 2222 1099 2249 et
1119 2223 1299 2249 montuosa
1322 2223 1354 2250 et
1367 2216 1493 2261 fidelis
1515 2223 1548 2249 et
1573 2217 1717 2261 simplex
1740 2222 1772 2248 et
1785 2214 1932 2258 fazttrix
1956 2224 2098 2246 suorum
2120 2222 2175 2244 re-

298 2265 370 2310 gio)
416 2266 517 2296 Rom·
541 2278 604 2296 sec·
633 2269 717 2300 Uen.
744 2270 893 2312 Heruag.
919 2277 952 2301 et
974 2270 1094 2302 Lamb.
1117 2277 1283 2303 montosa.
1328 2271 1382 2302 Sic
1406 2271 1529 2313 passim
1552 2270 1711 2309 uariatur,
1736 2276 1773 2300 ut
1796 2269 1831 2299 111
1854 2279 1937 2298 uoce
1958 2266 2061 2298 adfini
2084 2264 2174 2296 uidi-

303 2330 378 2349 mus
410 2318 664 2361 [portentosus]
698 2321 740 2351 ad
771 2333 797 2352 c.
823 2334 873 2364 27.
904 2335 967 2366 pro
997 2323 1116 2363 domo,
1161 2330 1193 2355 et
1215 2324 1251 2355 in
1274 2325 1335 2355 hac
1357 2323 1429 2365 ipsa
1453 2322 1599 2354 ostendit
1620 2323 1726 2354 Drak.
1756 2321 1795 2352 ad
1818 2321 1896 2353 Liu.
1919 2319 2101 2358 XXXIX,
2134 2328 2172 2357 1.‚

303 2382 404 2413 quem
427 2371 572 2402 consule·
619 2372 812 2417 Utrumque
834 2376 892 2407 ille
915 2377 1076 2408 usitatum
1099 2383 1212 2420 putat3
1237 2389 1296 2419 ego
1319 2382 1473 2409 montosa
1495 2377 1650 2408 lubenter
1672 2376 1708 2407 iu
1732 2375 1847 2407 Tullio
1870 2372 2075 2416 praeferam,
2100 2376 2174 2402 tum

2247 482 2253 546 Ξ

2247 549 2255 595 1
