2264 2746
257 104 310 133 133
909 94 1475 124 COMMENTARIUS.

345 175 602 214 Pronzmtlasse)
648 170 828 203 Pecuniam
851 168 1058 212 promisisse.
1104 168 1245 200 Confert
1268 169 1453 201 Lambinus
1482 181 1545 212 pro
1570 169 1705 200 Cluent.
1735 181 1762 200 c.
1790 181 1841 212 29.
1866 177 1898 202 et
1924 171 2014 202 Suet.
2039 171 2132 203 Caes.

258 241 286 260 c.
318 239 387 270 ¹9⁸⁹
428 225 632 259 Garatonius
666 223 711 254 II.
750 221 792 253 ad
826 223 870 265 Q.
904 222 1061 254 Fratrem
1097 224 1144 255 15.
1184 224 1242 256 uel
1269 223 1318 256 Η.
1345 222 1380 255 S.
1412 224 1537 255 centies
1568 223 1782 255 constituunt
1820 224 1856 255 ia
1879 225 2132 268 praerogatiua

268 281 498 314 Jronuntiare.

255 295 270 326 I
349 334 439 365 Tum
461 329 625 371 mirabor)
669 329 772 361 Nunc
794 339 863 359 non
886 326 1012 366 mir0r3
1047 326 1125 369 quia
1145 337 1221 357 cum
1244 326 1326 358 haec
1351 325 1471 358 docere
1494 334 1528 359 et
1551 327 1708 371 proferre
1733 333 1849 358 contra
1871 327 2045 358 Plancium
2069 338 2137 359 non

260 398 391 430 posses,
428 383 502 414 ideo
537 381 666 412 tribum
701 381 771 412 eius
795 386 828 412 et
850 380 890 411 ab
914 392 952 411 eo
980 380 1188 419 obseruatas,
1224 380 1344 422 quibus
1375 380 1580 413 notissumus
1611 394 1680 413 esse
1705 380 1862 419 debebat,
1897 379 1995 410 edere
2028 379 2141 411 nolui-

261 440 314 471 sti.
358 438 572 469 MANUTan.

345 486 478 530 Armis)
524 486 712 527 Iudicibus,
739 498 782 518 ex
806 485 961 517 tribubus
984 485 1024 517 iis
1049 484 1202 525 delectis,
1230 496 1310 528 quas
1333 486 1525 519 Laterensis
1548 500 1567 520 a
1589 487 1724 520 Plancio
1749 491 1923 528 corruptas
1949 485 2089 517 dicebat.

1072 598 1101 632 C
1111 597 1142 632 A
1153 598 1192 631 P.
1238 597 1340 633 XIX.

347 687 377 726 §.
401 684 452 715 46.
489 684 638 727 Cupidos
661 683 729 726 sui)
762 683 832 725 Qui
855 682 949 714 omni
971 680 1084 713 studio
1110 680 1146 712 id
1171 680 1331 724 agebant,
1357 689 1395 715 ut
1418 684 1668 726 magistratum,
1691 694 1792 725 quem
1816 682 1967 726 petebat,
1990 681 2144 714 Plancius

261 737 516 780 adipisceretur.

348 791 410 821 Siti
434 790 516 833 quia
536 789 691 832 gratiosi
712 789 782 820 sint
805 787 1034 820 accussamlos
1052 787 1175 830 putas)
1220 787 1274 819 Sic
1296 788 1322 819 B
1347 794 1381 819 et
1406 788 1452 827 E3
1477 789 1580 820 ceteri
1602 788 1680 819 libri
1704 800 1766 830 pro
1790 789 1859 819 siut
1882 787 2033 818 scribunt
2055 792 2145 818 sunt.

261 843 374 884 „Post
399 843 481 885 quia
505 841 757 872 subiunctiuom
784 841 920 872 nolebat
947 841 1132 879 Graeuius,
1158 852 1259 883 quem
1285 840 1320 872 in
1345 842 1428 873 meis
1452 842 1603 873 nondum
1628 841 1768 885 prolatis
1797 842 1900 882 [nunc
1923 839 2078 882 prolatis]
2106 839 2146 870 ad

262 895 485 929 BIilonianam
513 905 540 924 c.
564 905 614 926 22.
639 893 913 925 adnotationibus
937 893 1095 924 refutaui.
1141 894 1208 925 Hic
1230 900 1343 925 autem
1366 901 1548 937 utrumque
1574 902 1703 926 rectum
1730 893 1882 933 uidetur,
1912 899 1962 924 set
1988 892 2021 923 in
2045 891 2148 922 adtir-

262 948 411 980 matione
435 946 655 978 indicatiuom
681 945 880 989 praefero.“
918 947 1179 978 GARATONIUS.
1226 948 1305 978 Non
1330 946 1407 977 satis
1438 955 1631 979 constanter
1654 946 1874 979 indicatiuom
1897 951 1978 978 sunt
2000 943 2149 988 praefert

266 999 491 1037 Garatonius3
529 999 707 1031 manifesto
732 1000 894 1031 uitiosum
921 1005 992 1030 erat
1016 1000 1107 1037 siut,
1145 999 1233 1040 quod
1259 1005 1330 1029 tum
1355 998 1492 1030 demum
1517 999 1710 1039 ferendum,
1747 999 1774 1031 si
1800 997 1992 1030 Laterensis
2020 1003 2149 1028 tantum

263 1059 399 1096 putaret
425 1063 495 1083 esse
521 1053 695 1094 gratiosos,
720 1065 788 1084 non
812 1064 891 1084 uere
915 1058 1036 1083 essent.
1080 1051 1161 1084 Alia
1184 1051 1269 1083 ratio
1295 1058 1343 1083 est
1366 1052 1401 1082 in
1420 1053 1668 1084 constructione
1693 1051 1839 1093 obliqua.
1863 1052 2014 1082 BAKH'S.
2040 1051 2148 1082 Immo

266 1104 442 1138 manifesto
481 1104 623 1135 uitiosus
658 1105 713 1135 hic
751 1105 951 1136 indicatiuos
987 1110 1053 1143 est,
1100 1115 1169 1134 non
1198 1116 1264 1146 quo
1295 1116 1414 1135 reuera
1445 1117 1514 1136 non
1540 1105 1668 1137 fuerint
1691 1104 1845 1148 gratiosi,
1891 1115 1974 1145 quos
2009 1102 2150 1146 cupidos

264 1157 380 1189 Planci
402 1156 504 1188 fuisse
533 1157 651 1188 Cicero
680 1157 743 1195 ait,
777 1164 827 1189 set
851 1156 941 1199 quod
966 1156 1175 1196 membrum,
1217 1159 1299 1202 quia
1321 1160 1474 1202 gratiosi
1498 1161 1589 1197 sint,
1628 1170 1704 1201 pars
1729 1158 1828 1188 debet
1850 1156 2049 1188 existumari
2074 1167 2151 1186 ora-

265 1211 385 1249 tionis,
422 1221 522 1251 quam
548 1209 665 1240 Cicero
694 1209 789 1252 fingit
811 1210 1035 1242 Laterensem
1054 1221 1152 1252 posse
1175 1210 1343 1253 proferre.
1388 1212 1561 1242 Directam
1585 1212 1674 1242 enim
1700 1223 1762 1254 pro
1788 1210 1838 1241 his
1862 1210 1974 1241 uerbis
1997 1209 2025 1241 si
2046 1209 2152 1240 Late-

265 1263 372 1296 rensis
398 1262 496 1305 ponis
522 1263 730 1301 orationem,
761 1262 842 1292 haec
866 1261 964 1292 debet
987 1273 1074 1293 esse:
1107 1269 1193 1306 puto
1217 1264 1295 1295 illos
1318 1266 1566 1303 ‹ze-cussamlos,
1595 1266 1677 1307 quia
1698 1264 1850 1308 gratiosi
1871 1268 1970 1301 sunt,
1998 1261 2151 1292 minume

266 1328 364 1347 uero:
390 1321 480 1358 puto
504 1315 583 1347 illos
606 1315 845 1348 accusscmdos.
890 1315 1007 1356 Itaque
1030 1323 1211 1357 propterea
1236 1316 1469 1347 coniunctiuos
1494 1319 1563 1348 siut
1589 1329 1727 1359 prorsus
1753 1315 1954 1346 necessarius
1980 1321 2045 1354 est,
2074 1314 2152 1356 qnia

265 1368 459 1400 Laterensis
485 1367 565 1398 haec
592 1369 714 1408 uerba,
747 1369 828 1412 quia
849 1369 1002 1411 gratiosi
1025 1369 1113 1406 siut,
1146 1381 1216 1400 esse
1240 1369 1439 1400 existumari
1463 1369 1603 1409 debent,
1638 1382 1721 1411 quae
1745 1381 1820 1399 cum
1844 1367 2011 1399 referebat
2034 1367 2151 1398 Cicero

266 1433 328 1464 pro
354 1420 537 1452 indicatiuo
561 1422 601 1453 ab
625 1424 809 1454 Laterense
832 1421 942 1464 posito
967 1422 1171 1462 necessario,
1206 1428 1244 1453 ut
1268 1422 1304 1453 in
1329 1422 1422 1453 omni
1448 1421 1600 1453 oratione
1623 1422 1777 1464 obliqua,
1816 1420 2071 1451 coniunctiuom
2094 1419 2155 1451 de-

267 1474 367 1505 bebat
389 1484 527 1515 ponere.

356 1527 386 1567 §.
415 1527 466 1567 47.
506 1526 713 1559 Gratiosum
741 1528 841 1569 [esse]
867 1528 902 1559 in
928 1539 993 1559 sua
1017 1526 1109 1558 tribu
1133 1527 1334 1569 Plancium)
1380 1527 1485 1558 Recte
1508 1526 1594 1557 hanc
1616 1526 1838 1558 uerissumam
1858 1527 1958 1558 huius
1981 1526 2046 1558 loci
2071 1525 2155 1558 scri-

268 1584 406 1622 pturam
430 1591 500 1610 esse
525 1581 730 1611 Garatonius
754 1580 927 1611 iudicauit.
973 1580 1088 1620 „Illut
1110 1591 1210 1618 uer0,
1235 1581 1433 1622 gratiosum
1456 1593 1526 1612 esse,
1551 1580 1736 1612 tribulibus
1759 1582 1955 1619 Flam-imm,
1979 1579 2069 1621 quod
2094 1580 2154 1611 ob-

271 1632 356 1663 tinet
379 1631 445 1662 iam
470 1631 549 1663 inde
572 1644 590 1663 a
612 1634 802 1676 Naugerio‚
828 1646 892 1677 pro
917 1644 974 1672 eo,
1013 1632 1104 1675 quod
1126 1644 1229 1675 supra
1251 1633 1323 1675 ipse
1347 1632 1435 1664 dixit
1462 1633 1579 1664 Cicero
1605 1644 1632 1663 e.
1660 1633 1726 1672 18„
1756 1646 1887 1677 semper
1901 1633 2055 1677 filerunt
2077 1633 2156 1664 boni

272 1685 363 1723 uiri,
390 1685 450 1727 qui
472 1691 558 1728 aput
585 1686 723 1719 tribulis
747 1700 825 1719 suos
845 1686 998 1730 gratiosi
1021 1698 1091 1717 esse
1113 1687 1261 1725 uellent,
1293 1685 1451 1728 quodque
1473 1686 1556 1717 adeo
1580 1686 1682 1717 latina
1703 1686 1853 1729 postulat
1874 1685 2080 1731 consuetudo
2103 1686 2157 1716 lo-

275 1737 417 1778 quendi,
448 1737 543 1778 illut,
574 1738 728 1780 inquam,
759 1751 828 1770 non
850 1740 923 1770 fero
945 1739 1154 1779 mehercule,
1192 1745 1230 1770 nt
1253 1749 1362 1781 neque
1384 1738 1463 1770 tulit
1485 1739 1687 1778 Lambinus,
1719 1739 1774 1770 uir
1796 1739 1899 1770 latine
1923 1739 2153 1778 doctissumus,

276 1789 333 1829 qui
369 1790 578 1831 emendauit,
614 1793 813 1835 gratiosum
847 1805 916 1824 esse
947 1798 1034 1835 aput
1057 1792 1196 1823 tribulis
1218 1792 1416 1824 Plancium.
1459 1792 1560 1823 Nunc
1584 1792 1728 1834 deniqne
1755 1804 1889 1823 omnem
1913 1793 1998 1824 mihi
2021 1792 2154 1824 dubita-

274 1841 402 1873 tionem
432 1843 519 1874 liber
547 1850 706 1886 optumus
738 1843 840 1886 [ΕΑΖ]
873 1856 1035 1886 suamque
1065 1844 1233 1876 Lambino
1264 1844 1491 1876 coniecturam
1526 1846 1713 1877 excussit.·‘
1763 1847 2020 1877 GARAToNlt's.
2067 1846 2153 1877 Cum

273 1896 452 1936 gratiosus
475 1897 661 1928 secundum
684 1897 872 1939 analogiam
896 1897 1066 1936 omnium,
1092 1908 1176 1938 quae
1199 1897 1234 1928 in
1259 1910 1336 1928 osus
1360 1903 1496 1937 exeunt,
1519 1898 1765 1930 adiectiuornm
1790 1899 1815 1930 is
1839 1905 1968 1930 tantum
1988 1897 2052 1928 dici
2075 1910 2156 1941 pos-

277 1947 337 1985 sit,
375 1949 431 1990 qui
462 1949 570 1980 multa
598 1950 721 1992 gratia,
760 1949 879 1981 fauore
901 1950 1035 1989 floreat,
1072 1956 1192 1992 sponte
1215 1949 1439 1992 intellegitur,
1477 1962 1543 1981 non
1567 1952 1716 1993 potuisse
1735 1954 1930 1996 gratiosum
1955 1963 2025 1982 esse
2047 1951 2157 1983 alicui

277 2007 366 2030 recte
393 2002 468 2032 (liei.
515 2003 637 2043 Neque
664 2014 746 2034 uero
771 2015 855 2045 quae
881 2009 958 2034 ante
979 2003 1202 2035 Garatonium
1228 2003 1375 2034 obtinuit
1397 2003 1564 2046 scriptura
1588 2004 1688 2035 ullius
1712 2004 1791 2036 boni
1814 2004 1935 2035 codicis
1958 2005 2158 2037 anctoritate

278 2051 409 2083 nititur.
458 2054 543 2087 Uide
566 2062 765 2098 apparatum
789 2056 954 2087 criticum.
999 2056 1108 2087 Immo
1132 2067 1247 2086 omnes
1275 2056 1354 2087 libri
1377 2056 1411 2087 id
1435 2057 1616 2089 ostendunt
1637 2069 1656 2088 a
1675 2058 1835 2089 Cicerone
1858 2055 1959 2088 fuisse
1981 2057 2155 2099 scriptum,

281 2104 371 2145 quod
395 2106 420 2135 B
445 2113 477 2137 et
500 2108 527 2138 E
552 2108 664 2150 ipsum
687 2109 822 2140 habent.
868 2110 989 2151 Neque
1018 2110 1060 2140 ll.
1086 2110 1120 2140 in
1143 2111 1243 2142 Uerr.
1275 2110 1342 2148 III,
1385 2111 1439 2150 14,
1476 2122 1535 2151 17.:
1572 2116 1621 2142 set
1650 2111 1710 2141 isti
1736 2109 1804 2152 ipsi
1833 2110 1964 2152 equites
1998 2111 2155 2149 Romani,

280 2156 454 2199 splendidi
476 2160 626 2192 homiues
650 2167 682 2193 et
705 2162 812 2193 aliis
830 2162 1062 2205 praetorib
1074 2176 1121 2194 us
1142 2163 1349 2207 gratiosi,
1372 2164 1483 2195 uim-ti
1504 2164 1660 2206 Apronio
1686 2162 1810 2193 traditi
1833 2168 1924 2194 suut.
1947 2163 2050 2193 uerba
2074 2164 2156 2196 aliis

276 2209 495 2250 praetoribus
519 2214 666 2253 pendent
689 2226 707 2245 a
724 2227 756 2245 u.
781 2215 944 2258 gratiosi,
968 2221 1018 2245 set
1040 2215 1179 2247 ablatiui
1202 2217 1459 2258 consequentiae
1482 2222 1570 2248 sunt.
1615 2215 1791 2245 Praeterea
1815 2214 1892 2245 uide
1917 2226 2001 2256 quae
2024 2216 2154 2260 Proleg.

282 2262 323 2292 L.
348 2262 389 2292 II.
416 2262 452 2293 C.
478 2263 503 2293 I.
533 2265 560 2304 ἓ.
585 2266 614 2297 8.
638 2278 671 2308 p.
694 2268 868 2299 XXXVI.
893 2267 933 2298 de
956 2268 1019 2299 hoc
1044 2269 1116 2300 loco
1140 2269 1268 2300 monui.

367 2314 470 2353 Quod
497 2317 614 2347 multis
646 2319 789 2362 benigne
808 2319 951 2364 fecerit)
998 2321 1063 2353 Hic
1086 2329 1167 2364 aput
1188 2324 1334 2354 Graecos
1366 2327 1415 2353 est
1436 2318 1621 2363 εὐεργέτης,
1657 2320 1746 2362 quod
1779 2320 1948 2362 eleganter
1979 2321 2082 2352 latine
2110 2322 2154 2353 ita

283 2368 506 2407 conuerteris,
543 2380 618 2399 cum
642 2373 840 2411 praesertim
863 2374 1100 2405 uetustissuma
1123 2381 1155 2406 et
1178 2375 1471 2417 praestantissuma
1495 2374 1649 2415 bilinguis
1674 2373 1847 2416 inscriptio
1871 2373 2055 2416 praeiuerit
2076 2380 2155 2417 aput
