2264 2746
792 86 816 114 c
837 85 864 113 A
884 87 925 115 P.
965 84 1115 113 xxxv.
1152 84 1180 125 ς.
1205 87 1252 115 87.
1903 93 1956 119 219

83 164 194 198 subici
216 176 283 195 non
305 163 412 195 sistis.
455 161 514 194 Ad
536 161 606 193 Ait.
631 161 665 200 I,
701 161 748 193 14.
790 162 838 194 Τε
863 162 910 193 acl
931 173 1050 192 coenas
1083 161 1173 192 itare
1196 160 1322 192 (lesisse
1344 161 1482 192 moleste
1495 160 1589 204 fero.
1635 160 1738 191 Corn.
1761 161 1849 202 Nep.
1872 161 1953 201 Ml,

83 219 122 257 5,
150 229 176 249 1.
198 217 430 260 magistratus
449 227 571 259 gerere
594 216 746 247 desisset.
791 214 835 246 A.
860 214 993 246 Gellius
1016 214 1106 253 XV,
1142 214 1188 245 16.
1220 219 1331 245 artem
1353 214 1552 246 athleticam
1575 214 1726 246 desisset.
1771 214 1839 245 Cic.
1863 214 1951 245 l’hil·

84 272 137 310 II,
166 270 217 302 55.
257 269 404 300 simulac
426 269 546 300 timere
575 269 736 306 des-isses,
775 268 922 299 similem
945 272 978 298 te
995 265 1167 309 ficturum
1189 266 1254 298 tui.
1298 266 1380 297 lbid.
1405 268 1442 298 C.
1466 267 1656 298 XXXVII.
1686 280 1833 310 quonam
1854 269 1951 300 modo

84 330 166 356 ante
189 323 236 356 K.
258 321 396 365 Aprilis
419 320 538 353 debere
558 321 703 352 desisti?
746 320 832 351 Ibid.
856 320 927 357 xl,
962 319 1010 350 15.
1049 319 1109 362 qui
1139 331 1180 350 ne
1202 320 1285 351 uiuo
1316 321 1452 363 quidem
1482 319 1648 352 Trebonio
1670 320 1872 353 Dolabellae
1899 322 1953 353 la-

85 377 273 409 trocinium
299 375 336 405 in.
365 374 505 416 Syriam
531 379 714 417 penetrare
742 374 852 405 sisset.
906 373 946 404 In
976 371 1177 414 quibusdam
1207 372 1329 404 horum
1358 374 1512 405 locorum
1540 373 1629 404 male
1658 384 1748 404 nunc
1780 374 1908 416 duplex
1940 376 1952 406 i

82 429 167 472 ‘poni
189 428 286 459 solet.

171 492 282 532 Quem
309 490 447 533 quidem
475 489 512 520 in
539 487 753 520 contionibus
787 489 936 520 saltator
966 489 1026 521 ille
1057 489 1229 522 Catilinae
1259 489 1378 521 consul
1399 490 1667 533 proscriptionis
1695 491 1954 523 denuntiatione

85 545 247 584 terrebat)
291 540 460 581 Ἶὸίως“)
483 553 560 583 pro
585 541 796 572 stomachi
818 541 885 572 sui
908 542 1149 574 acerbitate
1173 542 1402 573 Gabinium
1433 541 1597 573 lacerat
1622 544 1743 584 quasi
1766 543 1951 574 famosae

83 594 391 641 inpudicitiae3
416 605 537 635 quem
560 593 808 625 minitatum
832 595 1203 636 proscribtionem
1228 594 1427 637 equestri
1450 595 1596 626 ordini
1623 598 1860 639 eapropter
1882 595 1951 626 di-

83 651 158 689 cit,
182 648 293 691 quod
316 646 439 678 illius
472 646 656 688 edicto2)
685 646 842 678 suisset
863 648 904 678 L.
928 648 1117 689 Aelius³)
1148 659 1275 690 eques
1300 648 1359 686 R.,
1395 647 1465 678 cui
1494 647 1733 680 familiaris
1755 647 1952 680 amicitia

80 714 170 734 cum
196 701 243 733 M.
268 700 419 731 Tullio
442 698 602 739 fuerat,
632 700 862 741 relegatus.
887 700 1048 731 ScnofflA
1072 701 1332 733 Ammzosmm.

164 755 208 786 In
233 752 459 795 contionibus)
492 752 573 784 Cod.
597 752 718 784 Ambr.
742 752 879 783 omittit.
925 754 983 784 Set
1004 760 1082 796 post
1103 754 1174 785 red.
1199 754 1234 784 111
1259 764 1328 783 sen.
1354 751 1392 782 C.
1417 752 1463 784 V.
1487 753 1523 784 in
1547 755 1735 786 contionem
1757 752 1952 797 (Gabinius)

81 808 236 841 ascendit
258 824 299 830 —
328 818 411 849 quos
440 806 472 836 ei
498 807 710 838 commodum
727 804 808 848 fuit
838 806 1071 850 eonpellauit3
1107 807 1151 839 L.
1175 818 1256 838 uero
1280 805 1444 837 Lamiam
1466 807 1613 849 equitem
1637 808 1684 840 R.
1710 808 1828 839 consul
1856 808 1952 850 inpe-

83 862 196 893 riosus
227 860 319 891 exire
347 858 430 890 urbe
458 859 571 890 iussit.
617 860 700 889 Item
724 871 787 901 pro
815 860 908 890 Sext.
941 860 978 892 C.
1002 860 1082 891 XII.
1117 859 1353 891 Exanimatas
1383 859 1498 891 euolat
1525 872 1566 892 ex
1591 866 1712 892 senatu
1733 878 1775 884 —
1804 861 1951 891 aduocat

82 914 289 950 contionem,
329 912 374 943 L.
396 911 562 943 Lamiam
591 911 628 942 in
651 912 806 943 contione
839 913 1024 955 relegauit.
1055 912 1317 943 GARATONIUS.
1362 912 1468 943 Nulla
1489 919 1598 955 potest
1629 912 1749 945 codicis
1772 912 1862 943 illius
1888 911 1952 942 ali-

82 966 162 1008 quid
185 964 371 996 omittentis
395 963 575 994 auctoritas
600 974 680 993 esse.

170 1019 326 1050 Saltator
349 1017 408 1048 ille
430 1016 603 1047 Catilinae
625 1016 757 1056 consul)
804 1016 981 1048 Gabinius.
1025 1017 1106 1048 Post
1130 1015 1199 1047 red.
1224 1015 1257 1046 in
1281 1027 1351 1047 sen.
1376 1016 1414 1046 C.
1437 1016 1500 1048 VI.
1525 1017 1646 1058 §.13.:
1680 1017 1750 1049 Cur
1773 1018 1808 1049 in
1831 1017 1953 1049 lustris

81 1079 113 1106 et
146 1069 402 1104 lieluationibus
432 1069 537 1101 liuius
567 1068 800 1100 calamistrati
827 1069 1006 1101 saltatoris
1038 1070 1166 1102 eximia
1200 1069 1316 1101 uirtus
1345 1074 1417 1101 tam
1444 1070 1505 1102 diu
1536 1071 1707 1102 cessauit?
1752 1071 1817 1101 Pro
1849 1070 1950 1101 ‹lomo

81 1127 120 1158 C.
150 1124 284 1157 XXIII.
316 1123 345 1164 §.
370 1123 421 1153 60.
452 1121 666 1164 Campanum
694 1121 795 1153 illum
825 1123 997 1154 consulem
1020 1135 1098 1154 cum
1128 1122 1296 1153 saltatore
1328 1123 1481 1165 conlega.
1526 1124 1565 1153 In
1595 1123 1752 1154 Pisonem
1786 1123 1823 1153 C.
1853 1122 1949 1153 YIII.

80 1181 110 1220 §.
139 1178 187 1210 18.
215 1177 269 1208 Tu
291 1188 332 1207 ex
355 1174 564 1206 tenebricosa
580 1174 714 1216 popina
743 1174 864 1205 consul
888 1180 1064 1206 extractus
1095 1186 1172 1205 cum
1196 1174 1259 1205 illa
1282 1175 1462 1207 saltatrice
1492 1182 1591 1207 tonsa
1619 1181 1775 1207 senatum
1807 1175 1857 1207 rei
1880 1187 1951 1217 pu-

78 1231 187 1263 blicae
209 1240 365 1260 occasum
387 1233 492 1270 atque
515 1227 696 1258 interitum
718 1227 838 1269 lugere
861 1228 1017 1258 uetuisti.
1061 1226 1190 1257 Ibidem
1216 1228 1253 1258 C.
1269 1228 1315 1258 X.
1341 1229 1370 1269 §.
1396 1239 1446 1260 22.
1471 1241 1548 1260 cum
1572 1229 1733 1271 conlegae
1757 1229 1810 1260 tui
1832 1229 1952 1260 (lomus

79 1289 185 1315 cantu
214 1287 247 1314 et
272 1280 436 1323 cymbalis
463 1285 686 1322 personaret,
721 1291 865 1322 emaque
888 1280 960 1322 ipse
989 1280 1103 1312 nudus
1127 1280 1163 1310 in
1186 1280 1347 1312 conuiuio
1373 1281 1530 1313 saltaret.
1568 1281 1782 1313 MANUTH'S„
1826 1280 1951 1311 Nullus

77 1336 212 1373 dubito,
253 1333 335 1374 quin
364 1332 406 1363 ad
434 1332 524 1362 hunc
554 1332 667 1362 locum
700 1338 734 1363 et
766 1332 860 1370 illos,
903 1344 987 1374 quos
1017 1331 1190 1363 Manutius
1217 1332 1357 1372 adtulit,
1392 1334 1575 1377 respexerit
1599 1333 1790 1365 Macrobius
1814 1332 1949 1363 saturn.

79 1388 150 1426 XI,
181 1398 248 1418 10.:
268 1386 484 1428 Priusquam
505 1397 528 1416 a
550 1385 735 1417 saltatione
758 1386 911 1425 discedo,
935 1385 1017 1416 illut
1039 1385 1209 1424 adiciam,
1232 1398 1299 1417 uno
1323 1388 1437 1419 eodem
1459 1393 1609 1431 tempore
1632 1386 1742 1417 tribus
1764 1385 1949 1417 nobilissu-

77 1441 144 1474 mis
167 1439 300 1472 ciuibus
325 1450 392 1469 non
412 1438 511 1469 modo
536 1438 691 1469 studium
713 1438 885 1475 saltandi,
908 1443 959 1469 set
981 1438 1102 1475 etiam,
1126 1439 1157 1469 si
1179 1439 1233 1470 dis
1254 1440 1387 1483 placet,
1405 1441 1582 1483 peritiam,
1607 1452 1676 1482 qua
1696 1439 1949 1481 gloriarentur,

71 1493 210 1538 fuisse,
250 1492 400 1524 Gabinio
429 1491 606 1522 consulari
636 1491 808 1522 Ciceronis
841 1491 1000 1529 inituim,
1038 1491 1129 1534 quod
1159 1492 1265 1523 etiam
1293 1492 1410 1524 Cicero
1437 1505 1504 1524 non
1527 1492 1788 1524 dissimulanter
1817 1489 1949 1522 obiecit.

79 1547 288 1579 GRAEUIUS.
332 1544 506 1576 Catilinae
529 1555 595 1575 non
623 1544 707 1574 bene
730 1543 907 1581 conuenit3
945 1544 1121 1575 saltatores
1143 1543 1296 1575 absolute
1319 1545 1488 1577 dicuntur.
1532 1546 1680 1579 Amator
1713 1544 1886 1576 Catilinae
1915 1548 1948 1573 et

81 1600 140 1633 uir
162 1598 237 1637 fuit,
260 1603 299 1629 ut
323 1597 357 1628 111
382 1609 432 1628 or.
456 1603 532 1639 post
554 1596 625 1628 red.
650 1597 684 1627 in
709 1607 778 1627 sen.
802 1607 829 1626 c.
853 1599 883 1631 4.
907 1596 1046 1633 dicitur3
1069 1597 1218 1629 saltator
1239 1597 1327 1629 nihil
1348 1598 1387 1629 ad
1412 1599 1591 1630 Catilinam
1613 1597 1777 1640 pertinetz
1801 1596 1949 1628 saltator

80 1652 202 1685 consul
222 1657 336 1682 autem
359 1650 583 1681 acerbissume
602 1649 736 1681 dicitur.
781 1650 896 1690 Itaque
920 1649 1092 1680 Catilinae
1115 1649 1294 1682 delendum
1318 1658 1378 1683 est.
1402 1653 1627 1683 ERNESTIUS.
1672 1649 1861 1683 Delendum
1884 1647 1949 1679 Ca-

81 1706 206 1738 tilinae
235 1715 361 1735 nomen
391 1709 503 1734 censet
525 1703 704 1743 Ernestus‚
743 1702 841 1744 eique
870 1702 937 1733 uiri
965 1702 1173 1746 peritissumi
1204 1704 1361 1747 opinioni
1389 1716 1506 1736 omnes
1537 1704 1652 1735 fauent
1676 1703 1760 1742 loci,
1798 1713 1881 1743 quos
1903 1711 1947 1732 ex

159 1860 185 1899 1)
223 1859 362 1888 Uerbum
382 1869 522 1897 graccum
543 1861 581 1889 A.
600 1861 700 1890 Maius
721 1871 759 1890 ex
780 1861 957 1889 coniectura
977 1860 1111 1896 addidit,
1136 1866 1170 1889 ut
1190 1871 1322 1890 uacuum
1343 1861 1473 1900 spatium
1494 1862 1641 1900 expleret.

155 1907 184 1944 2)
223 1908 334 1936 Edicto
354 1907 478 1945 scripsit
506 1910 586 1937 idem
606 1920 663 1948 pro
683 1911 781 1946 (licto,
815 1909 897 1948 quod
917 1908 950 1937 in
971 1908 1078 1937 codice
1099 1914 1160 1944 est,
1194 1910 1331 1938 conferri
1353 1910 1463 1938 iubens
1487 1910 1599 1938 Ascon.
1625 1909 1662 1937 ad
1683 1909 1747 1937 Cic.
1768 1918 1810 1936 or.
1830 1908 1863 1936 in
1882 1907 1943 1936 Pis.

82 1956 116 1985 C.
136 1956 180 1984 X.
199 1960 230 1982 ct
250 1965 306 1993 pro
327 1956 426 1984 Sestio
448 1956 482 1984 C.
504 1957 579 1985 XII.
600 1957 692 1985 XIII.

153 2004 183 2042 3)
223 2002 298 2031 Cod.
320 2004 465 2039 Laelius,
498 2015 560 2033 non
580 2006 617 2033 L.
638 2007 757 2033 Aelius.
796 2005 840 2033 At
866 2005 897 2033 in
919 2005 980 2033 Pis.
1000 2015 1025 2033 c.
1048 2015 1092 2040 27.
1121 2004 1236 2032 dicitur
1257 2005 1294 2033 L.
1314 2006 1434 2034 Aelius.
1472 2004 1559 2033 Alibi
1579 2015 1667 2042 saepe
1694 2003 1833 2032 meminit
1852 2001 1944 2030 huius

80 2050 143 2080 uiri
165 2055 195 2078 et
215 2050 360 2078 facinoris
383 2051 510 2088 Cicero,
538 2058 609 2091 post
628 2053 692 2081 red.
713 2053 745 2080 in
767 2062 829 2080 sen.
851 2053 893 2088 5.‚
918 2063 976 2091 pro
998 2054 1081 2081 Sext.
1106 2062 1164 2088 12.‚
1191 2053 1227 2081 ad
1249 2054 1331 2082 Fam.
1355 2053 1420 2089 XI,
1455 2054 1496 2082 16.
1521 2062 1562 2087 17.
1582 2052 1665 2086 XII,
1691 2061 1752 2089 29„
1780 2051 1890 2089 quibus
1909 2049 1943 2077 111

80 2098 157 2127 locis
178 2096 287 2125 scribit
307 2098 357 2125 uel
377 2099 412 2126 L.
430 2100 592 2136 Lamiam,
626 2101 678 2128 uel
698 2102 852 2129 Lamiam.
890 2100 1043 2129 Asconius
1064 2100 1137 2128 item
1165 2101 1185 2128 l.
1206 2101 1226 2128 1.
1246 2107 1404 2141 nuncupat
1426 2102 1464 2131 L.
1484 2101 1638 2129 Lamiam.
1677 2099 1829 2136 Quoniam
1849 2097 1944 2135 igitur

80 2153 266 2184 praenomen
286 2145 382 2174 Lucii
403 2157 491 2185 saepe
510 2147 583 2176 huic
605 2149 674 2176 uiro
695 2147 860 2183 tribuitur,
894 2153 1091 2186 nuncupetur
1117 2159 1189 2177 sane
1210 2148 1328 2187 integre
1348 2150 1384 2177 L.
1404 2151 1512 2178 Aelius
1533 2149 1657 2176 Lamia.
1695 2147 1737 2175 Et
1756 2146 1877 2185 quidem
1897 2146 1943 2173 sa-

81 2192 149 2221 cilis
168 2191 229 2220 fuit
249 2190 304 2218 illa
322 2194 471 2231 separatio
492 2196 528 2224 L.
548 2197 660 2224 Aelius
679 2206 735 2234 pro
758 2197 893 2225 Laelius,
914 2196 951 2223 A.
973 2197 1091 2224 Mnus.
1129 2196 1203 2224 Erat
1224 2197 1332 2224 Aeliae
1352 2196 1451 2234 gentis
1470 2196 1507 2224 L.
1529 2196 1582 2223 ille
1603 2195 1725 2230 Lamia,
1746 2194 1831 2222 cuius
1851 2192 1943 2220 nobi-

80 2240 197 2269 litatem
217 2238 349 2267 familiae
368 2242 557 2278 praedicauit
578 2244 729 2272 Horatius
750 2244 806 2271 III.
827 2244 926 2272 Carni.
950 2253 991 2280 17.
1018 2244 1054 2271 ab
1075 2245 1171 2272 Lamo
1193 2244 1333 2283 Ncptuni
1354 2244 1418 2272 filio
1439 2243 1599 2272 deducens.
1638 2242 1746 2280 Neque
1766 2252 1840 2269 uero
1861 2240 1942 2268 idem

80 2292 183 2327 potest
203 2286 328 2314 Laelius
349 2290 501 2319 nominari
521 2292 580 2320 XI.
602 2292 638 2320 ad
658 2291 754 2320 Attic.
775 2301 817 2328 7·⁷
838 2296 889 2319 aut
909 2291 971 2327 ibi,
993 2303 1084 2330 quom
1104 2291 1195 2320 huius
1216 2293 1254 2320 L.
1274 2292 1398 2321 Lamiae
1417 2291 1533 2320 mentio
1554 2289 1758 2323 antecesserit,
1779 2290 1812 2316 L.
1833 2287 1942 2315 Aelius

81 2335 224 2363 similiter
244 2335 416 2373 emendari3
454 2345 500 2368 set
519 2340 597 2368 alius
617 2339 709 2368 homo
730 2343 791 2374 cst,
825 2344 859 2366 ut
879 2339 959 2368 uidit
979 2340 1146 2376 Ernestus,
1173 2340 1214 2369 D.
1234 2341 1376 2378 Laelius,
1406 2340 1458 2379 qui
1478 2340 1516 2368 L.
1536 2339 1679 2367 Flaccum
1699 2335 1882 2371 accussauit‚
1910 2340 1940 2363 ct

82 2381 230 2419 Pompeio
249 2381 348 2410 adfuit
368 2383 401 2411 in
417 2384 500 2414 bello
521 2387 618 2415 ciuili.
657 2387 880 2415 Ginnosms.

1471 2435 1532 2466 40*
