2264 2746
717 97 742 126 c
761 97 790 126 A
810 99 850 128 P.
890 98 978 128 VIII.
1005 97 1031 138 ς.
1059 105 1103 131 21.
1130 115 1168 120 —
1189 99 1247 128 IX.
1273 97 1300 139 §.
1322 106 1366 132 22.
1935 107 1970 133 91

92 175 180 218 quod
204 175 250 206 ita
272 173 343 206 fere
366 173 497 217 optumi
520 172 665 213 codices,
698 179 738 205 ut
760 174 1019 206 uetustissumus
1042 174 1259 206 Florentinus
1285 175 1399 207 Orosii
1423 175 1455 215 I,
1490 185 1536 215 2.,
1569 181 1641 206 tum
1669 174 1758 217 quod
1788 188 1883 208 mons
1912 174 1972 206 lit-

90 235 161 261 tera
182 229 317 260 Ucaret
339 227 494 258 omnibus
518 227 657 266 casibus,
682 238 748 268 quo
773 228 846 258 loco
873 228 969 259 habet
992 230 1023 267 J,
1047 235 1103 259 aut
1119 229 1173 267 E3
1197 228 1298 270 idque
1322 235 1438 260 contra
1461 235 1510 261 est
1531 229 1566 260 in
1590 229 1738 266 uocibus,
1760 234 1971 272 portentum,

88 287 279 314 monstrum
302 287 383 319 etc.,
408 291 483 310 cum
507 286 618 311 tamen
643 279 748 311 codex
774 280 855 311 item
881 281 1098 312 Florentinns
1125 281 1182 311 ille
1207 281 1449 314 l‘andectarnm
1472 284 1515 322 L,
1542 282 1610 314 135.
1643 281 1684 312 de
1709 282 1752 314 U.
1778 282 1811 312 S.
1837 282 1867 312 si
1884 293 1971 324 por-

88 340 275 372 tentosum,
308 334 365 366 uel
381 338 653 370 monstruos-mn,
684 334 742 365 uel
763 334 871 365 debile
893 335 1019 365 mulier
1042 335 1208 373 ediderit,
1232 335 1394 366 exhibere
1418 336 1563 367 uideam.
1608 336 1666 366 Set
1687 335 1769 373 1100,
1800 340 1838 365 ut
1863 333 1968 365 uoles.

86 387 169 418 Illut
192 393 282 418 certe
304 386 465 423 restituo,
494 385 584 427 quod
607 384 642 415 in
667 385 742 417 edd.
768 386 803 417 Ρ.
827 387 939 425 Mam,
965 387 1040 417 Car.
1068 387 1203 429 steph„
1233 394 1265 418 et
1288 388 1407 419 Lamb.
1433 388 1590 431 repperi,
1615 394 1651 420 ab
1666 387 1807 431 fidelis,
1838 385 1968 417 etiamsi

86 440 154 472 Msi
176 445 377 482 repugnent.
424 437 516 478 Quid
541 437 630 468 enim
654 438 821 480 apertius,
849 449 948 481 quam
975 439 1087 469 locum
1112 451 1184 471 eam
1208 440 1350 482 figuram
1375 442 1569 482 requirere,
1595 452 1695 483 quam
1720 437 1968 483 (ἷντεισαγωγήν

84 492 252 524 Rhetores
280 491 470 534 appellant3
508 502 592 532 quae
619 502 724 533 porro
749 491 786 523 fit
810 491 1014 534 saepissume
1041 492 1192 523 adbibita
1222 493 1386 536 particula
1418 499 1473 532 at3
1509 494 1601 526 cuius
1632 495 1706 525 loco
1732 505 1774 524 ex
1798 490 1967 534 frequenti

83 546 333 588 permutatione
368 549 468 584 atque
507 555 548 574 ex
588 544 752 575 similium
790 544 962 574 uicinitate
993 544 1114 586 copula
1138 551 1170 576 et
1195 545 1261 576 huc
1283 546 1448 588 inrepsit?
1494 546 1572 577 Duo
1603 547 1759 590 exempla
1785 544 1863 576 uide
1886 549 1969 586 aput

81 597 245 639 Aquilam
269 597 309 627 de
333 596 428 638 figur.
454 608 480 626 c.
504 598 623 635 X1V.‚
655 603 705 628 set
728 607 766 627 ea
788 608 856 627 non
881 608 955 627 rara
976 603 1055 628 sunt
1077 602 1159 638 aput
1182 598 1348 629 Tullium.
1392 598 1583 630 Adluditur
1612 606 1724 630 autem
1747 599 1801 630 hic
1823 595 1969 629 manife-

81 656 132 682 ste
164 649 206 681 ad
228 650 452 681 Homericum
480 648 557 680 illut
581 648 622 679 de
646 649 758 679 Ithaca
781 648 1025 680 notissumum:
1062 647 1204 692 Γτρηχεῖ’,
1235 648 1304 683 ἁλλ’
1327 649 1442 694 (ἷγαθή
1467 648 1711 694 κουροτρόᾳος,
1746 663 1892 695 aspera,
1915 655 1966 682 set

81 703 167 736 bona
184 716 376 747 puerorum
400 703 529 734 altrix.-
564 702 655 743 quod
679 702 720 732 de
743 701 804 732 hac
827 701 898 743 ipsa
921 701 1075 743 regione,
1104 702 1138 732 in
1166 714 1230 744 qua
1254 710 1350 734 natus
1375 710 1464 743 erat,
1496 704 1576 734 alibi
1600 711 1740 746 usurpat
1763 705 1899 742 Cicero,
1928 707 1967 733 ut

80 756 217 788 notabat
240 755 412 788 Uictorius
436 755 536 786 XXI.
563 755 750 787 Uar-Led.
776 754 845 785 23..
890 753 921 784 Is
944 753 990 783 ibi
1014 754 1104 784 hunc
1127 755 1239 786 locum
1262 756 1445 787 inlustrans
1470 768 1532 799 pro
1556 757 1690 798 uolgato
1716 756 1880 797 firmoque
1903 755 1966 786 ha·

80 808 153 840 buit
176 814 232 845 αῖς
266 808 354 850 quod
383 808 521 849 quidem
547 807 731 838 Homerico
759 807 810 837 illi
833 802 916 839 ‘lma'
940 805 985 836 ita
1008 807 1210 849 respondet,
1240 815 1277 839 ut
1300 809 1355 839 uel
1378 808 1458 839 inde
1482 809 1633 851 potuerit
1655 809 1722 840 huc
1748 815 1886 850 optume
1908 818 1966 838 ar-

79 860 171 892 cessi.
216 862 315 892 Hanc
336 860 539 892 Latinorum
564 871 606 890 ex
631 859 786 897 Graecis,
823 871 905 901 quos
929 858 1128 899 imitantur,
1163 861 1453 892 emendandorum
1476 862 1642 893 rationem
1666 860 1890 892 conmendare
1913 865 1965 890 at-

79 926 145 956 que
173 913 334 944 adhibere
363 912 559 943 doctissumi
589 912 713 954 quique
736 912 861 951 solent,
898 917 936 942 ut
958 923 1068 954 nuper
1091 913 1139 943 Io.
1164 914 1371 945 Schraderus
1394 915 1421 945 Ι.
1451 915 1595 946 Obseru.
1619 914 1666 946 5..
1705 914 1963 945 GARAToNtUs.

77 967 233 999 Blinume
257 978 340 1008 opus
364 972 427 1005 est,
461 971 514 1004 ut,
545 965 573 996 si
596 965 669 995 aliis
693 964 729 995 111
752 964 833 995 10015
856 964 1029 1005 asperitati
1052 966 1199 1007 regionis
1228 972 1420 1008 opponatur
1444 967 1632 997 incolarum
1657 966 1799 997 fidelitas
1823 976 1860 995 ac
1882 964 1964 995 sim-

78 1020 219 1064 plicitas,
246 1019 280 1049 id
305 1019 368 1050 1100
392 1028 526 1060 quoque
548 1017 622 1047 1000
646 1015 771 1047 sactum
795 1022 972 1056 statuatur,
1001 1029 1078 1048 cuin
1102 1030 1170 1049 11011
1193 1019 1304 1049 minus
1328 1026 1417 1050 recte
1441 1020 1606 1051 adiectiua
1628 1020 1688 1051 illa
1711 1031 1846 1063 aspera,
1868 1028 1964 1048 mon-

76 1079 187 1111 tuosa,
206 1071 327 1115 fidelis
351 1076 412 1101 etc.
437 1069 610 1112 particulis
635 1069 836 1111 copulatiuis
860 1069 1019 1112 coniungi
1043 1071 1228 1112 potuerint,
1255 1071 1283 1102 si
1308 1072 1445 1113 quidem
1469 1079 1640 1113 certumst,
1665 1074 1842 1115 regionum
1867 1080 1964 1112 aspe-

76 1137 192 1158 rarum
216 1130 249 1155 et
270 1129 528 1154 montuosarum
551 1121 677 1152 incolas
702 1121 809 1153 fidelis
834 1122 933 1152 etiam
955 1123 1159 1164 plerumque
1181 1136 1218 1154 ac
1240 1124 1402 1167 simplicis
1420 1132 1452 1157 et
1465 1127 1547 1157 olim
1570 1127 1701 1158 habitos
1725 1137 1795 1157 esse
1819 1130 1851 1155 et
1873 1131 1963 1153 nunc

76 1177 204 1212 haberi.
252 1177 412 1208 Ceterum
441 1175 520 1206 huic
549 1175 623 1206 loco
655 1186 698 1205 110
720 1181 832 1218 aptam
858 1175 993 1216 (1111(10111
1020 1182 1057 1207 at
1079 1176 1278 1218 particulam
1304 1184 1405 1219 puto,
1442 1190 1506 1220 qua
1529 1180 1638 1221 posita
1660 1179 1834 1221 regionem
1858 1176 1961 1213 illam,

73 1232 152 1265 licet
173 1240 291 1272 aspera
313 1229 356 1260 sit
378 1235 411 1260 et
433 1233 621 1267 montuosa,
647 1235 736 1260 certe
760 1228 895 1259 fidelem
919 1239 988 1260 esse
1012 1235 1046 1260 et
1068 1230 1259 1273 simplicem
1283 1231 1401 1262 Cicero
1421 1231 1635 1274 significaret.
1670 1233 1825 1274 Quarum
1846 1238 1962 1261 rerum

75 1284 244 1329 oppositio
267 1294 286 1313 a
308 1293 406 1312 sensu
429 1280 528 1312 huius
554 1281 619 1311 loci
642 1281 899 1313 alienissulnast.

159 1334 423 1375 Arbitrabatur)
450 1334 533 1365 Cod.
555 1335 586 1365 D
611 1340 643 1365 et
666 1335 722 1365 Br.
746 1334 1029 1374 arbitrabantur,
1064 1336 1154 1377 quod
1178 1343 1308 1369 rectum
1332 1344 1399 1377 est,
1428 1350 1504 1370 cum
1527 1340 1623 1383 regio
1647 1351 1709 1382 pro
1733 1335 1881 1380 regionis
1905 1333 1959 1364 in-

74 1390 154 1424 colis
183 1393 345 1429 usurpata
373 1398 498 1417 nomen
527 1386 570 1418 sit
600 1387 836 1418 conlectiuom.
884 1388 973 1419 Uide
1005 1389 1030 1419 l.
1053 1389 1091 1420 F.
1117 1390 1272 1422 Gronou.
1303 1390 1345 1422 ad
1368 1391 1447 1423 Liu.
1471 1393 1541 1432 IX,
1580 1392 1651 1423 Α11..
1698 1392 1958 1423 GARATONIUS·

71 1443 275 1479 Probarem,
305 1439 333 1470 si
356 1439 512 1471 meliores
536 1439 615 1470 libri
639 1440 900 1472 adsentirentur.

157 1495 193 1528 A
214 1493 413 1535 municipiis
436 1492 577 1535 adsunt)
610 1493 826 1535 Quamquam
849 1493 949 1524 multi
972 1493 1052 1524 libri
1075 1507 1116 1526 ex
1138 1496 1341 1539 mzmlcipz'is
1364 1496 1525 1535 scribunt,
1551 1496 1653 1538 idque
1675 1496 1786 1539 ipsum
1809 1494 1957 1537 probum

75 1547 209 1581 dicendi
231 1557 334 1588 genus
359 1551 425 1583 est,
450 1551 561 1576 tamen
586 1557 661 1577 cum
683 1560 705 1578 α
727 1546 1015 1588 praepositionem
1039 1555 1173 1590 praeter
1195 1549 1277 1580 alios
1303 1550 1431 1581 codices
1456 1550 1556 1580 etiam
1579 1549 1769 1587 Bauaricus,
1798 1555 1956 1591 optumus

72 1603 149 1640 ille,
180 1605 329 1636 tueatur,
359 1597 531 1639 magisque
554 1605 683 1641 pateat,
708 1611 767 1630 cur
791 1599 864 1640 quis
888 1611 950 1641 pro
976 1613 997 1631 α
1019 1601 1271 1643 praepositione
1295 1615 1312 1633 e
1333 1603 1504 1645 posuerit,
1544 1613 1643 1643 quam
1668 1602 1837 1643 quomodo
1852 1626 1860 1641 ⁷
1891 1614 1907 1633 e
1929 1599 1956 1632 si

72 1655 183 1700 posita
205 1652 334 1689 suisset,
359 1650 392 1681 in
417 1663 438 1681 α
462 1657 588 1682 mutata
611 1652 663 1691 sit,
689 1663 757 1682 non
782 1651 934 1682 dubitaui
959 1666 979 1684 (ι
998 1655 1199 1697 nmnicipiis
1224 1655 1381 1694 scribere,
1406 1655 1439 1686 id
1465 1655 1554 1697 quod
1579 1656 1643 1686 loci
1667 1655 1851 1686 sententiae
1874 1665 1956 1696 per-

75 1719 175 1751 quam
199 1706 299 1737 etiam
327 1703 659 1735 acconnnodatumst.
704 1704 895 1736 Discriinen
929 1705 1036 1745 enini,
1073 1708 1164 1748 quod
1189 1709 1278 1739 inter
1307 1715 1486 1750 utramque
1514 1708 1740 1739 elocutionem
1764 1706 1952 1746 intercedit,

71 1763 136 1794 hoc
159 1766 221 1798 est,
254 1757 345 1800 quod
367 1770 389 1788 α
413 1757 613 1799 [manicipiis
637 1758 754 1789 adesse
776 1769 853 1788 011111
876 1758 1015 1799 (11011111,
1048 1760 1225 1791 hominum
1250 1761 1392 1792 liabetur
1415 1761 1518 1799 ratio,
1550 1772 1568 1791 a
1592 1761 1711 1802 quibus
1737 1761 1809 1802 quis
1833 1760 1953 1790 missus

74 1814 183 1852 adest,
216 1818 332 1842 contra
355 1822 431 1840 cum
456 1822 472 1842 e
495 1810 694 1852 municipiis
717 1811 835 1842 adesse
858 1811 931 1852 quis
956 1813 1095 1851 dicitur,
1134 1813 1199 1843 loci
1223 1814 1437 1855 potissimum
1461 1813 1546 1844 ratio
1571 1814 1729 1853 liabetur,
1765 1813 1855 1844 unde
1879 1811 1952 1853 quis

69 1866 173 1899 uenit.
218 1864 288 1896 Cfr.
315 1863 350 1895 in
377 1864 478 1895 Uel'l'·
505 1861 582 1892 ACL·
604 1858 632 1891 Ἰ·
657 1872 684 1891 C·
709 1862 767 1892 ΠΙ·
796 1863 824 1904 ἕ
851 1875 879 1904 7·
933 1865 1037 1897 Uiclct
1065 1867 1169 1898 eliam
1200 1873 1248 1898 tot
1269 1867 1395 1910 grauis
1426 1867 1468 1898 ab
1496 1867 1726 1898 amicisszcmis
1749 1863 1951 1898 ciuitatibus

71 1920 258 1964 legationes
283 1929 360 1949 cum
376 1915 527 1959 publicis
550 1915 816 1947 (autoritatibus
839 1929 879 1948 ac
903 1919 1109 1950 testimoniis
1137 1922 1343 1951 conuenisse.
1388 1921 1497 1951 Sensit
1522 1920 1585 1950 hoc
1610 1919 1709 1950 etiam
1735 1919 1868 1950 Bakius.

154 1972 300 2015 Equites
323 1967 487 2010 Romani)
531 1967 584 1998 De
608 1967 775 2008 equitibus
798 1969 1059 2012 municipalibus
1084 1971 1234 2003 Orellius
1259 1971 1405 2003 conferri
1428 1973 1514 2003 Phil.
1538 1972 1681 2003 aTurre
1703 1972 1859 2004 Monum.
1882 1974 1950 2000 uet.

69 2025 167 2058 Antii
189 2037 222 2067 p.
247 2023 318 2055 568.
346 2022 450 2052 iubet.

157 2078 241 2110 Cum
263 2076 435 2119 legatione
458 2078 489 2104 et
513 2074 717 2114 testimonio)
740 2073 896 2106 Alienast
921 2086 939 2105 a
962 2086 1060 2106 sensu
1085 2076 1184 2107 huius
1208 2075 1273 2106 loci
1296 2076 1473 2118 scriptura,
1501 2089 1600 2119 quam
1623 2078 1778 2121 plerique
1803 2075 1948 2107 editores

71 2142 114 2162 ex
136 2129 250 2173 paucis
273 2127 436 2169 malisque
460 2126 628 2157 codicibus
654 2133 871 2168 receperunt,
908 2141 986 2160 cum
1009 2129 1195 2172 legationis
1226 2129 1429 2160 testimonio.
1473 2130 1522 2160 Ita
1549 2131 1638 2161 enim
1662 2130 1865 2173 significaret
1889 2127 1948 2158 Ci-

69 2195 163 2222 cero,
187 2181 300 2213 adesse
323 2191 341 2210 a
362 2179 554 2221 municipiis
578 2179 645 2210 illis
670 2180 797 2222 equites
822 2181 993 2212 Romanos
1018 2193 1093 2212 cum
1118 2180 1328 2219 testimonio,
1355 2192 1420 2222 quo
1445 2181 1553 2224 ipsos,
1580 2183 1637 2225 qui
1660 2182 1832 2214 adferrent
1852 2179 1948 2211 testi-

68 2235 240 2272 monium,
277 2233 400 2274 legatos
428 2243 497 2263 esse
525 2232 642 2263 11115505
676 2244 694 2263 a
716 2233 908 2275 niunic1piis
937 2235 1142 2265 declaratum
1173 2240 1267 2264 esset.
1314 2233 1363 2265 At
1392 2234 1540 2275 primun]
1573 2248 1657 2278 nego
1689 2247 1851 2278 umquam
1882 2233 1946 2264 isto

70 2299 170 2320 sensu
202 2285 432 2318 testimonium
468 2296 537 2315 esse
570 2285 714 2324 dictum3
755 2286 875 2316 deinde
900 2286 1028 2318 etiamsi
1056 2287 1183 2317 dictum
1207 2292 1310 2325 esset,
1335 2298 1416 2317 num
1438 2288 1647 2327 crcdibilest,
1686 2290 1750 2321 1100
1773 2289 1845 2319 5010
1869 2295 1945 2316 cum

68 2339 262 2372 testimonio
296 2337 413 2368 missos
442 2349 460 2368 a
483 2337 676 2380 municipiis
705 2339 772 2370 illis
797 2340 924 2381 equites
948 2340 1120 2371 Romanos
1145 2339 1184 2370 ad
1212 2339 1374 2370 iudicium
1399 2341 1491 2371 esse?
1536 2341 1643 2372 Immo
1666 2353 1735 2373 non
1760 2341 1943 2376 dubiumst,

69 2392 152 2435 quin
173 2390 357 2436 adtulerint
380 2390 505 2432 equites
528 2391 580 2421 illi
602 2391 764 2434 scriptum
788 2392 942 2434 aliquod,
968 2404 1033 2434 quo
1057 2392 1172 2423 Planci
1197 2392 1390 2423 innocentia
1413 2404 1432 2423 a
1454 2393 1646 2436 municipiis
1673 2401 1805 2426 ostensa
1825 2392 1942 2424 suerit.

1467 2446 1530 2478 24*
