2264 2746
794 122 818 151 c
838 121 867 150 A
888 121 928 152 P.
967 121 1041 150 XII.
1066 118 1094 160 ς.
1119 126 1164 153 30.
1185 126 1230 152 31.
1887 127 1941 153 105

68 197 235 240 exposuit.
280 196 383 229 Addo
404 208 467 240 pro
490 196 527 227 P.
551 196 644 228 Sulla
668 197 705 228 C.
729 198 808 230 VII.
837 198 866 239 §.
891 208 941 228 21.
965 197 1037 230 Hic
1061 196 1113 228 ait
1136 209 1171 228 se
1194 196 1270 233 ille,
1294 195 1436 234 indices,
1460 206 1606 239 regnum
1627 207 1739 228 meum
1751 194 1853 239 ferre
1875 208 1940 227 non

62 262 171 293 posse.
213 250 315 290 Quod
336 252 489 289 tandem,
517 250 709 294 Torquate,
732 252 902 294 regnum?
925 248 1123 281 consulatus
1146 250 1245 281 credo
1267 250 1345 281 mei.

149 314 243 346 Iacis
265 313 453 352 adulteria,
477 325 564 356 quae
586 326 682 346 nemo
705 326 771 346 non
794 314 892 345 modo
915 312 1061 350 nomine,
1084 319 1135 344 set
1157 326 1198 345 ne
1217 312 1410 355 suspicione
1431 311 1568 356 quidem
1584 312 1697 355 possit
1718 311 1940 356 adgnoscere)

61 366 136 398 Nec
157 365 343 398 Lambinus
368 365 439 397 uim
462 366 559 397 uerbi
582 367 717 398 nomine
741 366 916 398 adsecutus
943 371 1010 405 est,
1045 365 1102 407 qui
1125 365 1276 397 correxit
1299 366 1462 404 crimine,
1486 375 1547 395 nec
1571 363 1755 405 Graeuius,
1787 364 1845 407 qui
1875 376 1937 407 pro

60 418 204 450 crimine
227 417 354 449 dictum
376 425 482 462 putat.
527 419 679 451 Pertinet
701 426 813 451 autem
835 419 875 450 ad
901 418 1061 456 uerbum,
1085 430 1152 460 quo
1175 430 1254 450 usus
1277 423 1349 448 erat
1370 417 1579 457 Laterensis,
1614 417 1816 458 binzaritus3
1848 417 1938 448 unde

60 470 160 511 dicit,
193 477 232 503 ut
257 471 363 503 uerba
389 472 494 503 etiam
508 472 646 516 fingas.
690 473 844 506 Uerbum
874 472 977 513 igitur
1007 471 1190 503 bimaritns
1214 477 1286 502 tum
1308 481 1447 500 nouom.
1480 470 1706 502 ERNESTIUS.
1750 471 1827 503 Hoc
1857 470 1938 501 dicit

60 523 198 555 Cicero:
223 523 338 555 Obicis
362 523 529 556 adulteria
552 526 703 564 Plancio,
731 537 838 567 eoque
861 525 1009 567 appellas
1033 524 1187 563 nomine,
1219 522 1312 554 cuius
1334 522 1630 564 significationem,
1661 530 1699 556 ut
1721 525 1819 556 uerbi
1840 530 1937 556 antea

58 588 244 618 numquam
266 576 439 618 usurpati,
466 589 575 620 neque
602 586 717 611 tenere
741 579 918 621 quisquam
941 582 1071 620 potest,
1095 587 1204 618 neque
1229 574 1414 606 dininando
1436 574 1586 617 adsequi.

141 638 369 681 Bimarilum)
414 640 597 673 Bimaritus
630 648 679 673 est
703 642 846 673 duarum
875 639 1059 671 mulierum
1080 639 1152 679 uir,
1191 645 1229 670 ut
1251 637 1368 671 biuira
1392 637 1511 670 Catoni
1536 640 1627 682 apud
1649 642 1818 683 Nonium,
1852 651 1936 684 quae

56 690 140 723 duos
161 690 281 722 habuit
302 690 406 723 uiros.
427 693 519 724 Male
541 694 690 737 explicat
711 694 856 727 Nonius.
901 693 1108 724 GRAEUIUS.

138 753 347 797 Inpunitum
374 755 410 787 in
440 757 623 789 maledicto
654 753 885 798 mendacium)
930 754 1083 796 Requiro
1119 753 1287 795 cognitam
1326 753 1423 784 nobis
1455 754 1566 786 Orelli
1601 756 1839 797 prudentiam,
1876 757 1934 799 qui

54 805 224 848 corrigere
247 818 348 848 quam
370 809 541 851 explicare
564 809 740 848 maluerit3
772 807 936 839 nimirum
960 806 1076 849 spuria
1098 812 1207 837 censet
1233 806 1268 837 in
1291 807 1493 845 maledicto,
1524 818 1634 849 neque
1656 807 1822 852 intellegit
1844 810 1935 841 hunc

52 871 190 892 sensum
213 871 283 891 esse
306 861 465 903 elegantis
488 862 685 901 locutionis,
707 867 745 892 ut
768 861 874 898 dicat,
897 865 1136 902 praeterquam
1160 858 1250 901 quod
1275 858 1494 890 maledictum
1518 859 1583 890 hoc
1605 866 1664 899 est,
1689 861 1789 893 etiam
1812 861 1934 894 falsum

52 918 114 943 est.
181 911 250 944 Cic.
276 924 340 956 pro
361 914 486 946 Scauro
509 915 559 953 Π,
596 916 644 946 15.
667 925 701 957 p.
729 914 797 946 162.
823 912 931 943 Beier.
961 913 1124 955 inpunita
1154 911 1346 943 mentiendi
1371 911 1525 944 licentia.
1568 913 1711 945 Fictum
1739 926 1806 946 non
1835 916 1932 947 modo

52 965 201 1003 crimen,
223 971 274 997 set
293 967 515 999 maledictum
539 967 662 998 dicitur
687 966 788 998 etiam
810 976 873 1007 pro
899 964 1043 995 Fonteio
1069 965 1149 995 XII.
1175 965 1204 1005 ἓ.
1230 974 1300 1004 27..
1345 963 1498 995 BAKIUS.

135 1030 291 1072 Raptam
316 1041 386 1061 esse
407 1031 607 1070 mimulam;
643 1029 734 1074 quocl
755 1028 886 1060 ‹lic-itur
907 1027 1038 1060 Atinae
1051 1026 1196 1071 fac-tum
1218 1039 1241 1058 a
1264 1026 1459 1070 iuuentute)
1503 1028 1696 1070 Legebatur
1722 1041 1786 1073 pro
1809 1031 1933 1064 iuuen-

51 1084 125 1113 tute
149 1086 227 1112 ante
248 1081 473 1113 Garatonium
496 1083 629 1114 iuuene.
674 1082 832 1121 „Eratne
854 1091 957 1111 senex
981 1086 1054 1111 tum
1078 1079 1233 1111 Plancius
1263 1078 1453 1121 designatus
1477 1081 1619 1114 aedilis?
1657 1083 1809 1114 minume
1830 1095 1932 1121 uero3

48 1144 92 1164 ne
121 1133 150 1164 si
178 1139 285 1164 aetate
315 1134 452 1176 quidem
486 1134 655 1166 consulari
680 1134 808 1166 fuisset.
854 1133 921 1164 Res
946 1133 1017 1175 ipsa
1041 1132 1247 1175 postulabat,
1294 1131 1420 1163 nedum
1443 1133 1602 1165 Tulliana
1623 1135 1847 1176 consuetudo,
1890 1143 1929 1168 ut

50 1185 92 1218 ab
114 1186 331 1219 adulescente
354 1187 534 1219 diceretur.
579 1187 736 1229 Denique
765 1186 812 1218 sic
834 1186 988 1217 Plancius
1018 1197 1087 1216 non
1110 1191 1275 1228 purgatur
1297 1184 1395 1216 satis:
1434 1186 1564 1218 dicitur
1582 1186 1727 1230 factum
1752 1202 1774 1221 a
1796 1190 1931 1229 iuuene,

49 1238 108 1270 uel
135 1239 368 1281 adulescente,
399 1247 449 1272 set
472 1247 586 1272 uetere
614 1241 762 1284 quodam
791 1240 888 1271 iure.-
929 1238 1071 1277 deinde,
1108 1250 1185 1269 cum
1214 1237 1370 1276 licuerit,
1415 1243 1528 1270 tcmzen
1548 1238 1688 1282 salsum
1723 1243 1930 1286 reperiatur.

48 1291 229 1334 Egregiam
251 1291 365 1334 itaque
388 1293 591 1324 medicinam
606 1293 785 1324 Bauaricus
811 1292 971 1333 [quocum
998 1291 1163 1321 consentit
1177 1288 1397 1332 Erfurtensis]
1422 1289 1542 1329 adfert,
1569 1303 1645 1323 cum
1669 1295 1808 1327 exhibet
1830 1308 1852 1328 a
1873 1297 1929 1328 iu·—

48 1350 201 1378 uentute.
243 1344 437 1377 Atinatium
460 1346 618 1377 iuuentus
641 1346 819 1377 mimulam
842 1344 992 1386 rapuisse
1019 1343 1159 1381 dicitur,
1192 1341 1282 1384 quod
1307 1342 1343 1373 in
1366 1343 1406 1374 iis
1430 1343 1510 1375 locis
1534 1344 1662 1387 inpune
1684 1348 1813 1381 solebat
1833 1349 1926 1390 fieri3

47 1396 84 1428 in
107 1407 146 1428 eo
169 1407 312 1428 numero
326 1398 500 1430 Plancium
520 1398 633 1430 fuisse.
677 1399 736 1430 Set
757 1397 843 1429 nihil
867 1397 907 1428 ad
932 1396 1117 1428 faciendam
1141 1395 1243 1426 fidem
1265 1394 1436 1434 adfertnr3
1460 1408 1547 1429 uana
1564 1398 1668 1441 igitur
1690 1401 1835 1444 suspicio
1860 1409 1927 1442 est3

47 1461 118 1482 non
142 1448 309 1481 interfuit.
353 1451 534 1482 quentute
559 1463 663 1494 porro
687 1451 879 1482 continetur
901 1448 1142 1487 adulescentia3
1182 1453 1233 1486 et,
1269 1448 1296 1479 si
1318 1460 1479 1480 maxume
1510 1463 1625 1483 omnes
1651 1451 1780 1485 fuerint
1808 1454 1926 1486 adule-

45 1508 192 1541 scentes,
216 1501 281 1533 dici
304 1503 490 1535 conlectiue
513 1505 676 1537 iuuentus
699 1503 832 1541 debuit3
856 1502 1009 1534 Plancius
1032 1508 1162 1539 autem,
1187 1500 1245 1542 qui
1269 1507 1358 1532 certe
1383 1501 1438 1533 uir
1460 1510 1547 1543 erat,
1571 1505 1680 1536 adhuc
1703 1506 1835 1539 iuuenis
1859 1508 1925 1540 dici

47 1561 200 1598 poterat5
234 1555 310 1586 uiro
335 1561 368 1587 et
389 1556 461 1587 seni
487 1557 673 1599 opponitur
698 1557 909 1594 adulescens,
939 1567 1008 1586 non
1032 1555 1163 1586 iuuenis
1189 1554 1307 1585 uiro-‘⁴
1341 1555 1602 1588 GARATONIUS.
1648 1558 1840 1591 Similluma
1870 1574 1924 1594 res

46 1614 204 1640 narratur
226 1619 246 1638 a
267 1608 368 1639 Liuio
390 1609 439 1647 II,
469 1609 517 1640 18.
562 1611 694 1642 Romae
720 1622 797 1642 cum
815 1621 882 1654 per
904 1609 1003 1641 ludos
1026 1608 1067 1640 ab
1091 1607 1298 1640 Sabinorum
1320 1608 1500 1641 iuuentute
1519 1622 1582 1653 per
1605 1611 1789 1644 lasciuiam
1810 1621 1924 1648 scorta

45 1665 262 1704 raperentur.
307 1662 467 1692 Ceterum
490 1661 646 1693 iuuentus
669 1662 732 1694 ista
755 1662 933 1705 oppidana,
958 1661 1051 1692 cuius
1074 1660 1282 1691 mentionem
1305 1661 1454 1692 seruauit
1468 1662 1648 1695 Bauaricus
1673 1664 1720 1705 [et
1740 1664 1924 1699 Erfurten-

43 1713 121 1754 sis]‚
145 1712 212 1743 iam
235 1713 358 1745 ueteris
384 1714 434 1745 rei
455 1714 609 1757 publicae
632 1721 788 1758 tempore
812 1727 874 1758 per
896 1714 1028 1756 singula
1050 1712 1234 1755 municipia
1257 1713 1406 1755 conlegia
1429 1714 1566 1747 uidetur
1587 1717 1814 1758 constituisse,
1840 1731 1924 1761 quae

45 1777 122 1798 suos
145 1772 323 1808 patronos,
351 1773 539 1806 curatores,
566 1768 759 1809 magistros,
787 1774 1046 1809 quaestoresque
1069 1765 1253 1804 habebant,
1277 1776 1314 1795 ac
1338 1765 1454 1797 diebus
1478 1767 1569 1800 festis
1593 1781 1730 1812 operam
1755 1773 1923 1805 nauabant

44 1819 134 1851 ludis
157 1818 376 1850 celebrandis.
421 1819 559 1861 Saepius
582 1821 730 1852 quenes
753 1826 786 1851 et
807 1821 977 1852 quentas
1001 1819 1064 1850 hoo
1086 1831 1186 1850 sensu
1209 1819 1242 1849 111
1267 1818 1435 1861 lapidibus
1458 1829 1709 1863 memorantur,
1737 1824 1844 1855 ueluti
1866 1837 1919 1868 ap.

46 1873 146 1905 Grut.
176 1872 255 1911 262,
287 1883 317 1903 2.
356 1873 504 1904 quenes
534 1873 715 1916 ZVepesini.
759 1873 837 1912 566,
869 1873 899 1905 6.
935 1873 1090 1915 Collegia
1119 1873 1284 1904 iuuenum
1312 1872 1575 1907 Brixianorum.
1618 1875 1759 1907 Bianchi
1787 1878 1920 1911 Marmi

44 1925 236 1958 Cremonesi
257 1936 291 1967 p.
321 1926 389 1958 155.
414 1926 598 1957 quentati
618 1926 835 1958 Artanorum
850 1926 972 1968 posuit
994 1925 1188 1969 collegium.
1232 1925 1389 1956 Morcelli
1412 1925 1452 1956 de
1476 1927 1552 1957 stilo
1574 1928 1744 1971 Inscriptt.
1767 1940 1797 1969 2,
1820 1942 1853 1973 p.
1867 1933 1918 1963 55.

42 1980 94 2012 M.
116 1978 203 2010 Silio
224 1978 466 2022 Epaphrodito
488 1980 644 2012 Patrono
667 1978 829 2010 Seuirum
855 1978 950 2021 Aug.
978 1979 1154 2021 Illngistro
1178 1979 1342 2010 iuuenum
1373 1979 1510 2011 iterum.
1554 1980 1703 2013 quenes
1724 1983 1919 2026 Lucofero-

42 2043 160 2064 nenses
189 2036 335 2073 patrono
366 2031 404 2063 ob
432 2034 574 2071 merita,
609 2032 700 2076 quocl
720 2031 1026 2074 Aniplzitlzeatrum
1049 2031 1118 2064 Col.
1143 2032 1212 2063 Iul.
1240 2031 1362 2063 Felici.
1390 2031 1554 2075 Lucofer.
1582 2034 1617 2066 S.
1639 2034 1683 2067 P.
1705 2034 1747 2067 F.
1777 2036 1916 2069 dedica-

42 2086 161 2128 uitque
184 2084 229 2116 L.
250 2084 297 2116 D.
319 2084 366 2116 D.
387 2085 434 2116 D.
480 2086 581 2117 Grut.
611 2096 667 2127 19,
696 2084 726 2116 5.
763 2085 940 2116 Patronus
964 2084 1130 2116 iuuenum
1156 2083 1294 2115 Trebul.
1317 2085 1502 2117 illutuesc..
1549 2085 1683 2118 Gudius
1705 2088 1764 2130 49,
1788 2100 1817 2132 9.
1848 2090 1915 2122 ζἰι-

42 2143 138 2170 rator
158 2137 253 2167 lusus
279 2137 454 2176 iuuenum,
481 2137 571 2180 quod
594 2149 716 2169 munus
740 2143 950 2168 memoratur
973 2137 1072 2168 etiam
1095 2148 1147 2180 ap.
1168 2137 1269 2168 Grut.
1290 2136 1362 2175 588,
1387 2137 1416 2167 5.
1444 2143 1473 2168 et
1494 2137 1567 2177 450,
1591 2150 1619 2179 7.
1644 2139 1770 2172 Murat.
1788 2142 1859 2181 620,
1888 2155 1914 2174 1.

41 2190 88 2222 ib.
111 2191 191 2228 652,
220 2200 249 2220 2.
273 2189 446 2233 Collegius
470 2190 541 2234 (sic)
566 2191 738 2223 quenum
760 2190 962 2232 (Anagniae)
986 2192 1142 2224 Patrono
1165 2189 1382 2232 dignissimo,
1408 2190 1446 2222 ol)
1470 2197 1671 2224 renozmtczm
1693 2192 1735 2224 ab
1757 2206 1793 2225 eo
1817 2195 1914 2228 lusus

41 2244 224 2281 iuuenum,
250 2243 339 2285 quod
359 2249 530 2277 uetustate
553 2251 744 2288 temporum
756 2242 884 2287 fuerat
907 2242 1135 2276 obliteratum.
1179 2242 1267 2274 Gori
1288 2242 1362 2273 Etr.
1390 2254 1421 2283 1,
1446 2243 1518 2276 508.
1550 2245 1720 2286 Quaestor
1739 2246 1912 2280 quenum

41 2296 266 2329 Ostiensium.
310 2296 509 2328 ORELLJUS.

125 2358 155 2399 ς.
180 2357 230 2389 51.
274 2359 433 2391 Emissus
455 2360 567 2403 aliqui
586 2372 604 2392 e
626 2358 773 2404 carcere)
816 2359 850 2392 A
874 2359 1030 2398 Plancio,
1054 2369 1131 2390 cum
1153 2358 1308 2390 tribunus
1331 2359 1439 2402 plebis
1465 2366 1560 2394 esset.
1583 2361 1798 2395 RIANUTIUS.
1844 2364 1910 2394 Ce-

38 2417 150 2443 terum
172 2411 254 2442 haec
275 2412 379 2443 uerba
405 2423 422 2443 e
443 2413 635 2445 Laterensis
658 2413 811 2445 oratione
832 2413 1031 2445 Ciceronem
1053 2411 1182 2444 referre
1204 2411 1430 2445 tenendumst.

1452 2471 1488 2499 26
