2264 2746
271 111 324 137 202
899 100 1478 129 COMMENTARIUS.

273 181 304 212 si
328 177 465 222 quando
490 176 633 220 aliquod
654 173 802 217 officinm
824 172 941 203 extitit
964 172 1078 203 amici.
1114 170 1156 202 de
1179 170 1297 202 Diuin.
1321 172 1354 211 Ι,
1385 171 1437 203 52.
1476 172 1548 205 sine
1571 171 1680 204 oculis
1702 184 1768 204 non
1786 179 1901 216 potest
1923 180 2040 207 extare
2062 175 2137 220 offi-

274 233 366 266 cium
389 236 421 263 et
445 242 568 261 nzunus
592 227 776 258 oculorum.

359 283 467 317 Nihil
482 292 587 325 porro
611 285 681 310 tam
711 279 955 315 inhumanum,
990 282 1062 308 tam
1084 277 1239 316 inmane,
1273 281 1345 309 tam
1358 275 1495 321 ferum)
1538 277 1598 309 Est
1627 283 1707 320 aput
1738 277 1889 320 Eybium
1918 279 2009 310 nihil
2032 291 2140 322 porro

276 346 347 372 tam
369 339 490 372 inane,
519 339 588 364 tam
601 331 744 374 ferum3
773 330 838 361 duo
862 340 984 372 nempe
1008 329 1171 360 uocabula
1194 328 1400 361 coaluerunt.
1446 331 1501 362 Set
1525 330 1621 372 quid,
1654 330 1682 362 si
1706 342 1749 361 ex
1772 330 2054 373 superscriptione
2077 332 2142 363 ali-

277 403 341 434 qua
363 390 417 421 nel
441 384 657 426 adscriptione
680 383 869 425 profectum
891 382 971 413 istut
993 383 1131 414 inmane
1152 381 1214 413 sit?
1239 388 1286 413 est
1309 383 1399 414 enim
1422 383 1565 414 uerbum
1587 394 1649 426 pro
1675 394 1712 415 re
1733 383 1835 414 nimis
1856 382 2006 426 profecto
2030 395 2142 425 graue.

278 445 436 476 Dixerat,
470 438 561 469 nillil
583 443 654 469 tam
674 437 855 480 proprium
878 435 1026 467 hominis
1048 436 1239 473 existumo3
1274 434 1309 466 in
1336 435 1548 478 oppositione
1574 436 1650 467 satis
1677 443 1748 467 erat
1770 436 1896 474 dicere,
1930 437 2021 468 nihil
2036 449 2144 480 porro

279 503 349 528 tam
372 492 607 523 inlumzanum.
651 489 790 521 Addere
813 487 939 531 placuit
962 487 1105 531 ferum,
1137 487 1227 529 quod
1252 494 1289 519 ut
1310 485 1446 530 ἄγριον,
1474 489 1611 520 mollius
1640 489 1855 531 interpretari
1878 489 1965 520 licet.
2011 489 2146 530 Quam-

279 556 376 590 quam
408 543 441 573 in
464 555 531 574 uno
556 542 746 574 Oxoniensi
771 542 878 584 aptius
902 548 949 572 est
963 541 1143 584 ferreum,
1175 540 1263 582 quod
1287 540 1458 572 facillume
1483 541 1518 572 in
1533 541 1658 585 ferum
1681 541 1867 573 conmutari
1888 541 2008 584 potuit.
2052 543 2146 573 (fon-

280 602 460 640 iunguntur
473 595 579 639 ferus
603 601 633 626 et
645 594 789 638 ferreus
812 595 837 625 Ι.
862 594 968 637 Epist.
993 593 1033 624 ad
1059 594 1101 635 Q.
1127 593 1168 624 fr.
1196 593 1225 624 5.
1257 600 1404 635 suntque
1426 606 1542 625 uersus
1565 594 1752 625 Tibulliani
1778 594 1952 626 notissnmi
1976 595 2007 633 I,
2035 606 2090 633 10,
2118 606 2146 626 1.

277 652 364 693 Quis
388 649 468 693 fuit
491 655 570 679 etc..
616 648 673 679 Set
703 659 802 688 quom
827 647 939 678 abesse
961 647 1079 678 debeat
1105 646 1144 676 ab
1170 646 1230 677 hac
1252 646 1414 677 sententia
1442 647 1632 687 crudelitas,
1674 647 1814 690 propius
1839 647 1962 678 accedit
1986 647 2078 679 locus
2098 647 2146 680 V·

278 706 314 736 in
337 705 437 737 Uerr.
461 702 512 733 46.
536 701 623 742 Quis
647 706 716 732 tam
731 699 811 743 fuit
835 700 896 731 illo
921 706 1070 743 tempore
1093 699 1202 731 durus
1228 705 1261 731 et
1273 697 1430 742 ferreus,
1454 701 1530 744 quis
1554 706 1626 732 tam
1649 701 1857 732 iuhmnanus
1874 705 2017 743 praeter
2039 712 2148 732 unum

277 765 310 790 te
333 756 400 798 (cui
423 767 545 798 nempe
567 751 706 799 χάλκεον
730 750 843 795 ἦτορ),
870 754 953 796 quin
976 754 1118 785 illorum
1139 758 1268 790 aetate,
1293 752 1490 791 nobilitate,
1512 754 1654 785 miseria
1677 754 1961 785 commoneretur?
2007 753 2077 784 Cur
2098 752 2149 784 ibi

277 822 344 842 uon
371 815 420 840 est
442 808 616 840 inmanis?
660 806 833 838 Lubenter
857 806 967 849 itaque
990 807 1044 837 hic
1068 805 1228 847 legerim,
1268 805 1360 836 nihil
1379 817 1481 848 porro
1506 811 1577 838 tam
1600 806 1846 844 inhumanum,
1887 811 1958 837 tam
1974 804 2147 848 ferreum.

276 864 358 895 Non
380 863 426 893 ita
448 860 533 892 mihi
556 867 665 891 tamen
692 859 865 901 indulgeo,
906 866 943 891 ut
970 860 1033 891 hoc
1055 859 1167 901 ipsum
1197 859 1335 890 inmane
1356 857 1605 900 interpretando
1628 857 1774 900 mitigari
1807 868 1903 900 posse
1929 857 2148 890 dissimulem.

275 917 337 948 Est
360 915 449 945 enim
474 913 695 944 Pax-titionum
718 924 789 954 cap.
815 912 864 943 25.
889 913 1077 944 inmanitas
1100 923 1162 954 pro
1188 911 1310 942 duritie
1333 910 1475 952 quadam
1504 917 1537 943 et
1566 912 1742 955 asperitate
1768 916 1921 947 naturae,
1957 922 2040 953 quae
2064 918 2149 944 tem-

271 968 472 1013 perantiam
496 967 532 997 in
555 965 781 1009 aspernandis
805 965 1043 1008 uoluptatibus
1066 965 1233 996 imitetur.
1279 964 1355 995 Hoc
1377 971 1487 996 autem
1511 963 1538 995 si
1563 964 1767 1002 retinemus,
1791 969 1830 994 ut
1853 975 1969 994 omnes
1993 964 2072 995 libri
2093 964 2150 996 iu-

277 1022 373 1059 bent,
412 1031 450 1050 eo
474 1018 579 1059 magis
600 1017 762 1061 ferreum
785 1018 870 1049 mihi
893 1017 1113 1059 adprobatur,
1147 1017 1236 1059 quod
1261 1017 1435 1048 mitiorem
1464 1017 1602 1048 adiuuat
1629 1016 1940 1058 interpretationem
1962 1017 2058 1048 uerbi
2081 1024 2149 1049 tam

277 1084 376 1116 saepe
406 1070 615 1114 grauissumi.
656 1071 917 1102 GARATONIUS.
972 1069 1142 1108 Inutilest,
1181 1068 1347 1100 eiusmodi
1381 1069 1495 1111 ingeni
1522 1069 1634 1108 lusus,
1669 1069 1776 1111 qualis
1810 1069 1865 1100 1110
1895 1076 1943 1101 est
1975 1070 2149 1111 Garatoni,

277 1125 392 1157 multis
415 1123 571 1155 refutare.
616 1122 745 1153 Sufficit
767 1122 954 1161 monuisse,
978 1121 1027 1152 rei
1050 1122 1342 1164 exaggerationem
1364 1122 1442 1153 huic
1464 1122 1538 1153 1000
1564 1122 1954 1154 accommodatissumam
1979 1135 2065 1163 esse,
2088 1123 2151 1154 de-

278 1178 355 1208 inde
384 1177 514 1208 nullam
536 1185 597 1205 nec
620 1174 710 1216 Eybi
736 1185 797 1204 1100
820 1173 942 1204 codicis
966 1173 1056 1205 illius
1081 1173 1286 1205 Oxoniensis
1318 1185 1387 1204 esse
1410 1175 1656 1215 auctoritatem,
1692 1175 1837 1217 denique
1865 1175 2149 1218 fiequentissume

278 1242 297 1261 a
320 1230 483 1261 Cicerone
505 1227 609 1257 uerba
633 1227 783 1258 inmanis
806 1226 960 1270 etseras
988 1226 1136 1269 conponi
1157 1227 1276 1257 solere.
1323 1226 1394 1257 Cfr.
1422 1238 1484 1268 pro
1507 1228 1608 1259 Rosc.
1630 1228 1676 1260 A.
1699 1228 1804 1268 XIII,
1836 1228 1887 1260 58.
1921 1240 2031 1260 mores
2044 1228 2148 1271 feros

279 1283 516 1323 inmanemque
538 1285 712 1312 naturam.
735 1279 817 1310 Ibid.
845 1280 886 1317 L,
915 1279 981 1310 146.
1005 1291 1092 1322 quae
1114 1284 1185 1311 tam
1198 1278 1286 1322 fera
1309 1279 1524 1323 inmanisque
1547 1281 1701 1312 natura?
1723 1280 1816 1311 ΙΪ.111
1836 1282 1935 1313 Uerr.
1952 1282 1996 1320 Π,
2021 1292 2072 1321 21,
2096 1283 2149 1313 51.

278 1334 386 1365 hostis
409 1333 443 1363 in
468 1333 588 1364 ceteris
612 1332 711 1364 rebus
733 1332 836 1364 nimis
851 1331 957 1376 ferus
980 1337 1012 1364 et
1035 1332 1195 1364 inmanis.
1239 1330 1325 1362 Ibid.
1349 1331 1401 1371 V,
1424 1332 1484 1369 42,
1513 1335 1583 1373 109.
1612 1344 1658 1363 an
1681 1344 1758 1363 cum
1775 1331 1863 1375 fera
1884 1339 1988 1376 atque
2016 1334 2150 1366 inmani

278 1386 405 1418 belua?
448 1385 546 1416 XIII.
575 1385 664 1417 Phil.
687 1396 714 1416 0.
741 1396 770 1428 9.
803 1386 879 1429 quis
903 1391 975 1417 tam
997 1384 1164 1416 barbarus
1187 1396 1368 1428 umquam,
1405 1389 1477 1416 tam
1500 1385 1668 1423 inmanis,
1700 1390 1772 1416 tam
1787 1383 1918 1428 ferus?
1957 1384 1998 1415 de
2023 1384 2094 1417 Off.
2124 1386 2152 1425 I,

278 1438 338 1477 44,
377 1439 445 1479 157.
492 1440 639 1482 itemque
675 1439 880 1481 magnitudo
917 1439 1027 1470 animi
1069 1443 1199 1470 remota
1236 1438 1469 1469 communitate
1505 1438 1809 1481 coniunctioneque
1842 1438 1995 1470 humana
2017 1436 2154 1481 feritas

279 1492 325 1522 sit
355 1491 523 1534 quaedam
553 1497 585 1524 et
614 1492 813 1524 inmanitas.
858 1491 943 1522 Ibid.
971 1492 1038 1531 III,
1071 1491 1108 1530 6,
1137 1491 1188 1522 52.
1219 1490 1270 1522 sic
1299 1489 1369 1522 ista
1397 1490 1434 1522 in
1453 1488 1584 1533 figura
1610 1490 1758 1521 hominis
1781 1489 1916 1534 feritas
1937 1495 1971 1522 et
1999 1490 2152 1522 inmani-

283 1550 336 1576 tas
360 1543 487 1575 beluae.

365 1597 423 1629 Set
439 1596 568 1637 uictus)
591 1596 694 1627 Plane
718 1603 752 1627 ut
775 1596 905 1627 nullam
927 1596 1073 1639 amplius
1092 1594 1289 1627 referendae
1311 1593 1434 1636 gratiae
1457 1595 1742 1637 opportunitatem
1766 1607 1915 1638 quaeras.
1939 1595 2152 1628 WEISKIUS.

366 1650 396 1691 ς.
421 1650 472 1681 82.
517 1650 586 1681 Isti
608 1655 667 1681 tuo
690 1649 842 1691 crimini)
887 1648 957 1691 Qui
982 1660 1037 1680 me
1059 1649 1205 1680 nimium
1226 1648 1262 1679 in
1282 1647 1455 1678 Plancium
1479 1654 1610 1689 gratum
1635 1648 1716 1679 dicis
1738 1659 1823 1688 esse,
1855 1647 1955 1690 idque
1976 1647 2063 1679 mihi
2085 1647 2153 1679 cri-

282 1702 366 1733 mini
389 1701 505 1733 uerus.
553 1700 624 1733 Cfr.
650 1702 687 1733 C.
708 1702 862 1733 XXXII.
887 1703 917 1743 ς.
943 1702 993 1744 78.
1018 1703 1109 1747 quod
1129 1714 1182 1735 me
1204 1713 1275 1733 esse
1295 1706 1440 1744 gratum
1462 1701 1666 1734 crimineris.

375 1755 422 1787 Ut
445 1767 521 1786 eunz
544 1753 707 1798 beneficio
729 1755 1005 1799 conplectamini)
1051 1756 1105 1788 De
1122 1766 1157 1786 se
1182 1754 1256 1798 ipso
1279 1753 1375 1792 dicit;
1408 1753 1610 1785 beneficium
1632 1759 1763 1794 autem,
1795 1753 1883 1796 quod
1902 1752 2008 1796 petit,
2037 1751 2151 1784 Planci

282 1808 368 1839 salus
392 1814 451 1839 est.
491 1807 706 1839 MANUTIUS.

368 1862 492 1905 Neque
514 1860 604 1892 enim
624 1860 706 1892 illut
729 1860 777 1892 ad
797 1860 1048 1904 neglegendam
1068 1873 1179 1893 meam
1201 1859 1359 1904 gratiam
1381 1857 1478 1891 debet
1499 1858 1631 1901 ualere)
1665 1859 1714 1892 Ut
1736 1858 1917 1901 neglegatis
1939 1870 2048 1891 meam
2072 1869 2150 1900 gra-

285 1914 373 1954 tiam,
399 1913 422 1946 i.
445 1925 473 1944 e.
496 1919 533 1943 ut
548 1911 719 1943 recussetis
742 1924 797 1944 me
819 1912 981 1944 beneficio
1005 1913 1169 1956 conplecti
1192 1919 1226 1944 et
1248 1912 1294 1944 ita
1315 1917 1446 1954 gratum
1468 1911 1504 1942 in
1526 1923 1586 1944 uos
1607 1911 1728 1943 facere.
1772 1911 1875 1944 Modo
1899 1912 1988 1943 enim
2010 1910 2150 1950 dixerat,

287 1978 336 2005 se,
369 1965 460 2008 quod
486 1965 630 1996 nimium
652 1971 763 2007 gratus
788 1972 889 2005 esset,
923 1966 1084 1998 beneficio
1110 1966 1224 2010 potius
1247 1977 1266 1996 a
1288 1964 1452 1996 iudicibus
1479 1975 1548 1995 esse
1570 1964 1800 1996 adficiendum.
1822 1981 1865 1989 -—
1907 1964 2065 1996 Ceterum
2092 1974 2151 1995 cur

290 2020 369 2050 illut
392 2030 434 2050 ex
457 2019 483 2050 B
508 2024 541 2049 et
558 2018 587 2049 E
610 2018 812 2060 receperim,
836 2019 966 2062 Proleg.
990 2020 1031 2051 L.
1055 2020 1098 2050 ΙΙ.
1123 2020 1162 2051 C.
1184 2020 1210 2050 I.
1236 2019 1266 2060 §.
1290 2018 1320 2051 8.
1344 2029 1379 2061 p.
1402 2018 1515 2050 XLII.
1530 2017 1613 2048 dixi.

381 2072 448 2104 Uos
475 2084 536 2103 nec
564 2072 717 2103 nocentis
745 2084 805 2104 nec
830 2073 1003 2116 litigiosos
1026 2072 1109 2115 esse)
1153 2071 1312 2115 Explicat
1339 2071 1421 2102 haec
1453 2069 1526 2112 ipse
1556 2069 1674 2100 Cicero
1703 2067 1833 2106 uerbis,
1872 2078 1957 2109 quae
1981 2075 2150 2109 secuntur,

292 2125 391 2167 quasi
420 2136 498 2156 uero
533 2130 613 2155 etc..
656 2124 848 2156 Laterensis
878 2125 968 2156 euim
997 2125 1160 2157 sententia
1188 2125 1270 2157 haec
1298 2123 1380 2155 fuit:
1420 2123 1537 2155 Cicero
1560 2128 1689 2154 tantum
1711 2127 1820 2164 gratus
1850 2120 1886 2151 in
1909 2132 1964 2153 eos
1990 2128 2058 2161 est,
2091 2122 2150 2164 qui

292 2175 362 2207 eius
385 2187 447 2217 ope
472 2176 506 2207 in
528 2176 657 2208 iudiciis
680 2176 840 2219 indigent.
884 2179 965 2209 Non
987 2185 1085 2220 egent
1106 2184 1233 2217 autem,
1256 2177 1321 2209 nisi
1344 2176 1403 2218 qui
1423 2181 1579 2207 nocentes
1600 2182 1655 2207 aut
1676 2173 1814 2215 litigiosi
1837 2180 1923 2205 sunt.
1966 2174 2036 2215 Qui
2060 2174 2151 2206 enim

291 2239 414 2260 nocens
440 2239 507 2258 11011
530 2235 591 2269 est,
626 2229 805 2261 hominum
828 2230 1061 2272 eloquentium
1083 2232 1277 2263 defensione
1299 2240 1419 2274 parum
1442 2227 1583 2270 indiget3
1613 2226 1671 2269 qui
1699 2226 1852 2257 lubenter
1874 2238 1943 2258 non
1965 2226 2087 2269 litigat,
2119 2227 2151 2259 ei

293 2281 332 2312 de
356 2286 527 2311 oratorum
550 2282 652 2322 gratia
674 2282 894 2314 laborandum
923 2296 992 2316 non
1022 2291 1081 2317 est.
1124 2286 1195 2318 Uos
1220 2284 1339 2326 igitur,
1374 2282 1432 2325 qui
1453 2292 1514 2313 nec
1535 2285 1689 2311 nocentes
1711 2290 1772 2310 nec
1794 2279 1929 2322 litigiosi
1951 2279 2036 2318 sitis,
2073 2291 2151 2322 gra-

293 2334 375 2366 tiam
399 2332 567 2364 Ciceronis
592 2334 767 2376 neglegere
789 2336 946 2379 potestis,
979 2348 1056 2370 cum
1078 2337 1173 2369 nulla
1199 2337 1230 2368 ei
1250 2335 1363 2368 offerri
1386 2334 1511 2367 occasio
1532 2332 1657 2376 possit,
1695 2344 1760 2375 qua
1781 2339 1911 2375 gratum
1937 2331 1973 2363 in
1995 2344 2054 2365 uos
2076 2331 2152 2364 ani-

294 2397 389 2418 mum
412 2384 570 2416 ostendat.
