2264 2746
741 105 766 134 c
786 104 814 133 A
834 106 875 134 P.
913 104 1075 132 XXXIV.
1094 102 1121 142 ς.
1142 107 1187 135 83.
1207 103 1253 135 31.
1875 108 1928 134 207

65 188 186 211 SIANA.
230 179 334 218 Haec,
360 179 443 211 sicut
466 184 499 210 et
521 178 706 221 superiora,
729 179 768 210 ad
791 190 957 210 summam
981 178 1152 210 Ciceronis
1176 177 1363 209 facundiam
1388 182 1418 207 et
1440 174 1642 216 singularem
1667 174 1701 205 in
1723 187 1928 217 pei-mouen-

64 232 113 263 dis
135 231 345 263 auditoribus
374 232 565 263 facultatem
591 231 803 271 referuntur,
845 243 945 273 quam
968 242 1128 263 maxume
1156 229 1384 267 aduersarius,
1419 240 1461 259 ne
1488 227 1551 258 sibi
1577 227 1610 257 111
1633 224 1753 258 'caussa
1782 237 1927 267 noceret,

64 285 247 316 metuebat.
293 285 450 315 caussam
473 296 576 327 porro
598 283 708 315 adfert
728 284 860 315 timoris
882 284 952 316 sui:
984 296 1052 315 11011
1076 284 1167 314 6111111
1190 295 1266 325 ego,
1298 281 1424 323 inquit,
1450 280 1565 311 Rhodi
1587 279 1653 319 sui,
1684 286 1719 311 ut
1741 282 1928 323 praeceptis

64 337 242 368 rhetorum
268 336 440 369 institutus
469 348 569 378 quam
591 348 751 368 maxume
776 343 909 379 paratus
931 337 973 368 ad
996 337 1153 369 subsellia
1176 336 1326 367 iudicum
1348 334 1548 365 accederem.
1591 333 1655 364 Fui
1677 333 1727 364 bis
1750 333 1784 364 iu
1807 334 1929 376 Bithy-

64 389 140 428 nia,
162 400 232 419 11011
256 389 483 430 eloquentiae,
510 395 560 421 set
581 389 630 420 rei
652 390 792 421 militari
816 401 953 432 operam
977 390 1123 421 daturus.
1170 389 1306 427 Cicero,
1339 387 1431 418 Sulla
1454 398 1526 417 rem
1552 386 1723 428 publicam
1746 385 1928 423 obtinente,

62 440 159 472 uenit
189 440 225 471 111
249 441 443 481 Graeciam,
484 447 517 473 et
539 442 685 475 Athenis
714 442 921 484 aliquamdiu
950 448 1164 474 conmoratus
1194 440 1273 471 inde
1300 440 1333 471 in
1358 439 1473 471 Asiam
1505 446 1535 470 et
1559 439 1716 470 Rhodum
1745 439 1929 481 nauigauit,

63 499 102 524 ut
124 493 336 524 clarissumos
361 494 530 534 rhetores,
555 494 612 536 qui
635 494 671 526 in
693 495 733 526 iis
754 496 834 527 locis
858 502 968 535 erant,
993 494 1205 531 conueniret3
1229 493 1410 536 praecipue
1432 492 1544 523 Rhodi
1567 491 1792 535 Apollonium
1816 493 1929 524 Molo-

62 556 144 576 nem
171 546 504 578 excellentissumum
532 547 666 578 dicendi
692 548 888 590 magistrum
917 554 950 579 61
979 547 1215 579 Possidonium
1246 545 1488 589 philosophum
1516 544 1657 575 audiuit.
1702 544 1871 576 Plutarch.
1895 545 1930 576 111

65 598 135 630 Cic.
165 609 193 628 c.
219 598 269 631 4..
313 599 352 629 111
374 599 536 641 Bithynia
566 612 647 632 uero
676 607 839 642 quantum
867 612 928 643 per
950 602 1074 632 multos
1098 612 1202 630 annos
1225 599 1352 630 bellum
1376 597 1495 633 fuerit,
1528 608 1604 627 cum
1632 608 1711 638 rege
1734 597 1931 629 Mithridate

63 662 82 682 a
105 650 217 689 Sulla,
240 651 399 687 Murena,
424 653 569 683 Lucullo
592 659 741 695 gestum,
771 664 790 683 a
812 653 974 696 Pompeio
998 652 1204 691 consectum,
1230 663 1346 682 onmes
1369 651 1528 682 historiae
1550 656 1734 688 testantur3
1768 649 1819 680 cui
1843 649 1931 679 bello

64 703 283 735 Laterensem
306 704 452 736 adfuisse
474 706 690 748 probabilest.
735 707 786 739 Et
809 712 847 738 ta
871 707 907 738 in
922 706 1094 749 Bithynia
1117 717 1251 737 summa
1272 716 1348 736 cum
1370 704 1545 746 dignitate
1555 702 1668 747 ficisti
1687 709 1719 735 et
1742 714 1804 745 ego
1818 703 1933 734 Rhodi

64 767 133 788 non
165 756 307 790 minore.
352 758 526 791 Nimirum
555 772 625 791 non
657 760 693 791 111
723 759 915 801 eloquentia
942 758 1072 797 minor,
1112 769 1211 800 quam
1235 758 1270 788 111
1293 757 1430 787 scientia
1452 756 1502 787 rei
1524 756 1678 787 militaris
1703 761 1751 786 est
1773 755 1933 797 dignitasg

66 808 220 851 duaeque
249 820 302 840 res
325 810 402 841 illae
425 817 519 850 sunt,
557 812 676 853 quibus
702 812 830 855 pariter
853 818 886 843 et
908 823 960 842 res
983 811 1118 853 publica
1141 810 1262 841 nititur
1291 815 1324 840 et
1347 809 1438 850 uiget
1460 809 1642 851 inperium.
1687 808 1864 847 Oratorie,
1896 814 1935 839 ut

64 862 257 893 Laterensis
280 862 477 904 petitionem
501 864 662 903 declinet,
700 864 906 903 dissimulat,
945 863 1035 905 quod
1058 863 1097 894 ad
1120 874 1214 893 suam
1237 862 1272 892 111
1295 862 1416 893 caussis
1439 861 1572 904 agendis
1594 861 1830 903 praestantiam
1854 872 1936 903 per-

66 914 211 954 tinebat,
235 914 404 956 diguitatis
425 922 551 957 artem,
576 929 675 959 quam
697 916 936 959 profitebatur,
960 922 1085 947 tuetur.
1109 916 1338 946 FERRi'rlrs.
1383 914 1443 945 Est
1464 914 1556 945 iocus
1580 913 1615 944 in
1638 913 1853 951 Ciceronem,
1878 913 1932 954 qui

64 966 182 998 Rhodi
205 973 288 1009 aput
310 968 486 999 Molonem
508 981 543 1001 se
566 975 783 1008 exercuerat,
826 967 917 999 unde
941 969 1035 999 illam
1058 967 1190 1010 copiam
1213 967 1247 996 in
1271 966 1352 996 locis
1376 966 1599 997 communibus
1624 972 1657 997 et
1678 964 1934 997 redundantiam

65 1018 235 1058 hauserit,
259 1026 399 1062 propter
421 1032 522 1063 quam
542 1023 711 1056 Asiaticus
733 1021 839 1052 dictus
863 1027 912 1052 est
934 1021 974 1051 ab
997 1019 1153 1051 inimicis.
1185 1019 1411 1050 ERNESTIUS.

152 1072 233 1115 Ego
258 1072 414 1116 nonfai)
458 1074 534 1115 Qua
560 1074 758 1106 auctoritate
781 1085 844 1117 ego
864 1072 1069 1110 addiderim,
1099 1071 1232 1113 Proleg.
1256 1071 1298 1102 L.
1323 1071 1349 1101 Ι.
1375 1071 1413 1101 C.
1437 1070 1497 1101 ΙΙΙ.
1522 1071 1552 1111 §.
1578 1081 1606 1102 2.
1630 1071 1811 1102 monitum.

153 1126 213 1156 Set
225 1125 310 1169 fni,
344 1127 478 1170 inquit,
510 1127 674 1166 Nicaeis,
700 1126 872 1171 putabam
894 1127 931 1158 in
960 1125 1107 1157 Uacaeis
1130 1125 1322 1164 dicturum,
1356 1123 1406 1155 bis
1430 1125 1466 1155 in
1489 1123 1673 1166 Bithynia)
1719 1123 1774 1154 Sic
1806 1122 1936 1164 aliquot

65 1178 150 1209 Pan.
174 1189 193 1209 a
215 1190 317 1209 manu
340 1179 501 1218 secunda3
543 1191 562 1210 a
584 1180 693 1222 prima
714 1191 796 1211 uero
819 1190 935 1210 omnes
966 1177 1232 1208 destituebantur
1262 1176 1321 1207 illo
1344 1176 1513 1214 ZVicaeiS,
1553 1176 1641 1217 quod
1663 1187 1773 1218 neque
1795 1177 1830 1207 111
1854 1177 1936 1208 011111

66 1230 172 1262 cusis:
196 1237 311 1273 postea
334 1233 424 1263 enim
447 1232 536 1271 editi,
560 1238 611 1264 set
624 1232 707 1276 fai,
730 1233 857 1275 inquit,
874 1231 1044 1274 putabam
1065 1231 1102 1261 in
1124 1229 1270 1262 Nicaeis
1293 1229 1481 1267 dicturum,
1503 1228 1554 1260 his
1578 1229 1614 1259 iri
1629 1229 1813 1272 Bithynia.
1833 1230 1937 1262 GRU-

65 1292 199 1314 TERUS.
243 1284 337 1316 Haec
370 1296 505 1327 quoque
533 1290 612 1316 suut
638 1283 984 1323 contaminatissuma,
1026 1283 1146 1324 quibus
1176 1281 1356 1324 purgandis
1387 1281 1545 1312 meliores
1568 1280 1695 1312 codices
1725 1288 1804 1313 sunt
1830 1293 1937 1324 expe-

66 1335 188 1367 ctandi.
233 1336 382 1368 Uidetur
405 1337 524 1368 Cicero
548 1336 737 1379 scripsisse,
758 1341 796 1366 ut
818 1335 897 1366 licet
920 1347 963 1367 ex
987 1335 1136 1377 uestigiis
1159 1335 1242 1365 Pall.
1266 1334 1450 1376 conligere:
1475 1334 1534 1366 Set
1546 1332 1613 1377 fui
1637 1334 1812 1367 Nicaeae:
1826 1341 1936 1378 puta-

66 1388 146 1421 ham
170 1389 207 1420 in
237 1388 401 1420 Uaccaeis
423 1389 618 1421 dicturum:
641 1388 692 1420 bis
713 1389 750 1420 in
770 1388 954 1431 Bithynia.
977 1389 1183 1420 GRAEUIUS.
1228 1388 1334 1425 Iocus,
1358 1387 1491 1429 opinor,
1515 1397 1552 1417 ac
1575 1386 1697 1418 derisio
1720 1387 1842 1418 subest.
1886 1388 1935 1419 Ut

67 1440 160 1472 enim
182 1440 361 1472 Cordubae
385 1441 456 1471 nati
477 1447 607 1484 poetae,
630 1441 677 1472 ita
698 1440 787 1472 forte
803 1441 944 1474 Uaccaei
967 1447 1117 1473 oratores
1139 1440 1227 1471 male
1250 1439 1441 1471 audiebant.
1482 1440 1569 1472 Uide
1592 1451 1656 1482 pro
1673 1440 1802 1472 Archia
1824 1451 1852 1470 6.
1868 1451 1935 1471 1ο..

65 1492 188 1525 Fuisse
212 1494 377 1526 Uaccaeos
400 1493 478 1525 dicit
500 1493 699 1525 Harduinus
721 1494 763 1525 ad
785 1494 872 1525 Plin.
896 1494 955 1533 ΙΙΙ,
979 1494 1009 1525 5.
1033 1494 1068 1524 111
1091 1504 1130 1524 60
1154 1499 1277 1532 tractu,
1305 1493 1362 1535 qui
1382 1492 1618 1523 Salmanticam
1641 1492 1730 1523 inter
1752 1498 1785 1523 et
1807 1492 1936 1523 Tamo-

67 1557 143 1578 ram
165 1546 352 1577 interiacet.
376 1546 581 1578 OLIUETUS.
626 1545 709 1577 Edd.
721 1558 773 1588 pr.
791 1557 860 1577 non
883 1546 1007 1577 habent
1020 1546 1167 1578 Nicaeis
1196 1546 1298 1587 [quod
1317 1547 1485 1577 Gruterus
1508 1552 1585 1577 ante
1603 1546 1773 1589 putabam
1794 1544 1935 1587 posuit],

67 1598 201 1642 primus
223 1598 414 1638 Uictoriusg.
455 1598 634 1640 oniisitque
658 1598 837 1630 Graeuius.
882 1600 940 1631 Set
962 1600 995 1630 id
1020 1610 1143 1630 nomen
1173 1598 1287 1629 abesse
1310 1610 1379 1629 non
1401 1604 1529 1640 potest,
1561 1599 1640 1640 quia
1661 1598 1698 1629 in
1720 1596 1936 1639 sequentibus

69 1651 196 1684 Nicaea
218 1658 444 1691 memoratur,
476 1658 509 1683 et
533 1652 592 1683 illa
613 1652 757 1684 detorsio
780 1651 877 1683 uerbi
900 1653 935 1683 111
961 1652 1125 1684 Uaccaeis
1147 1650 1180 1681 id
1204 1650 1382 1681 desiderat.
1427 1650 1506 1681 Sine
1529 1650 1630 1682 dubio
1652 1656 1765 1681 autem
1787 1649 1937 1680 scriben-

71 1704 154 1736 dum
180 1705 356 1744 Nicaeae,
390 1710 428 1735 ut
459 1710 493 1736 et
516 1704 665 1737 Graeuio
697 1705 885 1737 uidebatur.
929 1704 1141 1737 Terminatio
1166 1709 1294 1734 mutata
1325 1709 1374 1734 est
1401 1714 1419 1733 e
1447 1703 1552 1734 uerbo
1584 1703 1758 1735 Uaccaeis,
1801 1702 1841 1732 In
1869 1700 1936 1732 fine

70 1764 182 1789 autem
204 1763 287 1801 puto
310 1757 486 1789 delendum
509 1759 546 1790 in
567 1758 756 1800 Bithynia,
792 1758 880 1801 quod
902 1756 1080 1790 manifesto
1105 1762 1152 1787 est
1184 1768 1203 1787 a
1221 1757 1413 1798 glossatore.
1455 1756 1499 1787 In
1529 1756 1693 1789 Uaccaeis
1714 1766 1777 1798 per
1799 1753 1938 1785 inrisio-

71 1821 151 1842 nem
173 1810 220 1842 sic
243 1809 349 1850 dixit,
379 1816 416 1841 ut
439 1811 636 1842 Trebatium
658 1811 693 1842 in
715 1812 879 1854 Epistulis
902 1817 1000 1843 uocat
1023 1810 1143 1842 ICtum
1164 1810 1500 1851 praestantissumum
1524 1808 1770 1840 Samarobriuis
1791 1807 1833 1838 ad
1855 1806 1937 1838 Diu.

73 1863 154 1902 VII,
179 1874 220 1902 2.,
243 1869 282 1894 111
304 1869 393 1895 recte
415 1863 502 1894 uidit
525 1863 625 1894 etiam
641 1863 806 1896 Oliuetus.
830 1865 1056 1896 ERNESTIUS.
1099 1863 1232 1893 Locum
1255 1862 1406 1904 corrupit
1425 1863 1592 1894 Gruterus
1615 1860 1765 1892 addendo
1780 1860 1938 1897 Nicaeis,

74 1927 142 1959 quo
164 1916 239 1948 loco
262 1916 295 1947 id
317 1917 414 1960 pauci
436 1916 560 1948 habent
582 1916 649 1948 Msi
672 1928 715 1948 ex
737 1917 913 1949 manifesta
934 1916 1162 1958 inperitorum
1183 1914 1334 1953 audacia,
1359 1926 1436 1945 cum
1457 1921 1546 1946 recte
1567 1915 1658 1946 idem
1680 1913 1857 1951 abiecerit,
1880 1911 1939 1943 ubi

73 1980 138 2013 pro
177 1969 341 2002 Uaccaeis
370 1970 458 2001 male
489 1975 560 2000 erat
588 1969 738 2012 positum
766 1970 802 2001 in
832 1970 901 2001 edd.
933 1971 1061 2011 Naug.,
1095 1967 1132 1999 P.
1155 1968 1268 2008 Man.,
1304 1967 1457 2010 Gryph„
1493 1968 1530 1998 C.
1555 1967 1690 2009 Steph.‚
1725 1971 1758 1997 et
1778 1965 1814 1996 in
1831 1970 1937 2008 repet.

74 2021 214 2054 Lamb..
256 2022 300 2053 Ei
323 2023 492 2064 Uerburg.
517 2029 550 2054 et
570 2023 659 2054 Lall.
683 2023 857 2054 obsecutos
879 2022 997 2054 miror.
1040 2020 1102 2052 Illa
1125 2032 1207 2052 uero
1231 2027 1299 2052 tam
1322 2020 1457 2052 infirmo
1476 2019 1697 2051 fundamento
1719 2018 1801 2050 nixa
1823 2028 1939 2048 emen-

75 2073 167 2106 datio
191 2073 345 2107 Nicaeae
370 2075 451 2117 quin
477 2081 628 2114 corruat,
667 2076 780 2107 abesse
807 2087 877 2106 non
901 2080 1023 2118 potest.
1068 2074 1200 2105 Primus
1226 2073 1316 2105 illius
1348 2080 1465 2105 auctor
1485 2073 1606 2105 Lamb.
1636 2072 1747 2104 dedit:
1783 2071 1842 2103 Set
1862 2069 1939 2113 fui,

77 2126 214 2170 inquit,
249 2124 432 2170 (putabam
455 2130 491 2160 in
521 2129 686 2161 Uaccaeis
710 2129 902 2168 dictarum)
924 2128 974 2160 bis
998 2127 1152 2160 Nicaeae
1175 2127 1211 2158 in
1233 2127 1416 2170 Bithynia.
1462 2126 1650 2158 Grae-nium
1672 2130 1805 2157 secutus
1827 2123 1939 2154 Erne-

76 2185 165 2218 stus,
188 2179 246 2211 Set
258 2177 343 2222 fui,
365 2181 496 2224 inquit,
519 2182 674 2215 „Nic-aeae
697 2181 743 2225 (p.
766 2182 802 2213 in
834 2181 877 2213 U.
899 2181 946 2222 cl.)
973 2181 1043 2219 bis‚·
1073 2185 1148 2210 tum
1170 2179 1306 2211 inclusit
1328 2180 1421 2211 uncis
1444 2180 1481 2212 in
1502 2179 1690 2222 Bithynia,
1721 2184 1754 2209 et
1775 2177 1940 2219 glossema

78 2232 315 2264 certissumum
335 2234 476 2274 putauit.
522 2235 579 2266 Set
607 2246 717 2276 neque
741 2234 858 2266 Cicero
890 2234 1075 2265 solitarium
1111 2244 1149 2263 eo
1172 2232 1246 2263 1060
1268 2232 1318 2264 his
1340 2233 1525 2276 posuisset3
1560 2242 1686 2273 neque,
1716 2229 1775 2262 ubi
1795 2228 1940 2260 abundat

79 2285 300 2323 alterutrum,
325 2284 403 2316 illut
425 2286 537 2328 potius
561 2287 733 2327 eiecerim,
759 2286 849 2329 quod
872 2286 907 2317 in
929 2287 1013 2319 Msis
1038 2292 1085 2317 est
1108 2285 1274 2323 omnibus,
1303 2297 1403 2327 quam
1425 2284 1515 2327 quod
1537 2284 1719 2316 lenissumo
1746 2289 1795 2314 est
1816 2280 1939 2312 indicio

81 2337 253 2380 cognitum
282 2343 382 2379 atque
412 2338 655 2372 incertissumo.
699 2340 862 2373 Abundat
889 2346 999 2370 autem
1022 2338 1172 2382 profecto
1196 2338 1370 2371 Nicaeae.-
1407 2338 1480 2381 quis
1505 2337 1595 2368 enim
1618 2335 1780 2378 Bithynia
1801 2344 1939 2365 conme-

80 2396 212 2424 morata
232 2389 393 2423 Nicaeam
413 2391 526 2425 statim
550 2405 627 2426 cum
657 2394 781 2426 Rhodo
812 2392 988 2435 conparari
1018 2392 1185 2424 miretur?
1232 2392 1344 2433 Quam
1366 2391 1509 2432 denique
1537 2389 1625 2420 bella
1646 2389 1689 2420 sit
1712 2385 1938 2419 adnominatio
