2264 2746
813 125 851 155 L.
879 123 936 153 111.
980 123 1014 153 c.
1042 123 1066 153 1.
1113 121 1141 163 §.
1166 132 1193 152 2.
1823 114 1939 144 Lxlx

145 206 251 244 Itaque
277 204 337 233 duo
358 204 418 232 iam
445 208 516 232 sunt
535 201 731 237 certissuma;
759 199 909 239 primum,
936 198 1096 229 Plancium
1116 208 1196 227 anno
1217 206 1280 235 700.
1300 195 1337 225 L.
1358 193 1499 224 Domitio
1529 197 1559 222 et
1579 191 1684 232 Appio
1705 190 1835 220 Claudio
1863 201 1939 219 coss.

71 265 137 284 esse
157 254 330 288 defensum,
351 253 496 286 alterum,
516 260 580 278 non
600 259 666 278 esse
686 249 845 278 defensum
864 252 936 288 post
955 257 1090 276 mensem
1112 246 1343 286 Septembrem,
1364 249 1410 272 set
1429 247 1481 271 aut
1500 241 1566 281 ipso
1587 240 1643 269 illo
1666 249 1779 274 mense,
1799 243 1851 266 aut
1870 243 1941 266 ante

71 312 206 332 mensem
227 301 326 329 illum.

146 351 243 379 Porro
265 348 424 376 Uatinium
450 347 562 375 scimus
592 355 697 375 mense
725 345 838 373 Sextili
865 345 1025 373 defensum
1051 353 1067 371 a
1087 344 1131 371 M.
1151 340 1259 370 Tullio
1289 348 1369 374 essc3
1398 337 1508 366 scribit
1533 336 1615 364 euim
1635 335 1679 364 M.
1700 334 1824 362 Tullius
1845 331 1882 361 ad
1903 333 1941 369 Q.

71 399 200 428 fratrem
220 397 291 425 Lib.
313 395 352 424 ΙΙ.
374 405 420 433 ep.
443 394 485 423 16.
513 393 585 434 (Ep.
607 393 756 422 CXLIV.
784 394 822 421 T.
843 393 882 421 II.
910 402 939 431 p.
959 391 1023 420 205.
1051 390 1098 418 ed.
1119 388 1242 418 Schutz.
1263 384 1371 422 mai..),
1392 395 1468 423 quae
1489 384 1619 423 epistola
1638 392 1741 411 mense
1762 381 1875 410 Sextili
1895 391 1943 409 an.

73 456 136 483 700.
158 445 315 483 scriptast,
343 442 434 471 haec:

150 494 215 530 Quo
236 493 286 520 die
305 491 381 519 haee
402 491 521 528 scripsi,
542 489 668 518 Drusus
688 495 755 517 erat
775 489 810 517 (le
825 488 1100 527 praeuaricatione
1120 495 1140 512 a
1160 482 1294 511 tribunis
1314 480 1448 508 aerariis
1466 478 1639 515 absolutas,
1658 481 1692 507 in
1713 488 1832 506 summa
1852 483 1946 515 quat-

73 550 144 572 tuor
171 541 350 573 sententiis,
377 550 447 567 eum
472 543 629 566 senatores
656 542 686 565 et
705 539 821 575 equites
848 537 1054 565 damnassent.
1092 533 1161 570 Ego
1190 530 1292 558 eodem,
1320 528 1369 556 die
1391 532 1461 564 post
1489 528 1645 555 meridiem
1671 527 1833 554 Uatinium
1861 534 1947 552 eram

74 590 267 629 defensurus,
306 587 355 614 Ea
375 596 422 614 res
440 586 558 624 facilis
579 591 632 614 est.
673 586 804 613 Comitia
823 585 858 612 in
877 592 1009 612 mensem
1028 582 1111 618 Sept.
1137 579 1252 606 reiecta
1276 581 1360 604 sunl.
1398 575 1511 602 Scauri
1530 575 1681 602 iudicium
1699 575 1807 602 statim
1826 582 1947 601 exerce-

75 637 182 669 bitnr;
209 637 262 663 eui
281 644 334 661 nos
354 644 415 661 ηοη1
435 634 596 662 deerimus.

150 683 256 721 Itaque
284 691 352 709 cum
373 680 531 710 Plancium
560 681 653 720 paulo
680 685 750 709 ante
776 678 947 708 uiderimus
974 687 1037 705 non
1065 684 1155 714 posse
1181 682 1246 700 esse
1272 676 1344 711 post
1363 681 1499 700 mensem
1520 669 1731 706 Septembrem
1751 672 1949 702 acemsatum,

75 731 221 760 Uatinius
241 735 352 761 autem,
373 739 463 767 quem
483 734 554 757 ante
573 729 732 757 Plancium
753 738 770 756 a
790 727 942 755 Cicerone
962 725 1120 753 defensum
1141 730 1206 749 esse
1226 725 1409 758 conpertum
1429 719 1587 753 habemus,
1608 726 1710 744 11181158
1731 716 1842 744 Sextili
1863 726 1950 743 caus—

75 791 139 809 sam
166 779 202 807 (le
230 776 386 806 sodaliciis
416 776 546 811 dixerit,
582 782 670 804 extra
698 785 818 804 omnem
846 772 1087 802 controuersiam
1114 768 1261 809 ponitur,
1293 768 1337 797 M.
1366 767 1549 796 Ciceronem
1577 776 1634 804 pro
1664 765 1719 793 Cn.
1748 764 1873 792 Plancio
1900 768 1952 792 aut

77 832 211 858 exeunte
232 835 335 854 mense
358 824 471 852 Sextili
493 830 544 852 aut
563 825 690 852 ineunte
709 831 815 850 mense
835 821 919 859 Sept.
940 831 988 849 an.
1010 829 1073 857 700.
1095 817 1219 846 dixisse.

152 873 215 902 Hic
235 876 336 900 autem
357 871 393 899 de
414 870 540 899 Schutzi
560 870 708 908 opinione
737 868 1045 903 conmemorandum,
1072 876 1163 905 quem
1188 866 1248 893 iam
1267 864 1301 892 111
1321 861 1542 892 commentario
1562 860 1600 888 ad
1623 860 1657 889 C.
1677 859 1840 888 XXXIV.
1860 858 1887 898 §.
1907 860 1952 888 83.

77 922 252 952 monuimus
273 931 312 949 cx
331 920 451 948 uerbis:
481 920 534 948 Set
553 918 610 946 hoc
629 919 728 945 neseio
748 917 894 956 quomodo
905 916 1093 955 fi·equenter
1113 916 1147 942 in
1167 924 1214 941 me
1233 912 1430 949 congessisti,
1461 920 1594 948 saneque
1614 910 1649 937 in
1669 918 1702 936 eo
1722 908 1825 936 creber
1843 908 1953 945 suisli,

81 977 110 998 te
131 970 246 998 ideireo
266 970 299 996 in
319 968 406 997 ludos
426 977 568 995 caussam
587 967 722 994 conicere
743 964 892 999 noluisse,
928 974 965 991 ne
985 973 1040 1001 ego
1060 972 1128 990 mea
1149 960 1368 989 consuetudine
1388 958 1513 996 aliquid
1533 958 1568 986 (le
1592 956 1708 984 thensis
1727 956 1955 984 misericordiae

80 1027 193 1046 caussa
213 1016 359 1048 dicerem,
392 1015 476 1053 quod
500 1015 534 1041 in
562 1013 635 1041 aliis·
660 1012 814 1041 aedilibus
840 1017 913 1040 ante
932 1011 1101 1049 fecissem.-
1130 1008 1317 1045 conlegisse,
1347 1012 1418 1034 ante
1444 1006 1534 1034 ludos
1562 1005 1718 1033 Romanos
1740 1004 1899 1031 Plancium
1920 1003 1956 1030 (18

81 1064 200 1094 ambitu
221 1066 407 1091 accussatum
428 1071 502 1090 esse.
542 1060 659 1089 Scribit
685 1061 768 1088 8111111
794 1060 827 1088 iu
849 1058 1021 1088 Summario
1048 1068 1078 1096 p.
1098 1057 1178 1086 351.:
1207 1054 1416 1092 „Praeteritus
1445 1054 1540 1091 igitur
1560 1051 1739 1080 Laterensis
1765 1052 1867 1079 statim
1887 1056 1957 1089 post

82 1111 215 1141 secunda
241 1110 294 1138 illa
321 1110 446 1139 comitia
465 1108 626 1137 Plancium
652 1108 782 1136 aedilem
810 1107 1001 1145 designatum
1029 1115 1068 1133 ex
1094 1105 1161 1143 lege
1182 1104 1307 1132 Licinia
1334 1102 1372 1130 de
1392 1102 1550 1130 sodaliciis
1571 1100 1757 1134 accussauit,
1785 1104 1817 1126 et
1837 1098 1958 1136 quidem

81 1164 153 1188 ante
172 1157 261 1186 ludos
282 1157 437 1185 Romanos
458 1157 565 1185 eodem
585 1157 651 1185 fere
671 1156 743 1184 anni
764 1162 918 1195 tempore,
947 1164 1006 1192 quo
1027 1163 1073 1181 an.
1095 1153 1158 1190 690.
1181 1153 1312 1181 Murena
1340 1150 1446 1179 consul
1468 1150 1643 1187 designatus
1665 1149 1702 1176 de
1722 1147 1839 1176 ambitu
1860 1147 1959 1175 suerat

83 1211 266 1236 accussatus.
306 1206 375 1234 Hoc
396 1205 479 1233 enim
506 1215 522 1232 e
543 1215 568 1232 c.
588 1205 634 1233 34.
656 1204 804 1240 efficitur,
838 1203 891 1232 ubi
914 1202 1025 1231 Cicero
1054 1200 1130 1228 dicit
1150 1200 1351 1228 Laterensem
1372 1198 1505 1234 dixisse,
1534 1208 1565 1225 58
1595 1196 1679 1224 110118
1706 1196 1739 1223 111
1766 1195 1855 1223 ludos
1882 1194 1959 1222 hanc

83 1265 217 1284 caussam
237 1253 397 1289 conicere,
418 1263 456 1280 ne
478 1253 588 1282 Cicero
608 1257 712 1291 posset
732 1251 849 1290 aliquid
870 1251 906 1279 de
927 1248 1045 1278 thensis
1066 1247 1298 1276 misericordiae
1318 1257 1422 1274 caussa
1442 1246 1576 1274 dicere.“

158 1301 278 1330 Uerum
299 1300 356 1328 etsi
378 1310 416 1329 ex
436 1300 492 1336 iis,
514 1310 590 1339 quae
609 1300 700 1328 modo
722 1298 937 1338 exposuimus..
957 1296 1029 1324 satis
1050 1301 1187 1334 apparet,
1208 1295 1276 1323 fieri
1301 1294 1427 1322 0111111110
1448 1293 1597 1332 potuisse,
1617 1298 1652 1321 ut
1671 1292 1814 1321 Plancius
1834 1292 1961 1320 incunte

84 1360 188 1381 mense
215 1347 390 1387 Septembri
417 1348 549 1387 ideoque
577 1353 647 1376 ante
675 1347 765 1376 ludos
793 1347 948 1375 Romanos
977 1354 1112 1372 caussam
1140 1344 1275 1378 diceret,
1304 1348 1405 1371 tamen
1431 1352 1470 1370 ex
1496 1341 1600 1369 uerbis
1627 1341 1690 1368 illis
1712 1341 1872 1369 Ciceronis
1898 1350 1961 1368 11011

87 1399 212 1429 uidetur
231 1397 264 1424 id
283 1400 367 1424 recte
387 1406 477 1434 posse
497 1395 650 1424 concludi.
690 1395 772 1422 Uide
793 1404 868 1432 quac
889 1394 922 1421 in
943 1403 1051 1421 comm.
1072 1392 1110 1420 ad
1130 1393 1233 1420 locum
1254 1391 1344 1419 illum
1364 1390 1507 1418 adnotata
1527 1394 1608 1417 sunt.

163 1446 290 1479 Restat,
310 1448 345 1471 ut
365 1443 402 1471 (18
427 1443 514 1472 Τ11111
536 1443 656 1477 uerbis,
683 1453 760 1480 quae
781 1442 814 1471 C.
835 1442 914 1470 XX.
940 1439 968 1480 §.
988 1442 1033 1479 49.
1062 1441 1176 1479 scripta
1196 1444 1283 1475 sunt,
1312 1438 1446 1466 dicamus
1459 1459 1466 1473 ‚
1494 1447 1562 1465 cum
1583 1447 1618 1465 ca
1637 1437 1795 1465 nonnullis
1815 1437 1879 1465 uisa
1900 1436 1962 1464 sint

89 1495 191 1523 facere
211 1496 318 1520 contra
338 1501 400 1527 805,
421 1491 473 1529 qui
493 1491 531 1519 L.
551 1490 693 1519 Domitio
713 1495 745 1519 et
764 1490 870 1529 Appio
891 1489 1023 1518 Claudio
1046 1499 1122 1517 coss.
1143 1498 1190 1516 an.
1212 1496 1276 1525 700.
1299 1487 1458 1516 defensum
1479 1485 1640 1513 Plancium
1660 1490 1802 1513 statuant.
1842 1484 1964 1522 Scripta

94 1539 139 1568 ibi
159 1538 233 1567 haec
254 1544 339 1567 sunt:

165 1587 216 1615 Set
236 1598 291 1614 em·
311 1597 365 1624 ego
384 1588 429 1615 sie
456 1585 541 1625 ago?
572 1588 664 1625 quasi
688 1597 750 1616 non
776 1589 910 1616 comitiis
936 1589 1003 1616 iam
1026 1584 1237 1624 superioribus
1264 1586 1306 1612 sit
1333 1583 1487 1611 Plancius
1514 1581 1700 1619 designatus
1726 1581 1854 1613 aeslilis;
1886 1591 1964 1618 quae

93 1636 219 1664 comitia
243 1636 380 1671 primum
405 1634 516 1662 habere
543 1636 640 1671 coepit
666 1636 774 1664 consul
798 1646 868 1663 cum
895 1635 1035 1663 omnibus
1062 1635 1097 1662 in
1123 1632 1213 1661 rebus
1232 1640 1353 1659 summa
1373 1632 1578 1665 auctoritate,
1609 1635 1674 1657 tum
1693 1629 1803 1656 harum
1824 1630 1966 1664 ipsarum

95 1685 201 1721 legum
222 1681 357 1710 ambilas
377 1688 503 1716 auctor,-
537 1682 646 1710 deinde
665 1682 777 1711 habere
797 1685 895 1720 coepit
914 1683 1014 1711 subito
1030 1687 1158 1719 praeter
1177 1681 1351 1717 opinionem
1370 1680 1524 1712 omnium,
1554 1684 1588 1704 ut
1609 1688 1646 1704 ne
1665 1678 1693 1704 si
1712 1678 1875 1714 cogitasset
1896 1677 1966 1714 qui-

93 1733 163 1761 dem
182 1731 339 1768 quispiam
358 1730 488 1766 largiri,
509 1729 637 1757 claretur
655 1733 794 1767 spatium
813 1731 1018 1768 conparandi-

170 1776 370 1806 Dissentiunt
389 1776 440 1804 1118
460 1777 542 1805 inter
561 1787 593 1805 se
614 1777 758 1814 editores,
780 1778 832 1816 qui
852 1777 948 1807 suerit
968 1776 1076 1805 consul
1096 1776 1162 1812 1118,
1182 1786 1273 1815 quem
1293 1774 1397 1804 subito
1419 1773 1558 1802 creandis
1579 1771 1729 1800 aedilibus
1750 1769 1874 1798 comitia
1894 1778 1966 1797 coc-

96 1827 178 1867 pisse
204 1825 317 1853 habore
348 1824 457 1853 Cicero
486 1824 570 1852 dicit.
609 1824 676 1852 Alii
702 1825 894 1863 Domitium⁷
920 1826 973 1853 alii
1000 1824 1200 1863 Pompeium,
1229 1824 1283 1851 alii
1308 1825 1352 1852 M.
1373 1822 1532 1850 Licinium
1561 1821 1701 1849 Crassum
1727 1817 1967 1854 intellegendum

96 1877 216 1913 putant.
264 1871 362 1899 Recte
389 1878 490 1900 autem
517 1872 674 1900 Pes-ratius
699 1883 729 1911 p.
753 1874 812 1912 169.
841 1879 873 1902 et
900 1873 1086 1902 Garatouius
1112 1882 1175 1900 11011
1202 1882 1292 1910 posse
1325 1871 1419 1899 alium
1449 1880 1538 1908 quam
1568 1869 1610 1896 M.
1637 1865 1796 1893 Licinium
1825 1865 1967 1892 Crassum

97 1921 300 1960 significatum
321 1930 385 1947 esse
406 1920 561 1948 uiderunt.
601 1920 679 1948 Nam
700 1930 769 1948 eum
790 1921 900 1950 Cicero
920 1921 1087 1956 consulem,
1108 1920 1161 1958 qui
1181 1919 1325 1947 habuerit
1347 1918 1470 1946 comitia
1490 1917 1554 1950 illa,
1573 1915 1686 1942 harum
1706 1915 1847 1950 ipsarum
1866 1914 1968 1950 legum

99 1969 232 1998 ambitus
252 1974 409 1996 auctorem
428 1968 579 2006 appellet,
600 1968 668 1996 luce
688 1967 800 1996 clarius
821 1973 883 2004 est,
903 1978 972 1996 eum
992 1967 1133 2005 intellegi
1154 1968 1311 1995 consulem
1333 1966 1460 2000 debere,
1483 1964 1534 2002 qui
1556 1966 1661 1990 auctor
1681 1960 1776 1988 fuerit
1796 1961 1896 1998 legum
1917 1962 1969 1989 uel

99 2017 195 2056 legis,
226 2016 263 2044 de
284 2026 343 2054 qua
368 2015 413 2042 ibi
435 2015 544 2043 Cicero
572 2015 724 2054 loquatur.
763 2015 918 2053 Loquitur
945 2021 1046 2045 autem
1067 2015 1135 2054 (cfr.
1157 2015 1191 2044 C.
1212 2014 1288 2043 XV.
1308 2012 1335 2053 §.
1355 2012 1415 2051 36.)
1437 2013 1472 2040 de
1494 2012 1560 2049 lege
1580 2008 1719 2044 Licinia,
1749 2018 1825 2046 quae
1847 2014 1911 2036 erat
1932 2008 1969 2036 dc

101 2064 273 2100 sodaliciis,
302 2074 359 2102 qua
378 2063 556 2092 Laterensis
577 2063 736 2092 Plancium
754 2063 972 2101 postulaucrat.
1012 2064 1167 2093 Liciniam
1187 2067 1287 2090 autem
1314 2066 1398 2099 patet
1425 2070 1489 2087 cam
1509 2058 1608 2087 solum
1627 2056 1766 2095 potuisse
1787 2056 1865 2092 dici,
1893 2066 1969 2094 quae

103 2118 227 2142 auctore
247 2113 290 2141 Μ.
310 2111 436 2139 Licinio
458 2111 566 2139 Crasso
587 2116 651 2139 erat
670 2111 797 2149 perlata.
836 2110 941 2149 Itaque
961 2117 1097 2148 certum,
1124 2111 1229 2150 priora
1249 2109 1372 2137 comitia
1392 2108 1461 2143 illa,
1489 2106 1600 2145 quibus
1621 2105 1677 2133 Cn.
1698 2105 1841 2133 Plancius
1862 2105 1969 2133 aedilis

105 2161 277 2199 designatus
306 2164 366 2194 cst,
398 2160 442 2187 M.
464 2159 622 2187 Licinium
643 2159 783 2187 Crassum
812 2156 965 2188 habuisse.
1005 2160 1093 2196 Quae
1120 2159 1146 2187 si
1172 2163 1237 2187 rata
1265 2158 1412 2191 fuissent,
1441 2155 1507 2182 sine
1535 2153 1629 2182 dubio
1657 2153 1800 2181 Plancius
1828 2152 1886 2181 iam
1913 2153 1968 2181 Cn.

104 2208 252 2247 Pompeio
273 2212 304 2235 et
323 2208 366 2236 M.
386 2206 512 2235 Licinio
529 2207 638 2236 Crasso
658 2206 770 2234 iterum
790 2206 968 2234 consulibus
988 2217 1035 2235 an.
1056 2207 1120 2244 699.
1141 2216 1157 2234 a
1172 2206 1340 2233 Laterense
1361 2208 1531 2232 accussatus
1553 2207 1641 2229 esset.
1676 2201 1775 2239 Atqui
1794 2212 1856 2229 11011
1876 2202 1970 2229 fuisse

106 2260 185 2291 rata,
206 2255 318 2283 diserte
339 2254 448 2282 Cicero
478 2254 553 2282 dicit
572 2252 599 2294 §.
619 2255 665 2283 50.
685 2254 730 2282 53.
750 2253 813 2289 54„
847 2254 1042 2292 ostenditque
1068 2264 1122 2289 eo,
1157 2253 1239 2291 quod
1259 2254 1302 2281 M.
1323 2251 1482 2280 Licinium
1508 2260 1571 2278 11011
1598 2250 1742 2278 habuisse
1765 2249 1888 2277 comitia
1908 2249 1970 2283 illa,

108 2308 155 2331 set
174 2302 285 2331 habere
304 2307 423 2330 tantum
443 2302 580 2341 coepisse
599 2302 651 2331 ait.
690 2301 796 2339 Itaque
815 2299 870 2328 uix
891 2311 967 2339 opus
988 2306 1050 2337 cst,
1078 2307 1113 2329 ut
1135 2301 1275 2336 doceam,
1301 2300 1360 2328 alia
1378 2299 1433 2327 illa
1452 2297 1547 2327 fuisse
1568 2297 1709 2333 comitia,
1737 2308 1812 2336 quae
1833 2297 1971 2326 creandis

109 2350 259 2380 aedilibus
277 2350 435 2378 curulibus
452 2360 499 2378 an.
519 2350 583 2388 699.
602 2359 619 2378 a
633 2349 782 2388 Pompeio
799 2347 902 2376 habita
918 2358 984 2377 esse
1003 2360 1036 2377 ac
1050 2348 1140 2377 ualde
1159 2348 1338 2376 turbulenta
1356 2348 1451 2377 fuisse
1468 2345 1651 2375 Plutarchus
1668 2345 1700 2373 111
1716 2346 1864 2384 Pompeio
1885 2356 1909 2372 8.
1927 2345 1972 2373 53.

110 2409 141 2437 p.
156 2400 218 2430 817.
235 2397 280 2425 ed.
295 2398 401 2426 Reisk.
421 2403 452 2426 et
467 2398 531 2426 Dio
547 2397 668 2425 Cassius
684 2397 757 2426 Lib.
769 2397 933 2425 XXXIX.
955 2407 979 2425 c.
994 2397 1039 2425 32.
1060 2407 1089 2435 p.
1106 2397 1170 2433 517.
1192 2396 1238 2424 ed.
1254 2396 1353 2425 Sturz.
1374 2396 1508 2425 tradunt.
1547 2395 1626 2423 Nam
1647 2394 1710 2422 illis
1727 2393 1859 2422 comitiis
1878 2391 1973 2420 creati

112 2450 184 2475 sunt
204 2445 333 2481 aediles,
361 2445 414 2483 qui
440 2445 547 2474 eodem
565 2455 646 2475 anno
667 2445 730 2485 699.
757 2445 944 2475 aedilitatem
971 2448 1130 2484 gererent,
1159 2454 1229 2473 cum
1248 2454 1328 2472 anno
1349 2443 1510 2483 superiore
1531 2443 1594 2481 698.
1625 2442 1749 2470 comitia
1769 2440 1853 2468 nulla
1873 2444 1975 2468 essent
