2264 2746
274 104 382 134 XCIV
940 100 1469 131 PROLEGOMENA.

278 178 464 209 Torrentius
485 183 516 208 et
534 178 661 218 Lipsius
681 175 921 211 intellexerunt,
949 175 1057 203 statuis
1078 175 1224 204 diffractis
1254 181 1285 205 et
1311 177 1497 206 conminutis
1523 178 1624 207 inanis
1645 188 1712 207 cum
1733 178 1833 207 titulis
1852 179 1932 207 basis
1951 179 2051 208 furori
2071 180 2150 209 stul-

276 230 405 258 tiSSUfflO
426 227 624 266 5ιῖΡΘΥῙΠῘΞΞΘ·
662 225 765 252 LOCUS
793 227 839 250 ‘³⁵1
866 222 904 250 de
930 227 1098 251 statuarum
1123 223 1260 259 honore,
1288 233 1351 252 non
1372 224 1409 253 de
1430 225 1513 253 omui
1534 226 1687 255 clarorum
1708 226 1846 255 uirorum
1866 228 2028 260 memoria:
2050 234 2153 267 neque

277 278 427 306 Liuianos
455 276 552 304 libros
579 272 702 300 abolere
730 281 799 299 cum
826 270 992 308 cogitaret,
1020 270 1146 300 illorum
1173 271 1316 300 laudibus
1344 273 1551 309 obtrectabat,
1579 284 1655 312 quae
1682 274 1901 312 praedicantur
1926 286 1942 303 a
1968 276 2078 311 Liuio,
2105 280 2151 304 set

277 324 463 353 historicum
484 327 542 349 tam
562 319 752 358 praeclarum
772 318 966 357 loquacitatis
987 318 1079 346 homo
1101 319 1202 348 fatuus
1223 321 1397 349 accussabat
1423 326 1454 349 et
1479 322 1698 359 neglegentiae.
1737 322 1780 350 At
1809 332 1879 357 cur,
1906 323 1931 351 si
1958 326 2023 351 suis
2050 325 2152 352 titulis

280 372 446 401 Suetonius
467 367 598 401 dixerit,
630 366 742 394 clarius
762 366 821 395 hoc
842 372 953 406 putent
973 366 1056 402 fore,
1082 376 1145 395 11011
1166 367 1268 396 111(100.
1311 368 1417 397 Saluos
1439 368 1540 398 dicere
1562 374 1720 408 optumum
1741 369 1816 405 fuit,
1842 370 1907 398 siue
1927 373 2052 400 restitui
2072 374 2149 400 titu-

279 421 335 456 lis,
365 419 416 456 qui
437 417 519 444 salui
539 419 642 449 erant,
672 414 848 453 intellegas,
877 415 944 443 siue
965 425 1032 442 cum
1061 415 1145 444 salui
1165 421 1266 444 essent
1292 416 1325 444 in
1354 416 1477 444 basibus
1504 418 1600 445 tituli.
1640 418 1732 445 Nunc
1753 427 1791 445 ex
1812 427 1847 445 eo
1868 428 1995 446 numero
2016 418 2152 454 titulum,

281 467 333 505 qui
356 466 389 494 C.
411 463 490 493 Mari
511 467 629 490 statuae
650 462 841 501 subscriptus
862 463 940 498 suit,
968 463 1084 491 saluom
1105 463 1326 500 cognoscimus.
1364 463 1439 492 Illut
1459 464 1596 501 ignotum
1618 470 1678 500 est,
1704 465 1853 493 titulosne
1875 465 2066 504 Capitolinos
2086 476 2153 495 ser-

279 514 363 542 uarit
382 513 553 548 Augustus,
574 519 611 538 an
633 509 670 537 de
689 509 758 538 foro
778 520 833 538 suo
854 510 1025 550 descriptos
1046 510 1223 539 subiecerit.
1264 510 1409 539 Seruauit
1428 511 1557 540 fortasse
1578 511 1711 550 aliquos;
1737 511 1806 549 hic,
1832 518 1866 541 ut
1886 523 1918 541 se
1936 524 1985 542 res
2005 513 2152 543 hactenus

281 561 389 595 habet,
410 558 553 587 uideatur
573 568 613 587 ex
631 558 710 587 foro.

1174 668 1201 709 ς.
1232 677 1258 702 5.

355 779 454 819 Atqui
474 789 522 807 res
545 778 587 806 ita
607 778 749 806 conuerti
776 784 895 817 potest,
929 784 964 806 ut
984 789 1082 807 nouus
1105 779 1137 807 in
1159 790 1264 818 campo
1285 778 1398 814 fuerit,
1433 779 1543 808 deinde
1569 780 1602 809 in
1629 780 1691 810 sori
1711 779 1884 819 porticibus
1904 789 2001 808 nonae
2021 780 2055 809 C.
2075 780 2156 809 Mari

281 833 398 858 statuae
424 827 506 855 idem
533 826 734 864 subscriptus.
773 825 852 854 Nam
882 825 940 854 hoc
969 826 1078 854 ordine
1108 827 1264 864 Augustus
1291 827 1358 865 ipse
1386 827 1418 855 in
1445 834 1643 857 monumento
1671 829 1839 866 Ancyrano
1867 838 1896 866 p.
1920 830 1980 863 174.
2009 828 2155 856 editionis

283 875 515 906 Cliislmllianae
536 884 607 902 usus
629 879 682 901 est.
724 872 997 901 CAPITOLIL'M
1018 888 1054 894 —-
1075 873 1276 902 IMPENSA.
1307 874 1487 903 GRANDI.
1515 876 1681 904 REFECI.
1709 875 1816 904 SINE.
1843 875 1972 903 [LLA.
1993 875 2156 904 INSCRI-

282 923 457 953 PTIONE.
478 920 674 949 NOMINIS.
694 920 782 949 MEI.
814 920 891 956 Quis
912 931 975 949 non
995 921 1091 955 uidet,
1112 921 1145 949 in
1166 932 1199 949 ea
1219 922 1390 950 refectione
1410 928 1522 951 statuas
1543 923 1575 951 in
1596 923 1785 952 latissumum
1814 924 1912 962 campi
1933 922 2028 952 Marti
2054 922 2158 950 locum

284 982 323 999 cx
343 969 566 1007 augustissumo
588 967 748 996 translatas
769 968 886 996 fuisse?
906 968 1029 996 Deinde
1050 974 1119 1006 post
1140 979 1251 1007 pauca:
1272 970 1436 999 FORUM.
1466 971 1633 1000 Il-LIIUL
1659 970 1727 999 ΕΤ.
1748 972 1979 1000 BASILICAM
1999 986 2036 992 —
2056 969 2159 999 COE-

282 1018 378 1047 PTA.
400 1015 786 1051 PROl‘LIGATAQUE.
810 1015 964 1044 OPERA.
985 1016 1024 1044 A.
1045 1016 1198 1044 PATRE.
1219 1016 1322 1045 MEO.
1343 1018 1537 1047 PERFECI.
1567 1018 1637 1046 Hoc
1658 1023 1740 1046 certe
1760 1018 1835 1048 haut
1855 1019 1945 1058 paulo
1968 1023 2047 1053 ante,
2068 1028 2158 1056 quam

283 1067 385 1096 forum
405 1075 492 1093 suum
513 1064 676 1099 conderet,
695 1063 809 1091 sactum
830 1063 979 1101 oportuit.
1020 1063 1186 1092 Suetonius
1208 1075 1272 1102 cap.
1292 1064 1438 1093 XXIX.:
1458 1068 1533 1095 Fora*
1552 1067 1716 1094 extruendi
1735 1077 1845 1095 caussa
1857 1067 1928 1105 fuit
1949 1067 2109 1095 hominum
2128 1071 2158 1094 et

284 1114 469 1142 iudiciormn
497 1112 681 1145 mullitudo,
717 1121 796 1147 quae
821 1110 988 1139 uidebatur
1015 1122 1076 1138 non
1104 1112 1329 1149 sufficientibus
1363 1113 1478 1140 <luobus
1505 1116 1600 1142 etiam
1626 1116 1716 1142 tertio
1747 1114 1895 1151 indigere.
1943 1113 2098 1150 Quocirca
2125 1113 2160 1141 in

285 1164 483 1189 moniunento
505 1158 660 1196 sequitur:
680 1157 855 1185 MARTIS.
876 1157 1079 1186 ULTORIS.
1102 1159 1328 1188 TEMPLFM.
1348 1159 1606 1198 FORUMQUE.
1626 1161 1883 1190 AUGUSTUM.
1904 1161 2010 1189 FECI.
2037 1160 2160 1198 Nempe

285 1213 356 1247 post
385 1206 576 1235 consulatum
604 1215 691 1233 suum
714 1210 889 1243 septumum
911 1205 982 1233 anni
1002 1205 1236 1242 DCCXXVI.‚
1266 1208 1353 1235 cuius
1378 1206 1470 1235 initio
1498 1209 1632 1246 Augusti
1652 1218 1765 1237 nomen
1792 1208 1821 1236 ei
1850 1208 1983 1236 delatum
2010 1208 2080 1237 fuit.
2118 1207 2162 1235 Et

285 1256 383 1284 multo
414 1254 535 1293 quidem
556 1258 670 1291 postea.
709 1252 789 1280 Nam
809 1253 957 1291 templum
985 1253 1058 1281 illut
1078 1264 1156 1282 auno
1176 1255 1428 1284 DCCXXXIV.
1449 1256 1559 1293 signis,
1590 1266 1666 1294 quae
1686 1256 1797 1285 Parthi
1820 1262 1982 1295 ceperant,
2008 1255 2161 1284 restitutis

286 1304 463 1333 faciundum
484 1301 632 1329 decreuit.
671 1300 707 1328 Id
727 1300 786 1328 iam
806 1300 928 1328 notauit
948 1310 987 1328 ex
1006 1300 1112 1328 Dione
1132 1301 1279 1330 Norisius
1298 1302 1338 1330 II.
1361 1303 1530 1342 Cenotaph.
1551 1304 1650 1332 Pisan.
1671 1306 1707 1333 8..
1745 1305 1914 1333 Dedicauit
1933 1303 2064 1342 denique
2084 1312 2162 1331 con-

287 1352 388 1380 sulatu
408 1362 463 1379 suo
484 1349 576 1377 XIII.
603 1359 682 1377 anno
702 1348 863 1384 DCCLI.,
889 1348 971 1387 quod
991 1348 1134 1377 Uelleius
1155 1349 1203 1384 ΙΙ,
1233 1359 1294 1377 100.
1322 1351 1488 1379 memoriae
1514 1351 1662 1391 prodidit.
1702 1352 1893 1390 Quamquam
1920 1351 2033 1381 etenim
2058 1350 2162 1380 forum

287 1404 391 1427 narrat
419 1398 463 1426 ibi
485 1397 654 1425 Suetonius
671 1395 901 1434 festinanstus,
929 1396 1059 1424 necdum
1082 1396 1226 1434 perfecta
1252 1398 1371 1426 λίαν-τῖε
1398 1399 1472 1426 aede
1486 1399 1686 1436 publicatum
1704 1399 1827 1437 fuisse,
1855 1400 2041 1428 existumare
2058 1404 2162 1427 tamen

290 1451 431 1485 oportet,
465 1455 528 1473 non
555 1445 685 1473 multum
713 1445 862 1483 temporis
889 1445 972 1472 inter
999 1454 1047 1472 eas
1077 1444 1287 1473 dedicationes
1317 1445 1538 1474 intercessisse.
1578 1447 1684 1484 Itaque
1711 1457 1728 1474 a
1746 1446 1852 1475 Dione
1879 1447 1954 1476 libri
1973 1447 2044 1475 LV.
2073 1452 2162 1485 parte

290 1496 447 1534 deperdita
476 1505 628 1533 proxume
657 1496 929 1533 coniungebantur.
973 1496 1133 1532 Superstes
1162 1499 1291 1524 testatur
1316 1495 1426 1533 index,
1460 1496 1493 1524 in
1516 1506 1576 1534 quo
1597 1506 1659 1524 non
1682 1493 1765 1535 ἱεραὶ,
1797 1496 1880 1534 quod
1901 1497 2003 1535 inepte
2023 1497 2162 1526 refertur

290 1549 328 1577 ad
352 1549 491 1584 domum,
514 1553 559 1577 set
580 1545 679 1588 α’γοροέ
692 1549 801 1587 sorum
824 1559 893 1576 011111
917 1547 1075 1576 Chishullo
1098 1547 1162 1575 sine
1186 1547 1375 1576 dubitatione
1396 1548 1557 1586 legendum
1583 1553 1637 1577 cst.
1681 1549 1772 1577 Illam
1794 1559 1869 1577 uero
1893 1549 1930 1577 de
1950 1550 2020 1578 soro
2042 1553 2161 1588 partem

292 1609 353 1627 non
373 1598 503 1627 resarcit
523 1599 622 1627 codex
642 1599 800 1637 egregius,
829 1609 867 1627 ex
888 1609 948 1637 quo
969 1608 1069 1636 nuper
1089 1607 1223 1625 summus
1243 1597 1294 1625 uir
1312 1597 1451 1637 mihique
1471 1599 1606 1627 amicitia
1626 1603 1731 1626 uetere
1751 1599 2047 1635 coniunctissumus,
2073 1599 2162 1628 Iaco-

292 1647 348 1674 bus
364 1646 529 1675 Morellius
550 1656 589 1675 ex
609 1646 704 1675 altera
723 1652 820 1686 parte,
840 1657 918 1685 quae
937 1646 975 1674 ad
993 1645 1103 1684 templi
1124 1645 1348 1673 dedicationem
1367 1646 1514 1684 pertinet,
1535 1647 1684 1685 conplura
1702 1647 1835 1685 protulit
1851 1647 2047 1676 Suetonianis
2065 1646 2164 1675 multo

294 1695 452 1732 ampliora.
490 1694 553 1723 Iam
572 1695 727 1723 neminem
747 1695 887 1723 futurum
906 1699 1000 1733 puto,
1031 1693 1083 1732 qui
1110 1697 1247 1721 ueterem
1274 1692 1358 1722 illam
1385 1693 1422 1722 de
1450 1694 1569 1723 duobus
1588 1694 1711 1732 templis
1732 1694 1827 1722 Marti
1847 1694 1944 1723 ultori
1964 1695 2000 1723 ab
2021 1694 2162 1732 Augusto

294 1743 382 1772 sactis
402 1742 481 1771 mihi
502 1742 617 1771 obiciat
636 1743 786 1779 fabulam,
812 1748 972 1782 postquam
992 1742 1028 1769 ab
1049 1740 1274 1769 eruditissumis
1301 1741 1395 1777 uiris,
1425 1743 1568 1770 Massone
1595 1742 1628 1770 in
1649 1741 1746 1770 Ouidi
1774 1741 1838 1770 uita
1859 1742 1896 1770 T.
1913 1741 1970 1770 IV.
1991 1741 2040 1769 ed.
2058 1742 2162 1770 Burm.

295 1801 325 1829 p.
346 1790 408 1826 68.‚
427 1791 590 1827 Fabricio,
616 1796 647 1819 et
665 1791 810 1819 Reimaro
832 1790 869 1819 ad
888 1791 1025 1818 Dionem
1044 1789 1140 1824 LIV,
1160 1790 1186 1817 8.
1214 1787 1382 1826 eodemque
1402 1789 1550 1818 Morellio
1570 1800 1600 1828 p.
1621 1791 1646 1818 5.
1668 1789 1714 1817 ed.
1734 1789 1830 1817 Paris.
1860 1789 1902 1817 ita
1929 1788 2100 1827 explosast,
2126 1792 2164 1817 ut

296 1839 437 1867 reuocari
457 1848 519 1866 non
538 1838 647 1876 possit.
684 1838 856 1867 Eckhclius
875 1843 976 1866 autem
998 1838 1036 1866 T.
1057 1836 1114 1865 VI.
1136 1835 1293 1864 doctrinae
1313 1846 1509 1866 nummorum
1528 1843 1668 1866 ueterum
1688 1847 1718 1875 p.
1739 1838 1800 1874 95.,
1818 1836 2000 1874 intellegens
2020 1836 2162 1875 profecto

298 1886 348 1914 uir
369 1891 458 1923 atquc
479 1886 626 1924 diligens,
657 1896 711 1915 cur
731 1886 915 1915 sententiam
934 1887 1017 1916 serre
1037 1883 1173 1924 apertius
1194 1883 1347 1919 noluerit,
1374 1894 1437 1913 non
1458 1885 1599 1924 dispicio.
1637 1885 1860 1923 Argumentum
1887 1883 1978 1912 etiam
2006 1883 2044 1912 de
2071 1893 2164 1912 num-

298 1934 366 1969 mis,
387 1944 445 1971 quo
467 1933 611 1972 deceptus
632 1939 678 1963 est
693 1933 874 1963 Chishullus
892 1945 923 1973 p.
944 1936 1008 1963 203.
1028 1939 1058 1962 et
1077 1933 1144 1972 ipse
1162 1931 1194 1959 in
1214 1931 1386 1960 refellendo
1404 1934 1539 1970 Masson,
1559 1943 1614 1961 cur
1629 1942 1692 1960 non
1711 1931 1844 1969 adtigit?
1862 1942 1931 1960 nam
1952 1931 2034 1971 quod
2052 1941 2164 1961 mune·

299 1981 342 2010 ris
364 1985 428 2009 erat
447 1981 511 2015 sui,
545 1982 636 2009 facile
664 1982 864 2012 dissoluisset.
909 1982 1020 2012 Martis
1039 1980 1165 2009 'ultoris
1191 1979 1340 2018 templum
1367 1981 1484 2009 nummi
1511 1980 1679 2010 rotundum
1706 1979 1856 2008 exhibent
1881 1985 1972 2018 atque
1999 1984 2164 2018 monopte-

299 2040 378 2059 rum.
433 2028 526 2065 Quod
558 2039 612 2057 sex
655 2030 814 2059 columnae
849 2031 883 2059 in
915 2030 983 2059 aliis
1016 2027 1266 2067 conspiciuntur,
1311 2027 1344 2056 in
1385 2029 1453 2058 aliis
1486 2034 1646 2068 quattuor,
1685 2027 1745 2056 duo
1780 2027 1874 2056 fuisse
1911 2027 2024 2067 templa
2051 2026 2163 2055 ’credi-
2205 2047 2209 2051 .

300 2083 366 2107 tum
393 2082 447 2105 est.
492 2077 642 2105 Massouis
668 2078 801 2107 ridicula
829 2079 1013 2114 defensiost,
1041 2077 1135 2106 facies
1162 2080 1193 2103 et
1220 2075 1315 2103 latera
1341 2076 1374 2105 in
1401 2087 1435 2105 ea
1462 2077 1557 2115 figura
1583 2077 1684 2104 inesse
1712 2080 1802 2113 atque
1830 2075 1960 2104 differre.
1999 2074 2078 2111 Quis
2098 2084 2162 2103 non

301 2125 402 2160 uidet,
429 2124 530 2152 medio
557 2125 701 2163 ampliato
729 2126 969 2155 intercolumnio
995 2125 1127 2164 spatium
1153 2123 1264 2152 artifici
1286 2123 1441 2153 defuisse?
1467 2124 1535 2163 quis
1562 2135 1601 2153 ex
1625 2123 1687 2151 illis
1707 2133 1902 2152 nummorum
1921 2122 2069 2160 angustiis
2087 2131 2164 2151 uera

303 2173 442 2202 aedificia
461 2171 628 2200 metiatur?
655 2173 823 2210 specimina
847 2179 934 2210 sunt,
961 2173 999 2201 ad
1024 2171 1167 2200 amussim
1194 2172 1283 2200 nihil.
1322 2172 1410 2201 Duae
1435 2172 1529 2210 igitur
1555 2171 1708 2199 detractae
1734 2170 1859 2199 omnino
1887 2171 2046 2199 columnae
2073 2174 2161 2207 sunt;

304 2230 431 2259 quarum
452 2219 476 2247 si
496 2224 581 2248 recta
600 2219 755 2249 institutio
775 2222 844 2257 suit,
864 2232 919 2250 sex
938 2230 1084 2260 apparere
1105 2221 1245 2259 oportuit
1264 2220 1297 2248 in
1316 2220 1501 2259 hemicyclo,
1521 2218 1710 2256 totidemque
1725 2218 1758 2246 in
1774 2229 1880 2248 auerso
1900 2218 2009 2254 fuisse,
2028 2223 2063 2246 ut
2083 2217 2162 2246 duo-

304 2268 404 2296 decim
423 2267 456 2295 in
477 2267 610 2296 circuitu
630 2274 873 2297 numerarentur.
901 2267 1058 2307 Suspicari
1075 2268 1165 2297 etiam
1181 2269 1263 2305 licet,
1284 2269 1361 2298 cella
1376 2268 1533 2306 templum,
1554 2267 1611 2295 etsi
1629 2276 1691 2294 non
1711 2273 1847 2306 apparet,
1866 2266 2001 2295 minume
2019 2265 2161 2294 caruisse.

305 2316 391 2353 Quid
409 2315 520 2354 plura?
540 2326 636 2343 uuum
655 2316 750 2344 fuisse
769 2316 840 2343 satis
859 2316 976 2344 indicat
994 2317 1150 2354 Augustus
1179 2317 1244 2356 ipse
1264 2317 1297 2346 in
1317 2317 1391 2346 actis
1410 2315 1473 2343 illis
1501 2315 1563 2343 suis
1582 2325 1613 2354 p.
1636 2315 1694 2346 175.
1716 2315 1786 2350 176..
1813 2315 1876 2343 Iam
1895 2314 1921 2343 si
1946 2313 2028 2342 hunc
2048 2312 2163 2343 Maria-

305 2374 378 2391 num
398 2363 431 2391 in
452 2373 556 2402 campo
576 2363 702 2391 titulum
723 2364 758 2391 ab
776 2364 914 2401 Augusto
933 2365 1107 2403 profectum
1123 2365 1266 2402 dicamus,
1285 2370 1444 2403 antequam
1459 2363 1560 2392 forum
1576 2362 1751 2391 aedificaret
1771 2363 1921 2402 nouisque
1940 2361 2048 2391 statuis
2068 2369 2161 2389 exor-

306 2416 408 2446 naret,
427 2411 527 2439 inanis
547 2411 723 2439 coniectura
742 2421 804 2439 non
825 2412 893 2440 erit.
