2264 2746
268 80 415 110 XLVIII
942 75 1475 106 PROLEGOMENA.

270 157 438 196 scriptura,
466 157 546 184 uotis
566 154 763 191 omnibusque
781 151 937 185 lacrimis,
966 150 1059 186 alter,
1087 161 1155 179 cum
1179 151 1277 189 glossa
1297 161 1389 189 super
1417 151 1558 181 omnibus
1585 158 1663 181 esset
1690 154 1808 191 posita,
1835 154 1976 193 scripsit,
2002 154 2033 183 id
2061 155 2143 193 quod

270 204 411 242 procliue
439 209 520 238 crat,
547 203 685 231 omnibus
713 199 925 235 lacrimisque,
953 199 1035 226 unde
1056 199 1184 227 formata
1206 199 1397 227 ‘Ei-suriensis
1425 200 1499 228 libri
1527 201 1635 235 lectio,
1665 204 1746 229 uotis
1766 201 1904 229 omnibns
1924 203 2143 241 lacrimisque;

272 256 377 280 contra
399 252 450 289 qui
471 252 598 289 glossam
620 254 688 276 aute
716 249 795 275 uotis
823 246 1055 281 conlocauerat,
1083 247 1108 274 is
1129 247 1317 281 necessario,
1352 257 1419 275 cum
1440 249 1535 276 uerba
1556 249 1694 276 lam-imis
1721 251 1800 276 nolis
1828 249 2025 287 omnibusque
2051 260 2142 279 seusu

272 310 376 327 carcre
396 299 668 329 animaduerteret,
700 306 756 332 que
776 294 915 331 copulam
938 306 1061 323 mouere
1090 296 1159 323 loco
1187 305 1241 322 suo
1271 295 1416 330 debebat,
1447 301 1477 323 et
1505 296 1640 323 scribere
1666 297 1804 324 lacrimis
1830 299 1969 334 uotisque
1995 298 2143 331 omnibus,

273 357 348 385 quae
369 347 562 375 consentiens
582 344 714 372 familiae
735 342 844 370 tertiae
865 343 1006 370 codicum
1028 343 1218 381 scripturast.
1257 343 1300 370 At
1321 343 1438 370 obiciat
1459 343 1535 381 quis,
1556 353 1617 370 non
1640 344 1817 371 uerosimile
1839 355 1913 379 esse,
1934 350 1967 372 ut
1988 345 2142 384 interpres

272 405 379 422 11000111
401 395 482 422 illam
503 390 771 430 supcrscripscrit,
802 401 858 428 qua
879 391 999 419 nullum
1021 402 1143 426 corum,
1179 401 1254 429 quae
1276 402 1292 418 a
1313 391 1420 418 Tullio
1442 390 1542 428 posita
1563 392 1656 419 uerba
1677 392 1753 427 sint,
1781 393 1975 430 explanetur.
2015 393 2057 421 Et
2076 394 2143 432 ipse

272 443 421 471 iudicium
442 451 540 468 mcum
562 438 756 467 temerarium
779 438 929 473 dicerem,
967 439 990 466 si
1021 439 1052 466 in
1081 439 1204 475 codice,
1234 439 1265 467 in
1294 449 1353 477 quo
1374 438 1507 476 primum
1529 439 1628 476 posita
1647 440 1741 467 fuisse
1762 441 1859 477 glossa
1880 441 1933 468 illa
1954 441 2142 478 censendast‚

273 502 345 519 ucra
375 490 526 527 scriptura
552 489 631 515 notis
659 486 869 523 ominibusque
897 487 1061 515 extitisset.
1102 487 1219 515 Uerum
1248 497 1314 514 cum
1342 486 1374 513 111
1401 486 1526 523 antiquo
1556 486 1610 514 illo
1639 488 1807 525 exemplari
1836 491 1916 516 nolis
1943 489 2142 527 omnibusque

273 540 420 576 scriptum
441 537 533 564 fuisse
555 535 767 563 certissnmum
788 534 838 568 sit,
860 544 947 562 nemo
969 545 1030 562 non
1051 535 1151 569 uidet,
1174 534 1336 572 interpreti
1359 544 1492 561 mancam
1515 534 1656 562 debuisse
1678 536 1849 564 orationem
1870 536 1987 571 uideri,
2010 536 2142 574 ideoque

273 585 395 623 aliquod
416 585 560 618 uerbum,
590 583 670 621 quod
691 582 727 609 ad
748 582 945 619 omnibusque
969 583 1156 620 pertineret,
1185 582 1355 609 addendum
1377 592 1441 609 esse
1463 581 1571 610 uisum.
1611 583 1694 617 Quid
1722 588 1821 611 antem
1850 585 1944 621 magis
1965 590 2087 623 poterat
2108 585 2139 613 in

273 638 403 662 mentem
424 632 547 667 uenire,
575 642 662 669 quam
684 630 731 665 id,
759 630 841 668 quod
863 630 1002 658 Tullium
1023 631 1055 658 iu
1077 630 1131 657 hac
1153 632 1218 668 ipsa
1238 630 1377 658 oratione
1406 627 1432 668 §.
1456 630 1498 664 73.
1528 640 1687 668 usurpasse
1708 631 1847 667 uiderat,
1875 633 2043 661 dicentem:
2072 644 2142 661 cnm

273 693 317 709 me
337 696 373 701 —
393 691 453 707 non
473 681 621 708 lacrumis
642 680 738 706 solum
759 681 838 714 mis,
873 684 916 705 set
937 694 974 698 —
990 684 1171 714 prosecutus
1192 678 1294 706 esse-v?
1328 678 1433 715 Itaque
1462 677 1623 713 genuinam
1653 688 1707 715 ego
1736 678 1812 707 hane
1839 681 2022 719 scripturam
2050 681 2142 709 credo

272 738 350 756 esse:
372 728 455 766 quod
472 738 540 755 eum
560 729 748 765 linquentem
768 732 884 754 terram
906 736 987 756 eam,
1010 736 1102 763 quam
1123 731 1284 758 seruarat,
1306 727 1384 753 uotis
1406 725 1617 761 ominibusque
1634 729 1791 761 prosa-ull
1811 734 1892 757 sunt,

346 777 408 805 Hic
429 786 499 803 euni
526 776 616 803 ctiam
638 779 768 802 tractare
796 773 898 801 locum
924 774 1043 812 placet,
1072 784 1161 811 quem
1189 783 1250 800 uno
1272 772 1350 800 uitio
1372 772 1432 800 iam
1452 782 1544 810 supra
1565 771 1636 800 Lib.
1658 772 1681 800 I.
1711 773 1745 802 C.
1767 774 1822 802 III.
1843 773 1869 814 §.
1889 778 1914 805 8.
1935 775 2142 804 liberauimus.

271 824 427 852 Sci-ibitur
446 824 536 860 uolgo
559 823 590 850 C.
612 822 736 849 XVIII.
757 820 784 860 §.
805 821 866 848 dish:

344 883 454 920 iWeque
474 892 526 919 ego
547 891 629 908 nunc
649 881 810 908 consilium
829 878 1017 917 reprehendo
1038 884 1146 914 tuum,
1168 879 1250 917 qnod
1268 888 1340 906 non
1363 887 1415 905 eas
1435 877 1550 910 trihus,
1571 877 1681 915 quilius
1701 878 1752 907 hic
1772 890 1914 910 maxume
1934 889 2024 911 notus
2043 889 2143 921 erat,

271 931 413 959 edideris.

366 988 489 1016 fidimus
511 997 618 1025 supra,
639 986 814 1024 postulante
835 985 988 1013 scntcntia
1009 990 1038 1012 ct
1059 984 1304 1012 adsentientibus
1327 983 1485 1011 codicibus
1506 984 1701 1013 scribendum
1723 995 1802 1013 csse:
1823 987 1906 1024 quod
1923 998 1975 1015 eas
1995 988 2143 1016 tribus—

271 1048 333 1066 non
361 1037 500 1065 edideris.
540 1035 631 1062 Nune
658 1034 734 1061 aliut
764 1033 853 1061 ctiam
891 1033 941 1060 hic
977 1033 1198 1060 cmcndautlum
1228 1032 1383 1067 uitiumst,
1420 1042 1479 1069 quo
1513 1037 1616 1060 sanato
1645 1033 1737 1070 magis
1767 1034 1857 1062 ctiam
1884 1036 2061 1073 apparebit,
2089 1037 2143 1075 qui

270 1086 384 1114 sactum
405 1084 460 1119 sit,
490 1089 523 1112 ut
545 1094 602 1110 non
632 1081 783 1120 particula
803 1085 872 1108 aute
894 1081 1026 1108 edideris
1047 1081 1252 1108 omitteretur.
1292 1079 1468 1107 Dclcndum
1490 1079 1570 1108 enim
1591 1081 1719 1109 uerbum
1741 1088 1824 1117 erat,
1855 1082 1936 1120 quod
1956 1084 1980 1111 B
2001 1089 2070 1112 ante
2090 1084 2142 1113 Ιιὶο

271 1133 377 1171 ponit,
405 1132 473 1159 fam.
495 1131 604 1158 tertiae
625 1129 761 1163 codices,
792 1129 843 1165 qui
866 1128 1016 1165 uolgatam
1038 1129 1221 1166 scripturam
1242 1132 1385 1162 tuentur,
1413 1137 1476 1154 uuo
1497 1128 1543 1156 La
1564 1134 1694 1167 excepto
1716 1134 1784 1167 post
1805 1136 1895 1157 nolu-s·
1914 1136 2051 1168 ponunt,
2079 1132 2143 1160 Er—

271 1179 420 1209 fui-tensis
440 1184 539 1206 autem
562 1177 686 1204 omittit.
727 1176 788 1203 Iam
810 1175 913 1210 uides,
935 1186 1003 1203 cum
1024 1176 1173 1214 scriptum
1195 1180 1273 1202 esset
1295 1177 1362 1203 ποῖ’
1382 1167 1422 1203 no
1450 1175 1481 1202 id
1502 1180 1546 1202 est
1566 1183 1656 1203 nolus
1677 1187 1754 1211 non,
1783 1178 1938 1205 facillume
1958 1179 2142 1217 particulam

271 1228 443 1265 negatiuam
477 1225 619 1253 excidere
653 1224 797 1262 potuisse.
838 1223 894 1250 Est
921 1228 1021 1250 autem
1048 1223 1176 1250 uerbum
1206 1229 1272 1250 erat
1305 1233 1368 1250 non
1395 1228 1560 1261 propterea
1587 1223 1685 1251 solum
1713 1235 1769 1262 pro
1799 1225 1932 1253 insititio
1959 1226 2142 1263 habendum,

273 1276 354 1315 quod
381 1276 413 1303 in
434 1275 459 1302 E
482 1285 543 1301 nou
572 1277 671 1307 extat,
706 1277 751 1299 set
780 1271 861 1309 quod
892 1271 923 1298 111
944 1271 968 1298 Β
990 1276 1020 1298 et
1047 1271 1115 1298 fam.
1143 1270 1252 1298 tertiae
1273 1270 1432 1298 codicibus
1458 1280 1521 1298 nou
1542 1271 1672 1299 eundem
1693 1272 1796 1302 locum
1816 1279 1954 1313 occupat.
1994 1275 2141 1304 Ceterum

273 1336 335 1353 uon
356 1330 422 1353 erat
443 1321 487 1350 ibi
508 1319 729 1359 supplendum,
748 1324 783 1347 ut
802 1319 902 1347 uisum
922 1318 1104 1356 interpreti,
1125 1323 1171 1346 set
1191 1324 1243 1346 est.

1161 1413 1188 1455 §-
1209 1420 1254 1447 12.

347 1481 420 1510 Non
446 1480 547 1509 minus
575 1478 679 1518 spuria
704 1489 770 1507 mea
798 1477 948 1506 sententia
969 1476 1132 1506 iudicanda
1153 1487 1187 1504 ea
1213 1475 1307 1504 uerba
1327 1480 1416 1511 suut,
1452 1486 1526 1515 quae
1547 1476 1579 1505 in
1600 1478 1624 1505 B
1646 1482 1675 1506 ct
1695 1477 1721 1505 E
1744 1478 1865 1516 quidem
1886 1477 2010 1506 candem
2031 1478 2143 1515 sedem,

276 1541 382 1559 uerum
411 1529 499 1557 aliam
527 1538 652 1565 eamque
679 1537 783 1564 uagam
812 1527 844 1554 in
874 1526 1006 1554 familiae
1028 1526 1136 1554 tertiae
1158 1524 1316 1552 codicibus
1338 1523 1458 1552 habeut.
1497 1526 1660 1553 Pei-tinent
1679 1525 1739 1554 hue
1759 1531 1822 1554 tres
1842 1526 1920 1561 loci,
1951 1526 1983 1554 in
2012 1537 2143 1564 quorum

275 1579 393 1606 duobus
412 1586 474 1603 non
496 1575 630 1602 dubitari
652 1584 738 1612 posse
758 1579 850 1612 puto,
881 1575 953 1611 quin
975 1575 1011 1601 ab
1032 1574 1204 1610 interprete
1225 1572 1365 1610 prosecta
1385 1572 1479 1600 uerba
1499 1573 1575 1608 sint,
1614 1584 1689 1611 quae
1717 1574 1801 1601 uarie
1830 1574 1861 1602 in
1888 1574 2047 1602 codicibus
2067 1585 2142 1603 cou-

274 1626 373 1654 locata
391 1623 600 1662 reperiuntur.
640 1622 756 1649 Eorum
777 1622 854 1649 alter
875 1622 908 1649 C.
930 1621 1108 1649 XXXVII.
1129 1618 1154 1658 §.
1176 1629 1220 1657 91.
1242 1624 1325 1647 extat
1347 1625 1376 1647 et
1396 1620 1487 1658 uolgo
1509 1622 1552 1649 sic
1573 1622 1738 1650 scribitur:

348 1683 434 1710 ,Nam
462 1681 544 1719 quod
569 1686 597 1708 te
624 1682 657 1708 in
677 1691 709 1708 re
723 1681 852 1717 publica
872 1679 1001 1708 liberum
1029 1688 1113 1706 esse
1135 1679 1294 1716 gloriatus
1321 1689 1368 1713 es,
1396 1679 1431 1706 id
1449 1690 1504 1717 ego
1525 1686 1553 1708 et
1573 1681 1685 1719 fateor
1704 1688 1733 1709 et
1753 1682 1851 1709 laetor
1871 1686 1899 1708 et
1919 1679 1976 1708 tihi
1995 1681 2088 1708 etiam
2108 1681 2143 1709 in

275 1731 330 1758 Ῐιοι·
346 1731 500 1768 gratulor.

350 1777 405 1805 Est
433 1777 507 1804 hacc
534 1780 634 1804 autem
662 1775 924 1814 paucissumorum
952 1774 1020 1802 fam.
1049 1773 1159 1801 tertiae
1187 1773 1328 1801 codicum
1355 1774 1522 1813 scriptura,
1549 1774 1581 1802 in
1611 1786 1667 1813 qua
1695 1775 1752 1803 etsi
1773 1774 1852 1803 nihil
1873 1779 1918 1802 est
1937 1773 2013 1809 niti,
2040 1779 2143 1804 tamen

275 1825 436 1853 admodum
457 1834 561 1862 aspere
589 1823 625 1850 ad
652 1824 733 1851 auris
762 1823 856 1850 uerba
884 1822 1013 1849 liberum
1041 1832 1102 1849 esse
1125 1822 1281 1859 gloriatus
1302 1833 1332 1850 es
1353 1823 1473 1851 eadunt.
1513 1823 1631 1851 Uerum
1653 1824 1748 1851 multo
1769 1822 1861 1859 magis
1884 1827 2048 1859 propterca
2067 1822 2142 1851 haec

276 1873 428 1910 scriptura
448 1871 653 1909 inprobanda,
675 1871 753 1909 quod
777 1871 894 1908 optumi
916 1869 1111 1907 plui-uinique
1132 1869 1270 1905 codices,
1299 1881 1428 1908 quorum
1450 1872 1539 1909 longe
1560 1871 1656 1899 maior
1676 1871 1840 1899 auctoritas
1861 1874 1922 1904 est,
1950 1869 2040 1897 aliter
2061 1869 2143 1898 Tul-

276 1922 352 1949 lium
373 1920 531 1957 scripsisse
552 1925 711 1947 testantur.
752 1919 798 1946 Ac
819 1918 951 1955 primum
973 1918 1095 1955 quidem
1117 1929 1146 1946 es
1166 1929 1227 1946 non
1248 1924 1334 1956 post,
1371 1924 1416 1947 set
1437 1924 1507 1947 autc
1533 1921 1689 1956 gloriatus
1715 1929 1730 1946 a
1752 1917 1859 1946 Tullio
1886 1916 2021 1955 positum
2048 1917 2143 1946 fuisse

276 1974 311 1996 ut
331 1968 504 2001 credamus,
533 1977 594 1994 non
616 1968 713 1994 solum
733 1965 874 1994 Bauarici
895 1970 924 1992 ct
945 1966 1135 1993 Ersurtcnsis
1156 1966 1355 2001 auctoritate,
1382 1977 1457 2004 qnae
1485 1967 1548 1995 sola
1568 1968 1735 2001 sufficeret,
1761 1975 1868 1993 uerum
1890 1965 1980 1992 etiam
2000 1966 2067 2001 Lb,
2086 1965 2142 2002 Pb,

276 2017 318 2045 Pe
339 2014 532 2049 testimonio,
562 2025 630 2042 cum
658 2014 789 2052 optumis
810 2013 873 2040 illis
894 2024 923 2040 es
939 2015 1095 2050 gloriatus
1116 2014 1334 2049 scribentium,
1364 2015 1413 2042 uel
1435 2015 1528 2042 inuiti
1549 2014 1736 2052 inpellimur.
1776 2012 1933 2040 Continuo
1954 2017 2053 2050 patet,
2081 2024 2142 2042 esse

276 2074 338 2091 non
359 2073 448 2101 posse
468 2067 538 2100 post
557 2062 686 2090 liberum
707 2061 808 2088 locum
828 2059 948 2087 habere.
988 2061 1200 2100 Probaturque
1221 2062 1295 2090 haee
1316 2072 1437 2100 quoque
1457 2062 1610 2090 sententia
1628 2062 1841 2100 plurumorum
1862 2070 2029 2098 eorumque
2049 2066 2143 2099 optu—

276 2122 395 2140 Jnorum
423 2110 563 2138 codicum
590 2109 780 2137 auctoritate.
820 2108 899 2135 Nam
928 2109 950 2136 B
979 2114 1008 2136 et
1035 2109 1061 2137 E
1089 2110 1217 2137 uerbum
1239 2121 1301 2138 esse
1320 2116 1391 2148 post
1412 2117 1440 2138 te
1460 2114 1596 2149 ponunt,
1626 2113 1731 2136 contra
1752 2110 1819 2143 Mc,
1839 2108 1901 2143 La,
1922 2108 1987 2143 Lb,
2009 2109 2065 2143 Pa,
2085 2108 2141 2144 Pb,

277 2160 335 2193 Pc,
356 2158 396 2194 C,
418 2158 461 2193 T,
482 2167 515 2193 ς,
536 2162 565 2184 ct
585 2163 604 2192 χ
619 2168 629 2185 1
653 2161 721 2184 ante
743 2163 771 2184 te
791 2156 920 2189 habent,
942 2156 983 2184 ita
1004 2162 1104 2185 tamen
1124 2163 1158 2185 ut
1180 2158 1217 2193 T,
1238 2165 1264 2193 ς’,
1286 2163 1316 2186 ct
1336 2166 1355 2195 χ
1370 2169 1380 2187 1
1404 2158 1493 2185 etiam
1514 2162 1584 2195 post
1603 2156 1734 2185 liberum
1755 2157 1855 2184 denuo
1876 2160 2001 2194 ponant.
2039 2155 2142 2184 Miror

277 2212 378 2235 autem
399 2205 600 2233 Garatonium
622 2205 747 2232 illorum
767 2205 898 2242 probare
919 2205 1100 2243 scripturam
1121 2206 1261 2233 codicum
1282 2205 1428 2243 potuisse,
1450 2205 1480 2232 111
1502 2204 1612 2242 quibus
1633 2202 1683 2230 hic
1704 2209 1749 2231 est
1769 2204 1935 2232 uerborum
1956 2203 2047 2231 ordo:
2068 2214 2142 2232 nam

278 2254 361 2293 quod
378 2264 440 2282 esse
460 2259 488 2281 te
509 2255 542 2281 in
562 2265 594 2281 re
609 2264 642 2290 p.
664 2252 793 2280 llberum
815 2257 881 2279 etc..
920 2253 990 2280 Non
1012 2259 1113 2292 potest
1134 2254 1214 2281 cuim
1236 2254 1365 2281 uerbum
1386 2263 1447 2281 esse
1468 2253 1499 2280 in
1520 2251 1611 2279 initio
1632 2251 1761 2278 membri
1782 2251 1951 2289 cuiuspiam
1972 2251 2061 2289 poni,
2082 2251 2142 2280 nisi

278 2303 302 2330 si
324 2312 392 2329 cum
411 2301 444 2329 111
465 2302 591 2338 quadam
612 2299 912 2339 prouuntianduuist.
952 2302 1019 2337 Qua
1040 2302 1071 2330 ui
1093 2312 1160 2329 cum
1182 2301 1233 2328 hic
1261 2305 1376 2335 careat,
1411 2305 1493 2327 certe
1513 2303 1583 2337 post
1603 2304 1650 2330 te,
1679 2298 1732 2325 ubi
1753 2298 1785 2326 in
1806 2300 1830 2327 B
1851 2304 1881 2326 et
1900 2299 1926 2326 E
1949 2299 2141 2328 conlocatum

277 2349 449 2388 reperitur,
476 2348 551 2385 poni
573 2348 710 2375 debebat.
750 2348 847 2385 Atqui
869 2358 936 2375 cum
958 2354 1016 2377 tam
1038 2360 1110 2387 uaga
1132 2350 1196 2377 eius
1217 2349 1303 2377 sedes
1325 2348 1356 2375 in
1378 2347 1535 2374 codicibus
1555 2346 1612 2380 sit,
1647 2346 1892 2384 interpretcsque
1913 2345 1993 2373 nihil
2021 2347 2140 2385 saepius

277 2397 424 2425 adiecisse
444 2406 532 2434 quam
552 2396 680 2423 uerbum
701 2396 772 2424 illut
791 2401 926 2431 constet,
954 2397 1226 2434 persuasissumum
1254 2395 1331 2424 mihi
1352 2394 1466 2429 habeo,
1504 2393 1665 2432 genuinam
1688 2393 1774 2422 Tulli
1793 2404 1914 2422 manum
1933 2393 2011 2421 haue
2030 2394 2141 2422 fuisse:
