2264 2746
250 98 304 124 210
893 80 1468 110 COMMENTARIUS.

250 163 475 211 prehensione
497 159 644 192 defensio
667 156 792 187 Planci.
837 156 886 188 At
909 155 1109 187 Ciceronem
1131 154 1173 186 ob
1197 153 1233 185 id
1258 153 1370 196 ipsum
1393 154 1637 197 reprehensum
1660 155 1867 198 omninoque
1888 156 2119 200 uituperatum

253 214 341 257 esse,
366 214 457 259 quod
479 225 518 245 eo
542 219 709 252 tempore,
734 220 800 250 quo
822 207 1016 240 Laterensis
1038 206 1216 238 Plancium
1239 207 1437 247 aecussauit,
1460 207 1606 239 nimium
1625 208 1752 240 multos
1775 208 1977 250 defenderet,
2000 211 2120 243 docent

253 271 375 310 uerba,
403 279 486 310 quae
507 269 681 302 secuntur,
716 261 908 293 Ciceronis:
941 261 1077 293 utinam
1098 265 1131 292 et
1155 265 1213 298 ta,
1245 260 1306 303 qui
1325 266 1440 304 potes,
1469 267 1503 294 et
1526 267 1605 293 etc..
1649 261 1690 293 In
1713 261 1834 303 quibus
1857 262 2042 293 necessario
2061 263 2122 295 Ci-

255 335 332 355 cero
356 328 389 355 et
412 327 466 357 tn,
489 318 548 361 qai
568 315 717 360 potuisti
739 322 799 346 etc.
823 314 980 353 dixisset,
1007 313 1050 353 si,
1076 313 1169 356 quod
1190 312 1301 344 adhuc
1319 313 1464 345 nimium
1486 314 1610 345 multos
1634 312 1917 354 defendisset,vab
1940 315 2123 347 Laterense

256 381 342 408 esset
363 371 596 415 reprehensus.
641 367 832 399 Laterensis
857 367 959 409 igitur
982 366 1088 398 oratio
1116 366 1189 408 ipsa
1210 365 1283 397 sine
1305 365 1406 398 dubio
1438 367 1520 398 haec
1544 366 1616 398 fere
1637 366 1719 399 suit:
1755 366 2055 410 reprehendendus
2077 378 2123 407 es,

254 428 304 460 M.
329 425 439 463 Tulli,
478 421 570 463 quod
593 420 737 451 nimium
760 420 884 451 multos
908 418 1068 451 defendis.
1113 419 1200 451 Eam
1222 418 1366 450 reddens
1395 419 1511 452 Cicero
1536 431 1606 451 non
1630 426 1765 462 poterat
1785 420 1884 451 aliter
1904 419 2000 461 loqui
2024 431 2122 462 quam

255 480 318 512 sic:
354 488 434 509 nam
456 475 547 519 quod
567 491 610 497 -
631 486 684 506 me
706 473 974 517 reprehendisti,
1006 473 1098 517 quod
1118 473 1266 504 nimiam
1288 472 1414 504 multos
1436 472 1666 516 defenderem.
1713 474 1872 506 Ceterum
1894 484 2013 505 reuera
2034 473 2126 504 mul-

255 539 306 564 tos
337 536 410 561 tum
445 526 631 558 defendisse
659 537 734 558 reos
765 526 984 565 Ciceronem,
1022 536 1065 556 ex
1092 525 1198 568 ipsius
1228 525 1317 569 Epp.
1345 525 1385 556 ad
1416 525 1459 568 Q.
1482 525 1526 558 fr.
1552 527 1602 567 II,
1635 527 1683 558 16.
1716 525 1787 565 ΙΙΙ,
1817 525 1847 557 5.
1886 530 1947 556 etc.
1979 536 2126 568 conper-

256 590 328 615 tum
351 581 525 612 habemus.

339 634 398 666 Set
412 632 465 676 fit
488 638 609 665 nostra
634 631 834 675 dlligentia)
878 631 996 663 Nimia
1021 631 1192 663 anxietate
1215 631 1272 662 uel
1299 636 1409 670 metu,
1448 641 1492 662 ne
1524 642 1625 673 quem
1655 630 1900 663 defendendum
1929 630 2128 673 suscipiatis,

257 687 350 719 cuius
379 685 572 718 innocentia
596 696 665 716 non
692 696 852 715 maxume
875 685 1052 727 perspicua
1073 685 1116 716 sit
1146 684 1389 726 facillumoque
1418 684 1555 725 negotio
1580 683 1804 716 demonstrari
1825 683 1941 726 possit.
1985 683 2130 726 Egregia

256 746 326 771 arte
349 740 413 770 hoc
437 739 511 770 loco
539 738 657 769 Cicero
681 737 731 777 id,
760 737 848 779 quod
870 737 1188 781 reprehendendum
1211 737 1321 776 ducit,
1346 748 1423 768 cum
1446 736 1543 768 laude
1567 737 1708 779 quadam
1731 736 1854 774 ecfert,
1880 747 2020 779 eosque,
2045 748 2129 778 quos

256 792 458 824 difficiliores
483 802 611 821 caussas
634 802 711 821 cum
733 797 873 834 propter
895 790 977 822 iuris
1001 790 1226 833 ignorantiam
1249 795 1322 820 tum
1345 796 1484 833 propter
1506 790 1629 821 laboris
1653 789 1845 822 molestiam
1870 800 1940 819 non
1961 789 2132 831 suscipere

257 851 373 882 norat,
398 843 590 885 diligentiae
613 843 751 874 nomine
775 843 899 874 laudat.

343 897 414 936 Qui
438 897 473 928 in
497 896 629 928 caussis
645 897 882 939 ponderandis
906 896 1016 928 omnis
1030 894 1113 939 fere
1136 893 1345 940 repudiatis)
1388 895 1471 926 Bau.
1504 896 1552 937 [et
1572 895 1663 937 Ers.]
1695 897 1731 928 in
1753 906 1823 926 non
1845 893 2033 935 adgnoscit,
2064 904 2130 935 quo

260 960 372 981 carere
400 947 551 991 profecto
582 960 772 991 possumus.
806 949 1066 980 GARATONIUS.
1111 949 1157 980 Et
1184 960 1263 980 sane
1291 948 1326 979 in
1346 948 1427 979 Bau.
1452 948 1597 980 lectione
1628 949 1704 992 plus
1727 948 1815 979 inest
1837 947 2056 978 acrimoniae:
2092 958 2131 978 eo

259 1003 351 1045 ipso,
385 1001 476 1042 quod
501 1013 635 1039 ,caussas
659 1013 719 1032 uos
744 999 931 1042 ponderare
956 1000 1067 1031 dicere
1089 1001 1220 1040 soletis,
1258 1007 1438 1043 praetextu
1460 1002 1598 1033 utimini
1621 1002 1730 1032 omnis
1752 999 1963 1043 repudiandi.
2007 999 2132 1030 Idcirco

261 1057 298 1087 in
320 1054 452 1085 uncinis
478 1054 610 1085 inclusi.
636 1054 837 1086 ORELLIL‘S.
884 1054 964 1083 Non
989 1053 1164 1084 adsecutus
1197 1053 1297 1084 huius
1321 1055 1386 1085 loci
1409 1066 1545 1086 sensum
1569 1055 1719 1087 Orellius
1743 1060 1802 1085 est.
1849 1054 1938 1085 Nam
1961 1051 1989 1083 si
2012 1051 2134 1083 omissa

260 1106 509 1150 praepositione
533 1107 664 1138 caussis
680 1106 918 1148 ponderandis
941 1116 1002 1147 pro
1025 1106 1190 1145 ablatiuo‚
1228 1112 1266 1137 ut
1287 1105 1367 1138 fecit
1392 1108 1560 1146 Orellius,
1599 1106 1814 1139 instrumenti
1839 1105 2019 1144 habemus,
2054 1116 2134 1136 sen-

261 1160 367 1191 tentia
388 1159 571 1190 uerborum
593 1171 661 1189 11011
684 1164 795 1199 potest
817 1157 882 1188 alia
906 1169 976 1188 esse
999 1169 1100 1197 quam
1122 1159 1221 1190 haec:
1256 1172 1311 1198 eo,
1345 1160 1436 1203 qnod
1457 1172 1596 1192 caussas
1615 1161 1820 1203 ponderatis
1842 1159 1914 1190 siue
1931 1163 2131 1201 propterea,

263 1213 355 1256 qnod
376 1224 515 1243 caussas
532 1210 749 1254 ponderatis.
794 1210 844 1241 Ita
866 1216 980 1242 autem
1005 1211 1124 1242 Cicero
1148 1212 1410 1254 reprehenderet
1431 1212 1526 1251 illos,
1558 1213 1646 1254 quod
1669 1224 1797 1244 caussas
1820 1212 2064 1255 ponder-arent,
2095 1210 2132 1241 in

263 1275 367 1305 eaque
397 1274 431 1294 se
460 1274 529 1293 esse
557 1263 721 1293 sententia
750 1263 954 1301 ostenderet,
990 1263 1026 1293 in
1058 1275 1123 1305 qua
1146 1275 1216 1295 esse
1242 1275 1311 1294 non
1333 1264 1462 1305 potuit,
1500 1270 1538 1294 ut
1559 1276 1628 1295 non
1652 1276 1722 1295 esse
1744 1263 1975 1306 ponderandas
2004 1275 2133 1295 caussas

262 1322 405 1360 putaret.
450 1316 559 1346 Immo
589 1321 768 1356 certumst,
806 1317 871 1348 hoc
901 1327 980 1346 eum
1003 1322 1036 1346 et
1057 1316 1205 1348 uoluisse
1228 1322 1260 1347 et
1283 1315 1435 1346 debuisse
1458 1316 1584 1347 dicere:
1615 1316 1668 1360 fit
1691 1322 1811 1349 nostra
1834 1317 2039 1359 diligentia,
2063 1318 2135 1360 qui,

264 1382 342 1403 cum
364 1380 503 1400 caussas
521 1369 726 1412 ponderatis
752 1375 785 1400 et
814 1369 1055 1413 difficultatem
1078 1382 1198 1402 earum
1221 1369 1438 1413 agendarum
1455 1370 1676 1413 perspicitis,
1712 1370 1820 1402 omnis·
1843 1369 2058 1413 repudiatis,
2095 1375 2135 1401 ut

265 1428 346 1453 etc..
391 1421 465 1452 Hac
494 1427 606 1451 autem
635 1421 800 1452 sententia
822 1422 908 1453 mihi
937 1422 1020 1453 olim
1042 1422 1225 1453 necessaria
1254 1423 1290 1453 in
1317 1422 1523 1465 praepositio
1547 1423 1744 1461 uidebaturg
1782 1421 1843 1453 cfr.
1867 1422 2000 1464 Proleg.
2029 1423 2072 1454 L.
2092 1423 2136 1454 H.

266 1475 303 1506 C.
328 1474 354 1504 I.
386 1474 415 1514 ᾗ.
441 1473 488 1504 5..
532 1475 633 1505 Nunc
665 1480 778 1505 tamen
806 1486 875 1505 non
907 1486 1009 1516 nego,
1049 1475 1195 1506 eundem
1225 1486 1360 1506 sensum
1392 1475 1493 1506 etiam
1522 1476 1643 1507 omissa
1668 1475 1917 1518 praepositione
1947 1475 2047 1507 huius
2069 1476 2136 1507 loci

266 1538 336 1558 esse
358 1537 473 1568 posse3
512 1525 589 1556 uide
613 1538 696 1568 quae
726 1527 768 1558 ad
792 1528 829 1559 C.
853 1528 915 1561 VI.
941 1528 1046 1569 §.15.
1069 1539 1103 1571 p.
1130 1528 1182 1560 30.
1213 1527 1388 1567 adnotaui3
1424 1534 1464 1559 ut
1485 1528 1552 1559 iam
1581 1540 1650 1559 non
1673 1529 1781 1560 ausim
1806 1540 1879 1560 eam
1906 1540 1926 1560 a
1945 1529 1995 1561 M.
2018 1529 2136 1561 Tullio

269 1580 430 1611 adiectam
455 1589 523 1608 esse
547 1580 755 1612 contendere.

352 1633 381 1673 ξ.
407 1632 457 1663 85.
503 1632 740 1676 Adnzonnisti)
786 1632 870 1664 Cod.
893 1632 996 1665 Amb.
1026 1632 1311 1676 Admonefecisti.
1377 1632 1657 1676 „Admonefacio
1687 1633 1775 1666 inter
1797 1635 1936 1666 barbara
1964 1635 2138 1667 dumtaxat

270 1685 369 1716 habet
395 1684 625 1723 Forcellinu53
669 1692 719 1717 set
743 1685 826 1716 oriri
856 1692 990 1729 poterat
1015 1697 1058 1717 ex
1082 1686 1378 1730 conmonefecisti,
1411 1686 1499 1728 quod
1521 1698 1590 1717 non
1622 1687 1767 1718 deterius
1790 1686 1912 1718 foret.‘⁴
1936 1688 2136 1720 ORELLIUS.

271 1736 494 1780 lnprobabilis
518 1737 601 1768 haec
621 1738 853 1770 coniecturast.
897 1739 974 1771 Nisi
1002 1739 1241 1783 admonefacio
1266 1739 1438 1772 Ciceronis
1465 1745 1619 1782 tempore
1641 1746 1841 1783 usurpatum
1863 1752 1933 1772 csse
1955 1740 2021 1772 alio
2043 1739 2138 1772 testi-

272 1790 386 1821 monio
414 1789 651 1830 confirmatur,
673 1791 863 1831 retinenda,
889 1792 1026 1835 opinor,
1051 1793 1218 1834 scriptura
1240 1793 1374 1834 uolgata
1397 1793 1469 1824 erit.

356 1843 582 1875 Adnzonuisti
607 1845 723 1883 etiam,
748 1845 838 1887 qnod
859 1845 894 1876 in
911 1845 1012 1877 Creta
1025 1845 1173 1889 fnisseS,
1196 1845 1328 1878 dictam
1350 1847 1495 1891 aliquod
1516 1846 1551 1877 in
1560 1846 1765 1890 petitionem
1780 1851 1877 1878 taam
1891 1846 2137 1890 dicipotuisse)

273 1895 337 1927 Ad
381 1895 659 1928 scolasticam
700 1897 929 1930 leuitatem
971 1904 1009 1930 et
1049 1898 1170 1940 quasi
1204 1898 1415 1931 mimicam
1446 1905 1612 1942 spectat
1647 1899 1682 1943 ²)
1725 1899 1975 1931 huiusmodi
2008 1899 2137 1930 locus.

275 1947 323 1978 M.
348 1947 543 1978 Tullium
577 1948 804 1981 uidebatur
842 1950 1063 1982 denotasse
1094 1951 1358 1992 Laterensis,
1397 1952 1511 1994 quod
1540 1953 1677 1985 multa
1709 1964 1813 1995 quae
1844 1951 2023 1983 facetius
2053 1951 2138 1982 dici

277 2005 455 2039 possent
489 2011 577 2031 cum
605 2002 752 2044 aliqua
782 2001 1013 2045 figurandi
1042 2005 1302 2047 suptilitate
1331 2017 1415 2036 11011
1447 2007 1835 2049 praetermitteret.
1878 2006 2031 2045 Itaque
2061 2004 2139 2035 hoc

280 2060 370 2081 eum
408 2051 519 2084 dicto
560 2055 902 2096 perstrinxerat,
947 2056 1147 2088 habuisse
1188 2058 1407 2089 materiam
1442 2059 1489 2090 de
1527 2060 1743 2091 uocabulo
1783 2059 1932 2090 Cretae
1971 2057 2140 2088 insulae

279 2101 439 2142 aliquid
470 2105 511 2136 in
541 2118 581 2137 se
610 2106 863 2139 ioculariter
887 2108 1078 2149 dicendi,
1112 2121 1188 2140 nec
1210 2116 1349 2142 tamen
1372 2111 1415 2142 id
1439 2112 1722 2154 excogitasse.
1764 2110 1998 2142 Constabat
2028 2109 2139 2141 enim

280 2154 565 2190 Laterensem
603 2159 739 2192 fuisse
768 2161 812 2192 in
844 2162 976 2193 Creta
1012 2162 1246 2205 prouincia.
1290 2164 1341 2195 Et
1378 2165 1576 2196 solebant
1611 2174 1753 2195 omnes
1792 2162 2010 2194 candidati
2046 2162 2140 2194 alba

282 2212 400 2236 creta
425 2208 610 2243 obliniri
643 2214 873 2255 ceruicem,
906 2222 952 2247 ut
976 2216 1136 2258 populo
1162 2216 1461 2249 notabiliores
1484 2222 1637 2249 essent.
1680 2216 1791 2258 Ergo
1816 2215 1925 2247 dicit
1953 2226 2045 2246 eum
2074 2214 2140 2246 io-

283 2258 370 2289 cari
396 2262 608 2304 potuisse,
646 2266 680 2297 si
711 2266 865 2299 adhoc
894 2268 1128 2300 adiecisset
1155 2269 1402 2312 ingenium,
1435 2275 1482 2300 ut
1508 2268 1551 2300 id
1577 2269 1806 2301 inueniret
1835 2268 1941 2312 quod
1968 2273 2139 2312 poterat

360 2369 386 2407 1)
425 2370 475 2398 Sic
495 2371 533 2399 A.
551 2372 651 2401 Maius
670 2376 804 2414 scripsit.
844 2378 968 2415 Codex,
989 2380 1152 2407 scolastica
1172 2380 1300 2408 leuitate
1319 2380 1410 2418 quasi
1429 2379 1544 2406 nimiea
1564 2384 1732 2416 spectante.
