2264 2746
279 83 464 114 XXXVIII
947 80 1479 110 PROLEGOMENA.

280 165 310 188 et
329 160 386 188 hoc
405 168 574 198 pronomen
596 169 633 186 cx
656 158 721 196 ipso
737 156 896 186 Ciceronis
918 165 971 183 ore
992 155 1123 190 uenisse,
1145 160 1175 183 et
1194 156 1289 184 uerba
1308 156 1481 184 libertatem
1501 159 1614 195 equilis
1626 159 1771 192 Romani,
1793 156 1818 184 si
1838 162 1987 196 putentur
2007 158 2147 196 genuina,

279 207 483 248 appositionis
504 207 572 234 loco
594 205 769 244 pronomini
789 204 905 231 adiecta
926 203 1037 230 debere
1059 203 1162 230 statui.
1201 203 1267 241 Ego
1289 209 1407 240 tamen,
1429 215 1497 233 cum
1519 205 1672 243 appositio
1694 205 1752 232 ista
1771 205 1912 242 languida
1932 206 1971 234 sit
1991 206 2146 245 ipsorum-

279 266 338 294 que
359 255 498 283 codicum
520 254 671 291 scriptura
692 253 727 280 de
750 251 990 290 interpolatione
1012 255 1151 288 suspecta
1172 251 1327 287 reddatur,
1348 252 1508 290 quoniam,
1530 252 1580 289 qui
1602 252 1657 280 hoc
1680 263 1851 291 pronomen
1872 254 2014 283 excidere
2035 260 2147 293 potue-

278 305 336 339 rit,
357 304 411 331 uix
433 308 533 341 potest
555 300 710 337 intellegi,
738 300 789 327 hic
817 310 938 338 quoque
959 299 1120 336 genuinam
1141 309 1248 327 uocem
1270 300 1368 336 glossa
1396 300 1605 338 superscripta
1626 301 1657 328 in
1678 302 1773 330 altera
1795 302 1934 330 codicmn
1956 302 2070 330 familia
2090 312 2146 329 ex-

278 353 396 391 pulsam
418 361 481 379 esse
502 349 649 387 suspicor.
689 348 715 374 A
738 358 796 385 qua
816 347 991 386 suspicione
1012 357 1073 373 non
1097 357 1221 384 possum
1250 357 1285 374 eo
1307 347 1477 383 deterreri,
1514 348 1597 385 quod
1624 350 1717 377 uerba
1743 350 1915 379 libertatem
1939 361 2004 388 equ.
2027 351 2065 378 R.
2084 359 2148 377 non

279 406 407 439 propter
430 400 526 437 ipsum
549 405 718 434 pronomen
740 395 826 431 illut,
848 396 934 423 cuius
956 395 1131 433 explicandi
1154 405 1259 422 caussa
1279 394 1487 433 superscripta
1507 395 1604 424 fuisse
1625 402 1716 435 puto,
1737 403 1806 425 ante
1828 398 1955 425 uerbum
1976 402 2148 435 queruntur

279 448 312 476 in
333 446 488 475 codicibus
510 445 609 483 posita
629 443 837 481 reperiuntur.
877 443 954 471 Nam
977 443 1089 480 glossas
1111 443 1319 470 interlinearis
1340 452 1429 480 saepe
1449 443 1526 478 alio,
1546 454 1633 481 quam
1655 456 1715 482 quo
1738 446 1906 479 debebant,
1928 445 2038 473 relatas
2059 452 2147 471 rece—

279 500 406 534 ptasque
427 503 506 527 esse,
541 491 655 519 nemini
684 491 862 528 ignotumst.
903 492 1012 529 Neque
1040 491 1236 519 temerarium
1264 490 1397 518 dixerim
1418 501 1506 527 eum,
1543 491 1595 529 qui
1616 492 1696 520 idem
1718 493 1783 521 sere
1805 494 1838 521 C.
1861 494 1916 521 IV.
1937 491 1964 532 §.
1988 502 2029 520 11.
2056 490 2148 519 huius

279 540 425 570 orationis
446 540 558 567 sactum
580 540 734 578 opinetur.
775 539 821 567 Ibi
844 550 925 567 nunc
946 539 1108 567 scribitur:

353 589 406 615 Est
427 590 508 615 enim
527 588 604 615 llaec
625 588 762 615 condicio
781 587 946 616 liberorum
971 589 1171 625 populorum,
1201 587 1430 623 praecipueque
1458 585 1551 613 Ῐιιιὶιιε
1570 588 1723 624 principis
1738 589 1852 625 populi
1871 594 1899 616 el
1921 589 2055 616 omnium
2071 596 2150 623 gen—

279 638 355 663 tium,
375 635 493 662 domini
511 645 547 663 ac
568 637 712 667 uictoris,
734 645 824 672 posse
844 636 1007 674 suff-agiis
1028 637 1080 663 uel
1098 635 1172 662 [lare
1191 635 1242 661 uel
1268 633 1428 661 ‹lrlrahere
1448 634 1531 671 quod
1549 635 1624 661 uelit
1651 637 1780 672 cuique,·
1800 642 1937 663 nostrum
1959 641 2016 663 est
2037 640 2151 668 antem,

278 689 392 712 nostr
402 693 420 709 ιι
431 693 478 715 m,
499 685 552 721 (sai
572 685 604 711 in
625 683 685 710 hae
706 688 882 718 tempestate
899 685 1011 720 populi
1030 686 1181 711 iactemur
1201 692 1237 709 ac
1255 681 1427 718 fluetibus,
1447 681 1537 718 sirre
1558 681 1672 709 modice
1691 685 1801 720 populi
1822 685 1875 711 nol
1896 690 1997 711 ntales
2019 688 2075 710 etc.

350 731 448 758 Recto
470 729 617 764 Orellins,
639 729 670 756 id
690 730 770 767 quod
793 731 850 758 iam
868 731 1054 759 Garatonius
1075 734 1218 763 suaserat,
1240 739 1278 755 cx
1294 729 1317 756 B
1340 734 1370 756 et.
1387 729 1412 756 E
1434 729 1618 757 auctoritate
1638 735 1709 768 post
1729 737 1834 759 autem
1852 731 1979 770 repetiit
1999 736 2148 765 nostrum,

277 778 359 817 quod
378 778 512 807 familiae
533 777 643 805 tertiae
667 778 787 806 codices
817 790 921 807 omnes
949 780 1042 807 semel
1071 783 1189 806 tantum
1219 782 1288 804 ante
1317 783 1359 804 est
1386 775 1510 804 habent.
1550 777 1781 815 Repetitionem
1803 779 1883 806 enim
1904 789 1965 807 non
1987 779 2022 806 ab
2048 778 2147 806 inter-

276 832 363 865 prete
384 826 493 854 factam
514 835 603 863 posse
625 826 759 857 censeri,
790 827 838 854 uel
862 837 967 855 caecus
997 826 1218 855 animaduertat
1238 829 1400 852 necessest.
1439 824 1515 851 lllut
1534 830 1635 852 autem
1657 836 1741 861 cum,
1771 826 1795 853 si
1818 826 1968 863 uolgatam
1988 826 2148 863 genuinam

275 875 459 913 scripturam
481 878 639 911 putamus,
662 873 784 901 difficile
807 874 889 902 dictu
911 876 967 911 sit,
989 875 1141 913 quomodo
1163 880 1318 906 nostrum,
1346 872 1427 910 quod
1447 872 1516 899 sam.
1537 873 1647 900 tertiae
1670 873 1790 901 codices
1812 874 1976 909 omittunt,
2005 873 2148 901 excidere

276 922 430 961 potuerit,
452 920 592 958 equidem
613 920 685 948 haut
707 921 787 956 scio,
815 932 851 949 an
873 923 923 951 hic
945 934 1067 962 quoque
1087 922 1216 951 uerbum
1239 927 1300 952 est,
1330 921 1366 948 ab
1389 920 1560 957 interprete
1580 930 1673 958 super
1694 921 1822 949 alterum
1844 928 1983 949 nostram
2002 921 2148 960 positum,

276 970 309 998 in
330 980 433 998 caussa
453 968 563 1003 fuerit,
597 973 631 996 ut
652 968 687 995 ab
710 979 745 996 eo
767 970 913 1006 librario⁷
947 971 998 1009 qui
1021 970 1157 998 codicem
1179 968 1319 1007 scripsit,
1355 978 1393 995 ex
1415 977 1474 1004 quo
1496 966 1565 995 fam.
1586 969 1697 996 tertiae
1718 968 1791 996 libri
1812 974 1883 996 sunt
1904 969 1980 1003 orti,
2016 969 2147 997 alterum

277 1024 413 1046 nostrum
435 1016 640 1044 omitteretur.
682 1016 815 1045 Tantum
837 1029 911 1046 uero
933 1019 1034 1053 abest,
1069 1023 1102 1045 ut
1123 1018 1252 1045 uerbum
1274 1022 1315 1043 est
1344 1016 1381 1043 ad
1401 1015 1549 1043 orationis
1577 1015 1784 1053 integitatem
1805 1016 2010 1044 necessarium
2030 1016 2086 1052 sit,
2113 1021 2149 1046 ut

276 1076 312 1093 eo
334 1065 445 1093 omisso
466 1063 525 1091 hoc
548 1064 671 1101 grauior
692 1064 837 1093 reddatur
859 1066 966 1100 oratio,
988 1076 1048 1103 quo
1069 1065 1183 1093 maiore
1206 1075 1273 1092 cum
1295 1062 1327 1091 ui
1347 1063 1476 1091 uerbum
1497 1070 1540 1092 est
1560 1064 1619 1092 iam
1640 1065 1672 1092 in
1693 1064 1785 1092 initio
1806 1064 1897 1093 huius
1918 1063 2040 1102 periodi
2060 1064 2147 1102 posi-

277 1118 387 1148 tumst,
408 1113 450 1140 ita
470 1116 505 1139 ut
525 1111 562 1138 ad
582 1121 750 1149 pronomen
773 1119 909 1141 nostrum
932 1114 1032 1151 repeti
1053 1124 1178 1151 prorsus
1200 1112 1311 1139 inutile
1333 1116 1422 1140 esset.

351 1160 385 1188 C.
406 1159 514 1187 XVII.
536 1159 562 1198 5.
583 1160 628 1187 43.
668 1161 792 1188 Etenim
812 1163 840 1188 si
867 1172 937 1189 rens
960 1161 1059 1189 trihus
1080 1162 1200 1195 ederet,
1234 1161 1405 1188 Uoltiniam
1418 1160 1559 1198 sortasse
1578 1160 1731 1188 Plancius
1747 1164 1876 1196 propter
1895 1160 2150 1188 necessitudinem

275 1219 314 1236 ae
333 1209 546 1240 uicinitatem,
568 1218 655 1234 suam
686 1218 705 1235 ιι
717 1219 780 1236 ero
801 1215 909 1237 certe
931 1209 1084 1237 edidisset.

350 1256 396 1284 Ita
416 1255 466 1282 hic
487 1254 572 1281 loeus
594 1254 625 1280 111
647 1255 670 1281 Β
693 1260 722 1283 et
743 1256 768 1282 Ε
790 1256 923 1294 scriptus
945 1261 1046 1293 extat,
1086 1260 1191 1284 contra
1220 1255 1354 1283 familiae
1384 1255 1495 1283 tertiae
1517 1254 1637 1282 codices
1658 1254 1694 1282 ad
1715 1264 1809 1282 unum
1831 1264 1935 1282 01111105
1956 1261 2034 1282 certe
2055 1255 2149 1284 omit-

276 1309 355 1333 tunt.
394 1302 485 1339 Quod
506 1312 563 1339 pro
585 1312 656 1330 uero
679 1302 797 1340 aliquot
827 1304 948 1331 codices
970 1304 1082 1331 uitiose
1104 1315 1161 1331 non
1184 1304 1338 1337 scribunt,
1374 1302 1454 1330 nihil
1476 1302 1647 1330 morabitur
1665 1311 1748 1337 eum,
1785 1302 1837 1340 qni
1858 1303 2146 1340 frequentissumam

277 1351 436 1387 utriusque
457 1349 624 1387 particulae
646 1350 858 1379 confusionem
881 1361 945 1378 esse
968 1351 1161 1385 meminerit,
1191 1357 1287 1379 ortam
1308 1351 1396 1385 inde,
1426 1350 1508 1388 qnod
1528 1361 1599 1378 uero
1620 1349 1678 1377 hoc
1699 1350 1872 1388 conpendio
1894 1340 1931 1386 13,
1963 1362 2021 1378 non
2048 1351 2106 1379 hoc
2124 1344 2145 1380 ἦ

276 1408 293 1425 a
313 1397 449 1425 librariis
479 1396 663 1424 recentioris
684 1398 768 1434 aeui,
804 1410 863 1437 quo
892 1410 996 1427 omnes
1022 1400 1091 1428 sam.
1113 1399 1223 1427 tertiae
1244 1398 1365 1426 codices
1392 1398 1507 1425 exarati
1529 1402 1618 1432 sunt,
1652 1397 1746 1424 scribi
1768 1399 1938 1427 consueuit.
1979 1400 2147 1436 Quaeritur

276 1445 327 1473 hic
348 1444 577 1479 tantummodo,
599 1445 650 1482 qui
672 1452 752 1474 certe
772 1447 941 1484 particula,
973 1458 1061 1485 quam
1081 1447 1151 1475 fam.
1172 1447 1282 1474 tertiae
1304 1446 1390 1474 codd.
1412 1445 1554 1473 omittere
1576 1444 1659 1479 dixi,
1689 1445 1832 1473 excidere
1853 1447 2001 1484 potuerit.
2041 1448 2146 1486 Itaque

276 1493 408 1531 primum
429 1491 506 1519 hane
528 1492 566 1519 ob
588 1503 720 1521 caussam
742 1493 822 1521 nihil
844 1495 948 1523 uerius
968 1500 1063 1533 puto,
1095 1506 1184 1533 quam
1205 1506 1276 1522 uero
1296 1494 1478 1532 particulam
1499 1493 1535 1520 ab
1556 1492 1728 1530 interprete
1747 1503 1840 1531 super
1861 1502 1940 1522 certe
1961 1495 2146 1533 explicatio-

276 1541 325 1568 nis
346 1549 449 1567 caussa
469 1539 501 1566 in
523 1539 628 1567 codiee
650 1541 792 1580 principe
813 1543 907 1570 fuisse
929 1544 1078 1581 positam,
1110 1548 1157 1579 et,
1178 1548 1212 1570 ut
1233 1543 1264 1570 in
1285 1541 1432 1579 reliquis,
1463 1551 1538 1578 quos
1559 1540 1673 1575 adtuli,
1693 1540 1785 1575 locis,
1813 1541 1855 1569 ita
1875 1541 1926 1569 1110
1948 1553 2069 1581 quoque
2088 1554 2146 1582 pro

277 1589 409 1626 genuina
428 1596 505 1615 uoce
526 1587 562 1614 ab
584 1587 698 1624 alteru,
730 1591 781 1627 qui
804 1592 940 1619 codicem
962 1591 1133 1629 principem
1155 1590 1333 1628 descripsit,
1361 1588 1489 1616 librario
1509 1593 1662 1626 receptam
1684 1597 1756 1615 esse.
1797 1588 1882 1624 Quae
1910 1591 2061 1619 sententia
2080 1603 2145 1621 mea

278 1635 395 1673 egregie
417 1634 616 1663 confirmatur
636 1646 682 1671 eo,
704 1638 785 1674 quod
806 1638 837 1666 in
859 1639 1008 1667 eiusmodi
1029 1638 1178 1676 loquendi
1200 1647 1320 1675 genere,
1342 1637 1429 1675 quale
1450 1635 1508 1664 hoc
1529 1635 1597 1663 loeo
1611 1635 1734 1663 Tullius
1755 1637 1924 1674 usurpauit,
1944 1639 2146 1675 praecedente

271 1684 409 1722 fortasse
429 1683 580 1722 particula
600 1684 782 1722 plerlnnquc
803 1686 901 1714 solum
919 1693 999 1714 eerle
1013 1687 1098 1714 nulla
1115 1686 1174 1713 alia
1189 1685 1289 1713 addita
1305 1683 1454 1722 particula
1471 1683 1663 1711 aduersatiua
1683 1694 1698 1710 a
1718 1683 1839 1711 Latinis
1859 1685 1933 1722 poni
1954 1686 2040 1714 solet.
2080 1688 2144 1716 Csr.

280 1732 344 1759 Cic.
362 1732 415 1759 IV.
433 1731 468 1758 de
480 1730 585 1758 1³in.3.
606 1741 654 1758 res·
666 1732 808 1768 fortasse
828 1744 930 1771 uerae,
951 1740 1030 1762 certe
1043 1744 1179 1771 graues;
1200 1733 1280 1761 idem
1293 1732 1348 1759 IV.
1365 1731 1484 1759 adDiu.
1499 1741 1524 1765 7.
1545 1733 1623 1758 uicti
1642 1741 1756 1764 summ,
1777 1738 1841 1765 aut,
1861 1735 1889 1760 si
1902 1736 1989 1761 uinci
2007 1734 2146 1772 dignitas

280 1790 341 1807 non
358 1786 471 1816 potest,
491 1778 597 1816 fracti
617 1785 696 1807 certe
717 1785 745 1807 et
765 1780 886 1809 abiecti.
924 1782 991 1809 Hos
1012 1782 1149 1819 aliosque
1169 1782 1253 1809 locos
1286 1780 1344 1808 iam
1367 1779 1536 1807 Tursellin.
1563 1778 1600 1805 de
1620 1778 1765 1806 Particul.
1786 1780 1869 1808 Latt.
1887 1791 1917 1819 p.
1941 1782 2000 1817 175.
2023 1782 2144 1813 adtulit.

280 1827 373 1855 Plane
394 1826 544 1863 geminum
566 1826 740 1864 exemplum
761 1827 834 1856 haec
862 1834 967 1856 nostra
993 1829 1085 1857 etiam
1106 1829 1204 1858 oratio
1234 1829 1268 1857 C.
1289 1827 1378 1857 VIII.
1406 1825 1432 1865 5.
1453 1836 1498 1854 20.
1526 1825 1662 1864 praebet.
1702 1826 1764 1862 Qui
1786 1827 1870 1856 locus
1892 1839 1950 1866 quo
1971 1830 2062 1867 magis
2083 1830 2143 1860 huc.

280 1873 433 1912 pertinet,
454 1883 489 1900 eo
510 1874 609 1911 aptius
629 1873 680 1901 hic
704 1875 896 1912 tractabitur,
918 1887 986 1904 cum
1006 1877 1072 1915 ipse
1093 1877 1258 1905 similluma
1278 1876 1375 1914 glossa
1394 1875 1519 1903 uitiatus
1541 1874 1590 1902 sit.
1628 1874 1723 1902 Extat
1743 1874 1797 1902 ille
1817 1875 1848 1902 in
1869 1876 1974 1904 codice
1993 1878 2142 1908 Bauarieo

280 1921 324 1948 sic
344 1920 490 1957 scriptus:

354 1969 397 1996 At
418 1970 450 1995 in
471 1978 684 2006 quemcumque
703 1970 890 2007 Arpinatem
911 1972 1074 2006 incideris,
1107 1975 1231 2001 etiamsi
1256 1973 1335 2000 nolis
1361 1972 1418 1998 erit
1441 1977 1543 1998 tamen
1571 1970 1629 1998 tibi
1644 1970 1786 2007 sortasse
1806 1972 1899 1998 etiam
1920 1972 1955 2000 {le
1975 1972 2062 2002 nobis
2081 1977 2143 2004 ali-

281 2015 372 2053 quid,
393 2015 516 2051 aliquid
534 2023 593 2043 set
613 2024 692 2045 certe
712 2019 747 2046 cle
769 2020 797 2046 C.
818 2020 924 2046 Mario
945 2020 1142 2049 audiendum.

356 2061 546 2089 Erfurtensis
567 2063 664 2090 solum
685 2074 720 2091 co
741 2075 757 2092 a
777 2065 925 2093 Bauarico
947 2066 1091 2103 discedit,
1126 2068 1208 2107 quod
1227 2067 1320 2095 semel
1340 2070 1458 2094 tantum
1479 2066 1602 2104 aliquid
1619 2064 1719 2093 habet.
1758 2065 1904 2093 Familiae
1924 2068 2034 2097 tertiae
2055 2070 2142 2098 codi-

282 2120 331 2139 ces
352 2119 455 2137 omnes
475 2116 519 2136 set
540 2110 720 2147 particulam
741 2113 886 2141 omittunt
906 2119 951 2149 et,
973 2114 1090 2143 duobus
1112 2115 1249 2154 exceptis
1270 2115 1330 2143 Ox.
1352 2120 1377 2151 ψ
1398 2119 1429 2143 et
1446 2122 1466 2150 χ
1480 2124 1508 2149 1,
1528 2123 1585 2151 pro
1606 2118 1685 2140 certe
1704 2111 1815 2140 uitiose
1837 2118 1865 2140 et
1885 2115 2040 2153 scribunt3
2060 2127 2140 2146 non—

280 2156 361 2185 nulli
381 2156 473 2183 etiam
493 2157 617 2194 aliquid
633 2158 724 2184 semel
746 2163 860 2187 tantum
889 2162 1022 2199 positum
1042 2163 1165 2191 habent.
1207 2162 1359 2190 Graeuius
1384 2162 1427 2190 sie
1447 2160 1588 2198 scripsit,
1623 2159 1873 2198 quemadmodum
1894 2161 1926 2189 in
1946 2164 1971 2190 B
1991 2165 2140 2203 seriptum

281 2205 363 2234 hunc
383 2205 484 2232 locum
505 2209 609 2232 extare
630 2204 704 2232 dixi.
744 2205 783 2232 Ei
804 2207 945 2237 adsensus
967 2215 1012 2238 est
1032 2209 1233 2244 (ἴω-1110111115,
1260 2220 1403 2238 1110110115;
1430 2209 1557 2243 „Etiam
1576 2213 1606 2235 et
1631 2213 1676 2236 set
1703 2207 1753 2236 hic
1774 2208 1832 2236 sibi
1853 2214 1923 2247 apte
1942 2211 2140 2249 respondent,

281 2258 316 2281 ut
335 2252 368 2280 in
388 2252 484 2280 Bruto
505 2261 567 2289 90.;
592 2253 684 2290 idque
700 2252 856 2289 faciebam
876 2258 1006 2285 mullum
1027 2260 1120 2286 etiam
1140 2259 1273 2291 Latine,
1292 2265 1337 2286 set
1357 2259 1472 2287 Graece
1491 2257 1621 2292 saepius.
1661 2255 1724 2283 Cur
1744 2265 1791 2283 eas
1811 2257 1975 2294 particulas
1994 2259 2139 2297 repudia-

280 2300 329 2329 uit
343 2299 513 2327 Ernestus?
540 2309 577 2326 an
598 2299 679 2337 quod
700 2301 855 2338 praeeedit
875 2305 1020 2332 etiamsi?
1046 2305 1153 2334 leuest.
1181 2306 1327 2334 Codicem
1347 2310 1503 2343 optumum
1524 2303 1573 2332 uir
1593 2314 1726 2331 summus
1747 2304 1874 2332 nimium
1896 2307 2140 2335 conten111ebat.“

282 2347 399 2375 Contra
420 2346 620 2374 Garatonium
642 2357 714 2375 uere
734 2349 854 2376 monuit
875 2350 1027 2380 Orellius:
1060 2353 1153 2388 „Non
1172 2353 1232 2381 iam
1253 2352 1470 2391 despicientiae
1490 2351 1604 2380 codicis
1624 2352 1690 2380 Erf.
1720 2351 1841 2387 tribuo,
1874 2353 1956 2389 quod
1974 2353 2137 2382 Ernestius

283 2394 351 2422 illas
378 2393 542 2432 particulas
568 2395 762 2433 repudiauit,
791 2402 836 2425 set
864 2397 1105 2437 intolerandum,
1138 2406 1173 2430 ut
1201 2402 1328 2441 opinor,
1356 2399 1386 2428 ei
1410 2399 1591 2435 uidebatur,
1621 2398 1768 2439 postponi
1795 2399 1828 2427 in
1853 2410 1961 2438 prosae
1989 2400 2137 2430 orationis
