2264 2746
653 139 678 168 c
698 140 726 168 A
745 141 787 170 P.
826 139 939 169 xxx.
967 138 995 179 ς.
1022 144 1068 172 73.
1098 156 1136 162 -
1155 140 1284 168 XXXI.
1311 138 1338 179 ς.
1360 145 1404 171 75.
1915 145 1967 173 ,89

83 212 302 257 particulam,
324 213 361 246 iu
384 225 450 256 qua
471 213 585 245 Planci
608 213 643 246 in
667 226 702 246 se
724 215 844 246 merita
868 215 985 247 Cicero
1008 214 1270 258 praedicanerat,
1295 213 1472 246 manifesto
1496 225 1514 244 e
1536 213 1665 253 uerbis,
1693 225 1776 256 quae
1799 222 1966 254 secuntur,

86 266 180 299 Nolo
203 273 316 299 cetera
337 272 400 297 etc.
424 267 646 309 intellegitur.

169 319 219 352 Et
255 320 360 351 huius
395 321 488 352 tanti
524 320 616 364 offici
645 321 850 352 seruitutem
876 319 1138 362 aslstringebam
1167 320 1360 352 testimonio
1390 318 1610 364 sempiterno)
1654 319 1777 363 Offici,
1817 320 1904 361 quod
1937 321 1966 351 ci

82 371 320 414 praestandum
342 383 361 402 a
383 384 438 403 me
460 372 523 411 sit,
561 378 701 414 optume
724 371 765 402 de
787 383 842 403 me
871 372 1005 403 merito.
1051 371 1087 403 Si
1111 371 1197 403 nihil
1221 372 1275 402 hic
1300 379 1465 410 mutetur,
1498 379 1605 410 recte:
1649 382 1711 402 nec
1732 372 1821 403 male
1844 379 1966 409 tamen,

83 423 112 455 si
128 423 209 465 quid
231 430 400 457 mutetur:
424 437 502 456 nam
525 424 611 456 mihi
634 424 729 456 uenit
751 424 785 455 in
801 430 950 455 mentem
973 424 1039 466 legi
1062 435 1170 466 posse,
1195 425 1364 456 seruitute
1387 438 1439 457 me
1460 425 1731 468 adstringebam.
1754 425 1967 456 MANL‘TIFS.

87 477 200 508 Nemo
223 487 386 518 umquam
410 478 647 509 Romanorum
677 477 724 508 sic
752 477 883 508 locutus
911 483 961 509 est
989 483 1046 508 aut
1078 475 1173 518 loqui
1202 476 1331 518 potuit,
1366 479 1534 509 seruitute
1563 491 1598 509 se
1625 479 1844 520 adstringere
1873 480 1969 509 testi—

82 528 206 560 monio.
251 527 463 561 Rectissume
485 530 619 572 uolgata
641 530 806 573 scriptura
828 541 862 560 se
884 529 1001 568 habet,
1039 529 1074 560 in
1099 540 1164 571 qua
1187 529 1291 560 lulius
1319 530 1410 561 tanti
1433 530 1523 573 offici
1543 531 1747 561 seruitutem
1770 530 1896 561 dictum
1920 537 1968 561 est

84 591 148 622 pro
171 581 234 612 lzoc
257 587 394 614 tantum
417 583 586 627 officium,
615 596 681 628 quo
708 589 885 626 tamquam
906 595 1023 614 seruos
1044 582 1173 613 Planci
1185 580 1311 624 sac-tus
1333 594 1427 619 sum,
1454 594 1552 624 quem
1575 583 1610 613 in
1631 583 1788 626 parentis
1811 583 1883 614 loco
1905 584 1968 615 Iza-

83 633 159 665 bere
182 633 331 666 debeam.
375 635 568 667 Simillume
595 636 759 678 Quinctil.
784 636 835 674 II,
870 636 917 666 16.
955 635 1176 676 adstringere
1204 646 1238 665 se
1261 634 1308 665 cul
1329 636 1532 667 seruitutem
1555 634 1643 665 iuris
1666 633 1753 665 dixit
1776 647 1860 677 pro,
1898 643 1968 667 tra·

84 686 162 717 dere
185 697 220 718 se
243 686 311 717 iuri
333 693 365 718 et
387 699 524 730 prorsus
548 700 587 719 eo
616 688 813 731 inplicatum
843 686 962 719 teneri.
1008 688 1130 718 Sensus
1153 686 1257 728 igitur
1279 686 1333 718 hic
1357 693 1424 718 est:
1463 692 1493 716 et
1518 686 1581 717 hoc
1612 692 1704 717 tanto
1726 698 1781 718 me
1805 688 1841 719 in
1867 689 1968 720 Plan-

82 739 172 770 cium
196 739 305 770 officio
329 739 462 781 pietatis
486 741 685 773 obstrictum
708 740 834 779 teneri⁷
860 739 1100 771 confirmabam
1126 738 1320 770 testimonio
1343 739 1562 782 sempiterno.

167 791 262 823 ZVolo
286 798 397 823 cetera
421 805 508 835 quae
529 807 551 826 a
574 806 626 826 me
648 794 815 826 mandata
841 798 921 824 suut
945 792 1073 823 litteris
1097 792 1258 831 recitare)
1302 792 1355 823 Su
1366 791 1549 822 [fecerat
1580 790 1693 821 enim
1723 792 1768 823 de
1799 805 1843 825 ea
1875 805 1969 825 ora-

84 843 201 874 tione
233 844 414 884 dixisse,
463 857 542 887 qua
581 846 648 877 uel
683 845 855 877 senatui
892 844 961 875 uel
991 844 1153 886 populo
1191 843 1349 886 gratias
1383 844 1482 885 egit.
1528 844 1651 875 Nunc
1680 851 1818 877 autem
1851 853 1892 878 et
1922 847 1969 877 de

83 895 284 927 uersibus
324 896 411 928 suis
444 897 584 930 faeere
618 898 883 930 mentionem
917 896 1110 935 uidetur,
1154 909 1258 938 quos
1292 895 1656 939 intempestiuum
1695 897 1819 928 sitin
1856 899 1970 929 111111-

83 948 186 979 ciali
211 948 525 981 dissertatione
555 950 753 981 recitare.
798 951 892 982 Non
918 949 1066 992 potuit
1097 950 1311 980 tamenin
1341 955 1480 980 10111111
1514 949 1563 980 de
1600 950 1635 980 is
1668 956 1824 981 tacere.
1869 951 1969 982 Nam

83 1001 133 1032 de
156 1002 386 1038 consulatu
418 1014 490 1033 suo
522 1003 702 1046 scripsit
734 1002 908 1045 poetico
941 1008 1096 1041 metro,
1149 1013 1255 1043 quae
1286 1001 1394 1032 mihi
1427 1002 1636 1033 uidentur
1670 1014 1797 1045 opera
1832 1002 1968 1034 111111115

85 1053 213 1096 digna
243 1053 344 1085 talis
371 1054 464 1085 uiri
492 1055 715 1095 nomine1).
752 1055 914 1086 SCIIOLIA
936 1054 1197 1086 AMssaosIANA.
1243 1055 1348 1086 Recte
1379 1054 1513 1096 quidem
1544 1055 1704 1098 suspicati
1727 1063 1802 1087 sunt
1826 1056 1970 1088 editores

83 1106 150 1137 iam
173 1106 250 1137 inde
272 1106 312 1137 ab
336 1107 499 1147 Ernesto,
537 1107 641 1138 libros
663 1107 704 1138 de
728 1106 904 1138 consulatu
937 1119 996 1138 suo
1020 1108 1216 1149 intellegere
1241 1108 1457 1144 Ciceronem3
1491 1114 1541 1138 set
1563 1119 1632 1139 11011
1656 1120 1740 1150 opus
1771 1116 1840 1140 erat
1860 1110 1971 1152 suspi-

84 1159 197 1198 cione,
229 1169 338 1200 neque
360 1159 527 1202 prolepsis
553 1160 710 1192 Ciceroni
734 1158 944 1203 inponenda,
979 1161 1067 1201 quod
1090 1159 1169 1190 fecit
1193 1160 1361 1198 Orellius,
1391 1160 1437 1191 ita
1460 1161 1593 1192 tandem
1615 1159 1742 1192 factum
1766 1169 1901 1204 putans,
1934 1169 1971 1195 ut

83 1211 120 1243 111
142 1211 213 1243 istis
236 1211 331 1242 libris
355 1212 469 1243 Planci
492 1212 610 1244 fecerit
630 1214 859 1245 mentionem:
890 1224 968 1243 nam
992 1213 1051 1243 ubi
1074 1212 1195 1243 diserte
1218 1223 1274 1242 eos
1299 1219 1465 1244 memorat
1489 1214 1625 1252 Cicero,
1655 1214 1696 1244 ad
1723 1215 1859 1246 Diuers.
1882 1216 1915 1255 Ι,
1940 1228 1970 1257 9,

85 1264 125 1296 68
150 1276 215 1306 sq.‚
253 1264 402 1306 appellat
427 1266 491 1297 tris
518 1266 622 1297 libros
646 1267 687 1299 cle
710 1265 917 1309 temporibus
940 1266 1043 1301 meis:
1080 1276 1144 1307 qua
1171 1264 1342 1295 locutione
1373 1265 1516 1296 exilium
1540 1266 1641 1297 etiam
1666 1273 1699 1298 et
1721 1267 1866 1298 reditum
1890 1280 1971 1299 con-

83 1316 263 1359 plectitur,
297 1322 335 1347 111
357 1329 459 1359 supra
481 1329 552 1361 cap.
581 1319 648 1358 15„
681 1325 714 1350 et
736 1318 891 1361 pluribus
916 1318 1088 1348 ostendam
1111 1318 1151 1348 ad
1174 1319 1278 1359 Legg.
1302 1317 1368 1355 ΙΙΙ,
1408 1329 1456 1348 11.
1503 1318 1632 1351 Contra
1653 1320 1819 1363 prolepsis
1842 1319 1970 1357 fuisset,

83 1369 111 1400 si
135 1370 174 1400 de
195 1369 325 1400 Pisonis
350 1376 382 1400 et
406 1371 531 1402 Gabini
550 1372 661 1403 reditu
683 1372 720 1402 in
742 1371 862 1402 urbem
885 1370 921 1400 in
944 1369 1004 1400 illo
1030 1380 1133 1411 opere
1159 1370 1367 1412 disputasset,
1395 1370 1521 1413 quippe
1545 1372 1602 1413 qui
1625 1373 1754 1415 aliquot
1777 1373 1872 1403 annis
1894 1380 1972 1416 post

84 1421 243 1464 contigit3
270 1422 383 1464 itaque
409 1423 600 1455 huiusmodi
623 1424 701 1466 quid
724 1422 882 1466 Apollini
904 1433 938 1453 se
960 1422 1112 1453 tribuere
1134 1423 1233 1461 uelle,
1257 1429 1294 1454 ut
1314 1428 1399 1453 esset
1421 1424 1560 1455 secundi
1585 1425 1663 1456 libri
1689 1423 1860 1467 ἐμβόλιον,
1887 1426 1972 1457 scri-

87 1474 136 1505 bit
158 1474 196 1505 ad
224 1474 291 1517 Qu.
314 1474 357 1506 fr.
380 1476 449 1516 III,
477 1489 510 1517 1,
536 1489 563 1519 7.
588 1478 738 1508 BAKIL'S.
786 1477 873 1508 Cum
898 1475 1016 1506 Cicero
1040 1487 1077 1506 ea
1099 1481 1258 1518 propter,
1286 1487 1370 1516 quae
1393 1475 1428 1506 111
1452 1477 1625 1508 consulatu
1652 1484 1773 1520 egerat,
1798 1490 1815 1508 a
1839 1478 1874 1509 P.
1889 1479 1971 1509 Clo-

85 1527 139 1558 dio
167 1528 201 1558 111
226 1529 369 1560 exilium
393 1536 478 1561 esset
499 1530 638 1569 missus,
667 1536 788 1573 sponte
810 1529 1034 1570 intellegitur,
1060 1540 1137 1560 611111
1163 1529 1198 1559 111
1222 1528 1334 1567 libris,
1367 1540 1450 1570 quos
1474 1529 1512 1559 de
1535 1530 1635 1561 rebus
1658 1531 1693 1561 111
1717 1531 1890 1561 consulatu
1913 1542 1971 1572 ge-

86 1580 145 1612 stis
169 1582 383 1624 conscripsit,
409 1583 481 1614 sine
504 1583 604 1614 dubio
632 1583 670 1613 (16
694 1583 798 1614 exilio
823 1583 923 1613 etiam
947 1581 1123 1623 redituque
1145 1581 1181 1612 in
1205 1580 1323 1611 urbem
1346 1581 1555 1623 exposuisse.

171 1634 230 1666 A}
246 1634 409 1678 proferre
430 1637 554 1669 uidear
578 1636 625 1668 ad
647 1635 792 1679 tempus)
837 1635 904 1666 Pro
930 1635 977 1666 acl
996 1641 1129 1678 tempus
1152 1641 1278 1665 temere
1301 1635 1489 1666 Lambinus
1513 1636 1614 1673 diem,
1638 1642 1671 1667 et
1694 1636 1742 1666 Io.
1762 1635 1859 1665 Fred.
1879 1635 1971 1666 Gro-

85 1686 225 1725 nonius,
262 1689 316 1719 cui
336 1688 521 1721 adsentitur
544 1689 738 1728 Schutzius‚
774 1694 855 1720 ante
878 1694 1011 1730 tempus
1033 1687 1246 1718 scribendum
1271 1694 1445 1729 putarunt.
1492 1688 1618 1720 Contra
1642 1701 1725 1730 quos
1748 1694 1837 1719 recte
1861 1689 1971 1719 Grae-

85 1741 163 1773 uius
194 1741 414 1772 sanissumam
445 1742 612 1784 uolgatam
634 1741 836 1784 scripturam
859 1751 930 1771 esse
952 1746 1052 1781 atque
1074 1741 1122 1772 acl
1146 1746 1278 1784 tempus
1303 1741 1391 1772 idem
1414 1748 1514 1783 atque
1538 1742 1699 1785 temporis
1722 1754 1843 1774 caussa
1865 1741 1971 1783 signi-

87 1794 188 1826 ficare
210 1794 354 1825 monuit.
399 1793 470 1826 Cfr.
495 1795 564 1826 Cic.
587 1795 681 1826 Lael.
707 1795 744 1826 C.
768 1794 850 1826 XV.
876 1794 906 1835 ς.
930 1792 982 1823 55.
1016 1792 1104 1832 Quis
1127 1794 1218 1824 enim
1239 1799 1302 1825 aut
1325 1806 1401 1825 eum
1428 1795 1575 1836 diligat,
1606 1806 1704 1837 quem
1726 1800 1877 1832 metuat,
1907 1801 1970 1826 aut

87 1859 186 1886 eum,
221 1860 242 1878 a
265 1859 330 1890 quo
352 1859 387 1879 se
408 1849 516 1879 metui
531 1849 657 1891 putet?
691 1847 852 1880 coluntur
878 1852 991 1878 tamea
1021 1846 1242 1878 simulatione
1271 1848 1323 1878 acl
1348 1853 1490 1890 tempu
1500 1860 1525 1878 s.
1571 1846 1648 1886 Quo
1672 1846 1745 1876 loco
1769 1847 1816 1877 ad
1838 1853 1970 1890 tempus

87 1899 276 1942 significare
299 1901 461 1943 temporis
484 1913 606 1933 caussa
628 1901 667 1931 ab
690 1900 764 1942 ipso
789 1899 953 1930 Cicerone
976 1899 1093 1929 eodem
1117 1899 1152 1930 in
1176 1900 1263 1931 libro
1287 1901 1324 1931 C.
1348 1900 1445 1931 Vlll.
1471 1900 1500 1940 ξ.
1526 1899 1576 1930 26.
1607 1897 1783 1937 docemur,
1819 1910 1895 1930 cum
1919 1899 1970 1929 di-

89 1953 151 1985 cit:
189 1952 287 1985 ZVam
316 1954 488 1985 utilitates
511 1954 648 1996 quidem
670 1954 775 1984 etiam
797 1952 838 1983 ab
864 1952 908 1983 iis
931 1953 1196 1995 percipiuntur,
1230 1953 1290 1996 qui
1313 1952 1534 1984 simulatione
1555 1951 1731 1982 amicitiae
1755 1952 1914 1984 coluntur
1938 1958 1970 1984 et

90 2006 317 2039 obseruantur
344 2006 554 2049 temporis
584 2018 747 2038 caussa.
788 2005 888 2037 Alios
915 2005 1064 2035 eiusdem
1087 2005 1219 2047 generis
1243 2005 1333 2035 locos
1357 2004 1466 2035 lexica
1491 2003 1763 2047 suppeditabunt.

852 2076 881 2108 C
908 2074 940 2109 A
965 2076 1013 2109 P.
1066 2075 1206 2108 XXXI.

178 2135 208 2176 ς.
223 2134 272 2173 75.
295 2134 479 2178 Quousque
497 2134 565 2166 ista
577 2133 679 2174 dicis)
706 2133 874 2176 Expectet
889 2132 962 2175 quis
986 2138 1119 2175 tempus
1136 2132 1299 2172 futurum,
1327 2143 1472 2174 quocum
1492 2131 1690 2163 aduerbium
1707 2144 1880 2176 quousque
1893 2132 1969 2174 ple-

91 2197 237 2229 rumque
262 2186 357 2229 iungi
382 2187 505 2226 soleat,
537 2186 684 2228 adeoque
708 2186 740 2216 id
762 2197 781 2217 a
802 2197 856 2217 me
876 2186 1109 2228 reponendum
1131 2184 1233 2215 fuisse
1254 2190 1366 2226 putet,
1400 2196 1476 2215 cum
1499 2184 1535 2215 in
1557 2184 1672 2216 codice
1697 2183 1889 2216 Erfurtensi
1913 2186 1968 2216 iu—

170 2296 197 2333 1)
235 2296 320 2324 Haut
339 2295 382 2324 ita
400 2295 540 2334 loquitur
562 2302 666 2326 noster
686 2296 857 2335 interpres,
891 2295 972 2334 quod
992 2296 1073 2323 sorte
1102 2300 1191 2334 putet
1217 2295 1355 2334 spurium
1374 2295 1447 2323 illut
1468 2294 1627 2323 Ciceronis
1647 2304 1763 2333 poema.
1803 2295 1880 2322 Nam
1900 2295 1967 2333 ipse

95 2345 205 2374 Cicero
227 2353 265 2371 ex
285 2353 321 2371 eo
341 2353 448 2371 uersus
467 2344 657 2372 LXXVIII.
680 2344 809 2372 inscruit
830 2344 911 2372 libro
933 2343 955 2371 I.
977 2343 1013 2371 de
1034 2343 1118 2378 Diu„
1138 2348 1260 2381 praeter
1279 2342 1366 2371 Serui
1388 2343 1600 2371 auctoritatem
1619 2341 1656 2370 ad
1675 2341 1767 2380 Uerg.
1788 2343 1853 2370 Ecl.
1878 2342 1966 2377 VIII,

97 2393 175 2422 106..
214 2391 283 2419 Ηο6
304 2394 422 2418 tantum
440 2390 594 2430 interpres
614 2391 780 2429 siguificat,
815 2402 877 2419 non
893 2391 994 2419 uideri
1015 2391 1074 2418 sibi
1096 2400 1189 2429 opera
1209 2390 1331 2428 poetica
1358 2396 1447 2429 atque
1468 2390 1558 2428 digna
1577 2389 1743 2425 Cicerone,
1783 2400 1816 2418 ac
1837 2400 1870 2417 ca
1890 2399 1966 2428 quae

95 2440 195 2469 soluta
216 2438 356 2468 oratione
378 2438 492 2478 scripta
512 2439 589 2475 sint3
610 2439 692 2478 quod
712 2439 802 2468 facile
822 2439 923 2478 quiuis
944 2438 1099 2467 concedet.
1137 2438 1175 2466 A.
1196 2439 1316 2466 Mnus.
