2264 2746
758 112 782 141 c
802 112 831 140 A
850 112 893 141 P.
932 110 1094 140 XXXIV.
1130 109 1157 150 ς.
1184 114 1230 142 53.
1875 114 1928 141 205

67 185 168 218 etiam
191 187 248 218 lex
270 186 453 230 Calpurnia
478 187 656 231 puniebatg.
679 185 799 218 deinde
821 186 930 218 morbi
951 187 1182 219 exeussationi
1190 198 1304 230 poena
1326 184 1449 217 addita
1470 189 1531 222 est,
1557 182 1644 226 quod
1667 188 1714 213 est
1736 182 1834 213 etiam
1856 189 1930 224 post

63 240 196 271 Ernesti
227 241 485 272 declarationem
515 241 703 272 obscurum.
748 240 830 271 Illut
861 239 1017 282 inprimis
1045 239 1131 271 mihi
1164 237 1406 276 adnotandum,
1444 236 1532 278 quod
1560 236 1598 267 ad
1628 236 1713 267 hanc
1743 234 1930 265 orationem

63 303 224 324 maxume
246 293 404 335 pertinet.
449 294 545 326 Idem
567 293 723 325 editicios
750 293 880 324 indices
904 305 973 324 csse
996 292 1158 329 uoluisti,
1192 295 1231 322 nt
1254 290 1334 321 odia
1365 289 1498 320 occulta
1521 289 1670 327 ciuium,
1702 299 1789 331 quae
1813 287 1931 318 tac-itis

63 357 154 378 nunc
176 347 359 378 discordiis
385 347 623 384 continentur,
646 345 682 376 in
696 345 866 388 fortunas
890 345 1023 388 optumi
1046 345 1210 386 cuiusque
1233 347 1460 386 erumperent.
1504 342 1581 373 Hoc
1602 345 1801 372 numeratur
1820 338 1856 369 in
1880 338 1931 375 iis,

62 409 151 440 quae
173 411 268 437 mea,
306 398 431 440 inquit,
463 411 596 430 samma
619 398 798 430 uoluntate
820 403 960 429 senatus
986 397 1198 440 repudiauit.
1241 395 1394 426 Huccine
1420 395 1524 436 igitur
1546 393 1621 424 illut
1643 392 1803 434 pertinet,
1840 390 1930 431 quod

64 461 169 492 supra
199 450 346 482 uidimus
378 463 405 482 c.
432 463 480 493 17.
511 462 621 494 nuper
650 450 847 482 clarissumi
873 451 965 482 ciues
995 462 1115 482 nomen
1142 449 1262 481 editici
1290 448 1416 479 iudicis
1441 459 1507 479 non
1532 446 1689 478 tulerunt
1712 445 1796 476 etc-2>
1831 443 1872 474 de
1894 454 1932 474 re

62 508 154 533 certe
174 501 221 532 ibi
244 503 372 544 agitur,
407 514 492 545 quae
514 510 589 534 ante
610 502 777 534 Liciniam
801 503 911 545 legem
933 502 1100 533 acciderit.
1146 501 1202 532 Set
1228 499 1364 531 turbant
1385 498 1574 542 sequentia,
1610 499 1792 540 omniaque
1814 496 1932 540 potius

59 555 356 597 permiscuerunt,
395 568 498 599 qnam
529 557 560 587 ei
589 556 662 598 legi
690 555 947 598 condicionique
980 560 1154 598 parerent.
1198 553 1314 594 Itaque
1340 552 1464 584 iudices
1494 551 1641 583 editicios
1669 550 1719 581 bis
1742 548 1931 591 repudiatos

63 606 269 638 existumare
291 608 385 647 licet,
427 608 531 639 semel
563 608 634 639 Ser.
658 607 808 650 Sulpicio
832 619 887 639 eos
914 608 1123 650 postulante,
1158 607 1283 638 iterum
1307 606 1420 648 ignoto
1443 604 1510 636 alio
1534 610 1704 646 tempore,
1748 608 1797 633 set
1818 606 1933 643 poste-

60 658 166 698 riore,
190 665 369 702 antequam
393 667 504 692 tamen
527 661 662 691 Crassus
686 659 876 702 inponeret.
901 661 1160 691 GARATONIUS.
1208 659 1367 689 Ceterum
1391 657 1551 695 exilium,
1576 667 1642 697 quo
1666 654 1810 686 ambitus
1836 653 1933 684 dam-

60 712 154 754 pnati
178 713 251 754 lege
275 713 390 744 Tullia
412 713 658 753 multabantur,
690 719 760 744 erat
781 712 970 744 decennale.
1018 711 1089 743 Csr.
1114 712 1181 743 Dio
1206 712 1295 743 Cass.
1321 710 1399 742 Lib.
1423 710 1614 741 XXXVII.
1639 719 1666 739 e.
1691 719 1760 749 29..

148 766 231 797 Mea
254 766 330 809 lege
352 767 456 798 exilio
478 766 646 798 ambitum
668 765 836 808 sanxisse)
882 766 930 796 Ita
955 765 1111 806 sagaciter
1138 763 1343 795 Garatonius
1373 769 1450 794 ante
1473 768 1646 805 repertum
1671 760 1818 791 codicem
1843 758 1934 791 Am-

63 815 257 849 brosianum
278 830 338 861 pro
362 825 522 862 corrupta
544 819 752 860 reliquorum
783 818 932 849 codicum
960 817 1142 859 scriptura,
1176 828 1252 847 mea
1278 816 1353 859 lege
1375 828 1415 847 ex
1438 815 1499 847 illo
1522 814 1654 846 ambitu
1679 814 1845 851 traxisse,
1881 811 1933 842 le-

61 869 207 910 gendum
230 870 326 902 uidit.
372 870 592 902 Confirmauit
614 870 840 902 coniecturam
865 870 935 900 eius
961 882 1030 901 non
1052 870 1162 900 solum
1190 868 1260 898 cod.
1284 868 1418 906 Ambr.,
1442 873 1492 899 set
1515 867 1615 898 etiam
1637 866 1827 899 Arusianus
1840 865 1934 896 Mes-

61 921 140 960 sius,
167 934 209 953 ex
233 923 326 954 cuius
350 923 579 955 elocutionum
602 923 767 965 exemplis
788 922 991 954 Garatonius
1016 922 1052 952 in
1074 920 1183 952 Praef.
1207 921 1245 952 ad
1268 921 1348 953 Uol.
1374 921 1453 953 VH.
1478 920 1527 950 ed.
1550 920 1658 960 Neap.
1681 929 1715 960 p.
1738 918 1796 956 X.,
1820 916 1934 947 codice

60 975 286 1017 Neapolitano
316 988 413 1015 usus,
454 977 536 1007 haec
563 975 724 1018 protulit:
760 977 891 1015 „Nune
921 981 1001 1017 aput
1028 974 1236 1007 Arusianum
1267 973 1347 1004 haec
1378 972 1535 1003 inuenio:
1573 971 1690 1002 Sentio
1720 970 1761 1001 de
1784 975 1816 1000 te
1838 968 1934 1000 bona.

62 1026 131 1059 Cic.
154 1028 189 1059 in
213 1028 315 1061 Catil.
328 1030 400 1062 III.
443 1029 514 1069 Qui
539 1029 653 1060 omnia
674 1040 721 1059 ec.
764 1028 864 1060 Sensi
887 1028 1014 1059 crimen
1037 1039 1078 1058 ex
1101 1027 1172 1058 illo.
1220 1026 1335 1058 Cicero
1352 1037 1420 1068 pro
1442 1025 1513 1068 Syl.
1556 1023 1708 1056 Addidit
1730 1034 1784 1054 me
1806 1022 1934 1053 idcireo

62 1091 138 1111 mea
169 1081 244 1122 lege
267 1093 307 1112 ex
337 1082 399 1113 illo
421 1081 588 1113 ambitum
616 1080 770 1112 sensisse.
816 1080 942 1112 Sancio
971 1085 1150 1123 peccatum
1179 1079 1362 1122 supplicio.
1405 1077 1473 1109 Cle.
1496 1089 1564 1120 pro
1587 1076 1659 1119 Syl.
1702 1075 1791 1108 Noli
1822 1073 1936 1105 obser-

63 1134 222 1165 uantiam
250 1135 385 1166 sancire
411 1145 531 1177 poena.
576 1133 705 1165 Sitiens
744 1133 842 1165 illius
880 1133 941 1164 rei.
987 1132 1103 1163 Cicero
1129 1144 1193 1175 pro
1224 1131 1332 1174 Sylla.
1377 1132 1559 1162 Sitientem
1585 1141 1638 1160 me
1667 1128 1813 1160 uirtutis
1844 1133 1934 1159 tuae.

60 1184 110 1215 Hi
130 1191 197 1216 tres
220 1185 286 1216 loci
307 1197 371 1228 pro
394 1185 529 1216 Plancio
553 1191 646 1224 sunt,
676 1197 746 1217 11011
768 1198 831 1229 pro
853 1185 964 1223 Sulla3
999 1191 1185 1227 postremus
1209 1194 1236 1213 c.
1261 1184 1290 1214 5.
1318 1183 1446 1213 medius
1470 1193 1496 1214 c.
1524 1194 1572 1224 19.
1596 1181 1705 1224 priori
1729 1180 1866 1219 similis,
1895 1180 1935 1210 de

62 1247 129 1278 quo
153 1238 292 1279 agimus.
342 1238 510 1279 Quartum
533 1238 741 1280 superiorem
764 1238 914 1277 adiunxi,
939 1244 973 1268 111
996 1242 1137 1280 pateret,
1161 1235 1239 1278 quid
1263 1246 1394 1266 caussae
1417 1234 1542 1273 fuisset,
1567 1246 1624 1264 cur
1643 1234 1733 1265 sensi
1756 1244 1818 1275 pro
1834 1232 1935 1264 sanxi

61 1295 95 1320 et
117 1291 261 1322 sensisse
284 1302 347 1333 pro
371 1291 526 1322 sanxisse
547 1290 583 1321 111
605 1290 775 1322 Arusiano
799 1289 1012 1321 describendo
1037 1289 1177 1331 inperiti
1200 1294 1384 1330 ponerent3
1410 1299 1493 1329 quos
1516 1287 1672 1329 abripere
1694 1285 1934 1324 antecedentia,

60 1342 164 1373 latere
187 1347 305 1373 autem
321 1343 489 1381 solebant,
527 1353 611 1383 quae
634 1342 867 1384 sequebantur.
877 1344 898 1359 “
945 1342 1099 1373 Ceterum
1127 1341 1343 1372 librariorum
1370 1351 1483 1379 error,
1520 1351 1584 1382 pro
1607 1340 1762 1371 sanxisse
1784 1338 1935 1368 scriben-

60 1394 147 1425 tium
169 1396 333 1434 sensisse,
356 1407 395 1426 eo
418 1394 549 1426 facilior
572 1395 655 1435 fuit,
689 1407 755 1437 quo
782 1394 913 1437 saepius
935 1393 1081 1435 antiquis
1105 1394 1313 1437 temporibus
1336 1393 1485 1425 sansisse
1507 1403 1570 1435 pro
1593 1393 1748 1424 sanxisse
1771 1391 1933 1434 scriptum

61 1454 118 1479 est.
165 1448 219 1479 Sic
242 1448 361 1480 Ambr.
385 1447 620 1490 palimpsestus
643 1459 705 1490 pro
726 1448 818 1479 Sulla
840 1459 874 1490 p.
901 1446 970 1477 150.
995 1446 1044 1476 ed.
1068 1448 1149 1478 Mai.
1174 1458 1236 1478 sec.
1260 1451 1443 1478 sansernnt
1467 1444 1594 1475 scribit.

146 1500 317 1543 Epilogos
336 1512 473 1544 possem
495 1500 621 1543 dicere)
664 1501 755 1532 Male
779 1499 980 1532 Garatonius
1005 1511 1069 1541 pro
1094 1501 1224 1538 dicere,
1249 1511 1333 1541 quae
1356 1504 1405 1529 est
1427 1497 1637 1528 consentiens
1661 1495 1814 1527 omnium
1837 1494 1933 1526 codi-

62 1563 139 1583 cum
164 1552 344 1594 scriptura‚
372 1564 414 1583 ex
437 1552 506 1583 edd.
530 1559 611 1583 uett.
637 1553 757 1584 elicere
780 1552 1026 1583 restituendum
1050 1553 1193 1595 putauit.

148 1605 232 1637 Non
255 1606 351 1637 nobis
374 1606 494 1637 uideor
518 1618 594 1637 cum
619 1606 736 1649 aliquo
762 1606 1009 1643 declamatore,
1032 1618 1098 1637 non
1122 1618 1198 1637 cum
1221 1605 1349 1637 laboris
1372 1610 1404 1637 et
1416 1604 1497 1647 fori
1520 1602 1690 1646 discipulo
1713 1601 1893 1644 disputare
1902 1599 1933 1641 ?)

62 1658 320 1696 Dec-lammeri,
344 1670 411 1689 11011
435 1658 481 1697 ei,
509 1659 566 1699 qui
589 1659 769 1700 aliquando
792 1658 996 1697 declamitat‚
1022 1664 1071 1689 set
1095 1659 1151 1700 qui
1176 1670 1248 1689 eain
1272 1670 1344 1689 rem
1367 1657 1564 1699 profitetur,
1589 1661 1678 1685 certe
1701 1653 1759 1695 qui
1782 1652 1934 1683 noudum

62 1711 178 1752 adtigit
203 1709 331 1750 forum,
369 1711 583 1742 sententiolas
613 1711 758 1753 captanti
786 1717 817 1742 et
846 1710 960 1741 inania
992 1710 1184 1742 ecfundenti
1214 1711 1398 1753 opponitur
1421 1710 1549 1741 laboris
1579 1713 1611 1739 et
1625 1706 1705 1750 fori
1728 1705 1933 1748 discipulus,

65 1763 123 1806 qui
147 1763 233 1795 ueris
257 1763 292 1794 111
316 1763 435 1794 caussis
458 1764 565 1795 multo
592 1776 668 1795 cum
691 1764 806 1794 labore
828 1770 996 1802 uersatus,
1022 1763 1131 1795 sorum
1156 1763 1339 1806 premendo
1363 1769 1392 1793 et
1416 1761 1561 1804 agendo,
1585 1758 1730 1801 argutias
1756 1769 1935 1800 pompam-

65 1829 130 1860 que
152 1818 287 1847 inanem
310 1816 452 1855 abicere,
479 1817 637 1848 solidiora
660 1816 817 1860 persequi
841 1828 912 1853 usu,
938 1817 1218 1847 commentatione
1243 1815 1474 1857 (scriptionem
1497 1813 1594 1844 addas
1618 1811 1706 1853 licet)
1732 1811 1843 1842 debuit
1864 1822 1934 1842 esse

63 1870 256 1913 perfectior.
302 1870 422 1910 Neque
446 1880 526 1899 uero
551 1870 711 1911 inparatis
736 1877 766 1901 et
788 1869 926 1900 indoctis
949 1869 1052 1900 adfert
1077 1868 1188 1900 omnia
1210 1867 1352 1899 forensis
1376 1868 1481 1899 labor.
1528 1867 1641 1908 Ipsum
1666 1864 1708 1894 de
1729 1875 1762 1894 se
1777 1863 1932 1894 Tullium

65 1923 141 1954 audi
171 1923 206 1954 111
231 1923 336 1953 Bruto
361 1934 431 1963 90.:
460 1922 547 1954 Tum
570 1923 722 1965 primum
745 1936 805 1954 nos
827 1924 873 1955 ad
895 1934 1034 1953 caussas
1057 1928 1089 1953 et
1106 1923 1271 1965 priuatas
1291 1927 1323 1952 et
1341 1920 1501 1964 publicas
1524 1919 1622 1950 adire
1645 1917 1834 1960 coepimus,
1865 1928 1933 1947 non

65 1982 104 2008 ut
127 1977 162 2007 in
177 1974 262 2018 foro
286 1976 508 2013 disceremus,
534 1977 624 2018 qnod
640 1976 798 2019 plerique
812 1975 994 2018 fecerunt,
1017 1980 1067 2006 set
1089 1981 1145 2012 nt,
1168 1980 1335 2017 qnantum
1358 1985 1418 2004 nos
1442 1973 1572 2016 efficere
1589 1971 1839 2014 potuissemus,
1869 1970 1930 2000 do-

66 2029 113 2061 cti
138 2029 173 2060 in
188 2028 313 2071 forum
336 2029 541 2060 ueniremzcs.
588 2030 641 2060 Set
665 2029 738 2060 aliis
761 2029 851 2060 domi
876 2026 1012 2058 educata
1035 2027 1252 2057 nutrimentis
1276 2023 1467 2065 eloquentia
1489 2023 1562 2062 ipsa
1588 2034 1621 2053 se
1644 2022 1680 2052 in
1703 2022 1778 2053 foro
1802 2022 1930 2053 colorat

66 2088 96 2112 et
118 2080 273 2119 roborat,
296 2081 324 2113 si
346 2082 412 2112 huc
436 2081 614 2113 transferre
637 2082 715 2112 licet
737 2080 907 2122 egregium
929 2079 1023 2109 Tulli
1047 2079 1173 2110 dictum
1197 2079 1231 2109 in
1256 2079 1351 2110 Orat.
1378 2076 1442 2107 15..
1487 2075 1642 2107 Dubitari
1666 2086 1735 2105 non
1757 2086 1852 2116 posse
1873 2085 1930 2105 ar-

66 2134 193 2169 bitror,
224 2134 305 2174 quin
327 2134 433 2164 multa
455 2134 569 2164 doceat
589 2134 673 2164 acics
696 2140 728 2164 et
752 2132 921 2163 dimicatio
945 2131 1099 2163 forensis.
1144 2131 1240 2163 Adde
1263 2136 1452 2168 oratorum,
1488 2127 1545 2170 qui
1567 2138 1727 2158 maxume
1752 2127 1786 2158 in
1809 2127 1928 2158 caussis

67 2187 254 2225 excellunt,
278 2186 519 2225 imitationem,
549 2186 588 2217 de
611 2198 674 2229 qua
698 2193 745 2217 est
768 2187 859 2217 locus
882 2186 923 2217 Π.
949 2185 989 2216 (16
1016 2185 1110 2217 Orat.
1136 2195 1202 2215 21..
1247 2183 1296 2213 Ea
1319 2183 1353 2213 in
1377 2180 1448 2213 foro
1471 2181 1517 2212 ita
1539 2187 1682 2211 tentatur
1702 2186 1803 2221 atque
1825 2179 1928 2222 perfi-

68 2240 173 2277 citur,
198 2245 235 2270 ut
260 2249 343 2280 quae
365 2239 537 2271 umbratili
560 2239 801 2270 exercitatione
824 2237 1010 2281 paraueris,
1040 2237 1221 2267 maturiora
1253 2235 1334 2266 fiant
1360 2240 1393 2265 et
1415 2233 1651 2265 emendatiora.
1696 2233 1754 2264 Set
1781 2232 1836 2263 hic
1859 2243 1929 2263 non

69 2292 110 2323 de
136 2298 203 2323 tota
224 2289 439 2333 perfectaque
460 2292 570 2334 agitur
597 2292 801 2333 eloquentia,
842 2301 925 2332 quae
950 2289 1050 2320 domo
1082 2289 1186 2330 magis
1216 2288 1251 2319 in
1274 2287 1404 2325 forum,
1441 2298 1542 2329 quam
1565 2298 1583 2316 e
1605 2285 1679 2317 foro
1704 2285 1843 2316 domum
1866 2285 1928 2316 ad-

68 2345 184 2376 fertur.
230 2344 369 2375 Dictum
391 2344 468 2376 illut
490 2345 698 2383 Laterensis,
738 2343 826 2386 quod
850 2343 951 2374 modo
976 2342 1212 2384 exposuimus,
1247 2339 1507 2382 reprehenditur
1529 2345 1699 2380 tamquam
1723 2338 1927 2369 declamato-

67 2399 156 2430 rium
190 2404 220 2428 et
242 2397 410 2439 putidum.
455 2398 528 2437 Tu,
562 2398 691 2440 inquit,
726 2408 802 2427 cum
831 2397 873 2427 sis
899 2396 1026 2428 laboris
1052 2401 1084 2426 et
1098 2393 1177 2437 sori
1200 2394 1411 2436 discipulus,
1445 2403 1512 2423 non
1534 2391 1606 2422 ludi
1629 2397 1728 2432 atque
1750 2390 1925 2433 palestrae,
