2264 2746
253 89 306 116 216
899 77 1476 109 COMMENTARIUS.

253 170 349 190 cum
377 157 610 190 multorum
641 153 783 185 exitio
813 159 1077 185 moueretur.
1117 153 1280 184 ScuoLIA
1305 152 1564 184 AMBROSIANA.
1609 153 1663 184 De
1684 151 1816 183 Pisonis
1845 152 1969 184 scelere
1997 153 2058 186 cfr.
2081 153 2117 186 in

254 211 318 244 Pis.
339 212 376 243 C.
400 211 484 243 XX.
509 211 538 251 3.
562 208 633 248 47.,
656 206 696 237 de
719 205 844 238 Gabini
866 218 928 249 pro
951 205 1068 237 Rabir.
1092 206 1182 238 Post.
1210 206 1248 237 C.
1272 205 1369 237 VIII.
1395 205 1425 247 §.
1449 216 1500 237 21.
1524 210 1557 237 et
1579 204 1614 236 in
1636 205 1702 237 Pis.
1727 204 1766 235 C.
1787 204 1888 236 XXI.
1912 205 1942 246 §.
1964 205 2034 238 48..

336 264 475 307 Emptis
491 260 688 305 prouinciis
710 272 732 290 a
755 265 878 291 senatu
900 278 943 283 —
966 258 1178 303 defecerant)
1224 257 1403 290 Guilielmi
1431 259 1658 290 coniecturam
1686 257 1812 300 prob0‚
1846 258 1952 301 empti
1973 259 2119 302 prouin-

255 317 338 349 ciis.-
376 317 438 347 hoe
463 313 553 344 enim
576 312 686 354 pretio
710 311 787 343 Piso
820 318 853 343 et
877 311 1042 344 Gabinius
1073 322 1092 342 a
1115 322 1152 342 re
1174 322 1207 353 p.
1232 309 1440 350 defecerunt,
1476 310 1568 353 quod
1593 309 1630 340 in
1651 310 1787 352 uolgata
1819 310 1930 342 minus
1961 310 2122 341 concinne

255 369 470 412 significatur.
506 366 767 397 GARATONIUS.
814 364 965 397 Orellius
989 364 1157 405 uolgatam
1182 364 1384 406 scripturam
1406 362 1618 395 retinendam
1640 363 1792 402 monuit,
1825 363 1934 394 adlato
1961 362 2002 393 de
2023 373 2122 404 prou.

256 434 344 454 cous.
370 423 406 452 (Κ
430 420 511 451 1V.:
548 418 681 450 Emis-ti
701 417 956 461 afoedissumo
980 417 1118 449 tribuno
1135 418 1190 462 pl.
1212 435 1254 440 -
1272 417 1406 460 grandi
1422 416 1591 460 pecunia,
1623 422 1663 448 ut
1684 416 1747 448 tibi
1771 416 1813 448 de
1833 417 1990 460 pecuniis
2012 415 2124 448 credi-

259 477 303 507 tis
326 475 379 505 ius
403 473 439 504 in
463 471 587 503 liberos
611 471 759 515 populos
781 488 822 494 —
845 472 958 503 dicere
986 471 1116 502 lice-ret.
1152 469 1295 501 ibidem:
1332 481 1434 512 quom
1456 469 1628 501 Gabinius
1659 469 1775 500 omnia
1805 469 1872 500 sibi
1900 475 1933 500 et
1954 474 2068 512 empta
2091 473 2124 499 et

257 528 396 560 emenda
425 537 495 558 esse
527 525 703 557 clamaret.
749 523 875 554 Contra
899 534 1001 565 quem
1024 523 1147 554 Bakius
1176 534 1238 565 pro
1266 522 1373 553 Sestio
1398 522 1436 553 C.
1459 522 1560 554 XIV.
1584 528 1672 553 extr.
1694 528 1800 565 pacto
1814 521 1960 565 foedere
1976 521 2124 565 prouin-

257 581 408 616 ciarum,
449 583 482 609 et
504 578 539 609 in
563 577 628 609 Pis.
654 577 692 608 C.
715 576 852 608 XXIV.
875 575 921 606 in.
955 589 1026 608 una
1048 576 1201 608 mercede
1228 575 1435 618 prouinciae
1462 574 1709 606 correctionem
1739 574 1836 606 istam
1866 573 1954 605 tueri
1981 572 2126 604 monuit.

254 632 425 672 Loquitur
451 631 492 662 de
516 631 633 662 eadem
656 640 693 661 re
717 628 836 660 Cicero
858 628 894 660 in
916 629 983 661 Pis.
1009 630 1047 660 C.
1071 629 1150 661 VII.
1175 628 1281 670 §.15.
1305 628 1363 659 cui
1388 633 1426 660 tu
1448 633 1587 659 senatus
1610 628 1872 667 auctoritatem,
1907 627 2056 659 salutem
2077 625 2128 657 ci-

254 684 394 722 uitatis,
440 690 548 716 totam
590 695 661 715 rem
694 695 731 726 p.
763 683 970 725 prouinciae
1001 681 1159 726 praemio
1197 681 1399 713 uendidisti.
1443 680 1572 712 Ibidem
1608 680 1647 712 C.
1683 681 1821 713 XXIV.
1862 682 1892 723 3.
1930 681 1982 722 57.
2026 690 2128 722 quom

248 737 435 779 prouincia
460 737 522 769 tibi
545 737 614 768 ista
636 736 896 778 manupretium
909 734 1029 778 fuerit
1050 747 1117 766 non
1139 746 1279 766 euersae
1296 745 1362 777 per
1386 738 1433 772 te,
1455 739 1506 766 set
1521 734 1684 777 perditae
1706 734 1874 766 ciuitatis.
1895 738 1972 776 post
1993 731 2065 763 red.
2088 730 2128 762 ad

255 788 354 829 Quir.
379 790 416 820 C.
442 790 486 821 V.
519 790 548 830 3.
577 789 624 820 15.
659 800 761 832 quom
783 788 851 819 duo
875 788 1029 819 consules
1052 787 1158 830 empti
1186 787 1346 830 pactione
1367 788 1636 830 prouinciarum
1659 792 1816 818 auctores
1845 798 1880 818 se
1904 784 2055 818 inimicis
2077 784 2128 816 rei

250 841 411 884 publicae
440 842 680 874 tradidissent.
723 840 921 873 Uerissuma
948 846 1061 872 autem
1084 839 1219 881 uolgata
1245 840 1460 882 scripturast,
1497 840 1691 881 dictumque
1714 839 1836 882 emptis
1854 837 2049 882 prouinciis
2070 835 2129 874 sic,

253 900 292 924 ut
313 893 373 925 sit:
416 906 472 933 ec,
510 894 602 937 quod
623 899 778 926 emerunt
799 893 1017 936 prouincias,
1059 905 1081 925 a
1103 898 1225 925 senatu
1249 899 1310 923 etc.
1337 892 1549 936 defecerunt.
1592 893 1645 939 Ap
1667 898 1808 923 tuentur
1830 903 1903 922 eam
1926 890 2058 933 egregie
2081 900 2130 929 ea,

256 958 341 988 quae
363 946 402 977 ad
425 947 613 978 Lentulum
639 947 695 988 (ad
718 947 798 978 Diu.
824 947 856 984 I,
881 957 917 988 9,
942 946 1008 988 29.)
1042 957 1061 977 a
1083 945 1132 977 Μ.
1157 945 1273 976 Tullio
1297 946 1422 988 scripta
1444 951 1544 977 sunt:
1580 946 1710 978 Postea
1734 957 1834 989 quom
1857 951 1896 977 tu
1916 943 2131 987 Hispaniam

255 1000 451 1031 citeriorem
473 1012 551 1032 cum
574 1000 708 1043 inperio
731 1000 917 1037 obtineres,
950 1011 1088 1042 neque
1112 1010 1180 1029 res
1209 998 1396 1041 publica
1427 998 1622 1030 consules
1652 998 1850 1036 liaberet,
1880 1003 1944 1030 set
1965 1008 2130 1028 merca·-

256 1059 372 1084 tores
390 1053 732 1096 prouinciarum
755 1058 795 1084 et
818 1052 1088 1083 seditionum
1109 1063 1262 1083 seruos
1284 1064 1331 1083 ac
1353 1052 1609 1083 ministros.-
1638 1052 1719 1083 iecit
1742 1051 1884 1094 quidam
1906 1062 2005 1082 casus
2027 1053 2131 1092 caput

255 1118 368 1137 meum
391 1107 492 1149 quasi
514 1106 714 1137 certaminis
743 1117 866 1136 caussa
889 1105 926 1135 in
948 1105 1097 1136 mediam
1119 1105 1367 1136 contentionem
1390 1104 1700 1146 dissensionemque
1732 1103 1880 1135 ciuilem.
1924 1101 2026 1134 Adde
2053 1107 2131 1144 post

255 1157 328 1189 red.
359 1158 394 1189 in
424 1170 494 1189 sen.
526 1159 563 1190 C.
597 1159 660 1191 IV.
694 1158 805 1200 3.10.
849 1169 916 1189 non
945 1157 1119 1196 consules,
1160 1163 1212 1189 set
1240 1163 1447 1190 mercatores
1468 1158 1737 1201 prouinciarum
1769 1168 1811 1189 ac
1836 1156 2033 1189 uenditores
2069 1167 2131 1187 uo-

256 1216 350 1242 strae
373 1211 572 1252 dignitatis.

343 1263 414 1303 Qui
436 1264 662 1303 exercitibus,
686 1264 746 1307 qui
769 1263 896 1302 armis,
920 1262 982 1305 qui
1007 1261 1127 1306 opibus
1145 1261 1353 1305 plurumum
1368 1263 1547 1306 poterant)
1573 1262 1656 1293 Bau.
1682 1261 1731 1302 [et
1752 1259 1841 1301 Erf.]
1866 1267 1900 1292 et
1922 1272 2008 1292 unus
2033 1260 2133 1293 Oxo-

258 1316 382 1347 niensis
406 1317 569 1348 exercitu.
616 1316 831 1348 Conse-reuda
850 1315 1010 1347 Sextiana
1032 1320 1081 1345 est
1105 1314 1141 1345 C.
1165 1315 1282 1346 XVII.
1301 1315 1435 1346 XVIII.
1455 1315 1575 1346 XIX..
1618 1315 1674 1346 Ex
1698 1324 1736 1344 ea
1755 1319 1856 1356 patet,
1880 1312 2132 1345 triumuiratum

258 1369 530 1400 celeberrumum
554 1369 707 1411 intellegi
730 1368 888 1411 Pompei,
919 1368 1088 1405 Caesaris,
1121 1373 1154 1398 et
1179 1367 1309 1404 Crassig
1344 1379 1384 1399 ex
1408 1367 1547 1410 quibus,
1583 1366 1681 1406 dicit,
1711 1378 1820 1398 unum
1841 1365 2047 1408 (Caesarem)
2071 1369 2134 1400 Ῐια-

259 1422 334 1454 bere
357 1423 546 1454 exercitum
570 1423 606 1454 in
628 1423 739 1455 Italia
762 1434 986 1460 maxumum,
1016 1422 1104 1460 duo,
1139 1421 1200 1464 qui
1216 1420 1354 1463 priuati
1378 1426 1451 1451 tum
1476 1425 1605 1458 essent,
1639 1425 1673 1451 et
1689 1431 1851 1463 praeesse
1873 1425 1906 1452 et
1929 1432 2078 1464 parare,
2104 1422 2135 1453 si

260 1476 408 1514 uellent,
432 1475 622 1507 exercitmn
637 1488 758 1518 posse,
786 1476 889 1518 idque
902 1473 1069 1517 facturos
1092 1486 1162 1504 esse
1185 1472 1351 1515 (Clodius)
1374 1473 1529 1511 dicebat3
1552 1485 1613 1504 nec
1634 1472 1723 1504 milli
1744 1473 1805 1504 ille
1827 1473 1997 1505 iudicium
2017 1492 2060 1499 —
2084 1480 2137 1507 set

260 1528 350 1565 uim,
373 1540 491 1566 arma,
518 1529 707 1567 exercitus,
731 1529 963 1571 inperatores,
992 1532 1108 1558 castra
1126 1526 1364 1559 denuntiabat.
1410 1527 1498 1558 Cum
1521 1525 1623 1567 igitur
1644 1536 1731 1556 unus
1754 1537 1874 1556 reuera
1896 1531 1982 1557 esset
2004 1526 2137 1559 exerci-

261 1586 324 1618 tus,
349 1591 457 1621 eoque
479 1592 546 1611 uno
564 1580 736 1611 triumuiri
759 1581 826 1611 iam
847 1580 1048 1622 plurumum
1070 1585 1213 1622 possent,
1237 1579 1293 1609 hic
1308 1579 1463 1610 lubenter
1480 1578 1638 1620 equidem
1660 1580 1813 1611 exercitu
1834 1578 2035 1621 praeferam.
2060 1580 2136 1612 GA-

261 1642 463 1664 RATONlUs.
508 1632 607 1664 Nihil
630 1633 743 1664 uerius
766 1633 933 1675 scriptura
956 1634 1127 1671 exercitu,
1159 1643 1259 1673 quam
1284 1638 1314 1662 et
1338 1630 1468 1674 optumi
1491 1631 1635 1671 codices,
1666 1638 1699 1663 et
1721 1644 1774 1663 res
1798 1632 1889 1674 ipsa,
1926 1638 1959 1663 et
1978 1633 2037 1664 alii
2058 1633 2134 1674 loci,

261 1685 297 1716 in
321 1685 443 1726 quibus
468 1684 614 1716 eiusdem
638 1685 686 1716 rei
708 1685 835 1716 mentio
860 1684 914 1724 fit,
952 1686 1051 1715 unice
1075 1691 1224 1716 tuentur.
1271 1683 1340 1716 Cfr.
1370 1695 1432 1726 pro
1457 1683 1558 1715 domo
1584 1684 1621 1715 C.
1644 1685 1703 1716 LI.
1730 1685 1858 1726 3.151.
1895 1685 1949 1717 Τιι
1971 1702 2012 1708 -
2035 1697 2135 1729 quom

257 1738 500 1781 praesentibus
534 1739 641 1781 copiis
671 1739 906 1781 perditorum,
944 1737 1093 1769 absentis
1127 1738 1298 1770 exercitus
1328 1744 1459 1769 terrore
1495 1743 1528 1769 et
1558 1737 1663 1768 minis
1698 1744 1776 1778 etc„
1820 1738 1861 1769 de
1895 1749 2008 1780 arusp.
2044 1748 2133 1780 resp.

265 1791 302 1821 C.
326 1791 445 1822 XXII.
471 1792 500 1832 3.
525 1791 577 1833 47.
600 1792 658 1823 An
681 1793 745 1823 iste
763 1809 804 1814 —
826 1791 897 1822 nisi
920 1791 1108 1822 exercitum
1130 1790 1165 1822 C.
1188 1790 1346 1822 Caesaris
1369 1791 1421 1832 (in
1445 1802 1509 1833 quo
1523 1788 1698 1832 fallebat,
1726 1797 1778 1823 set
1799 1804 1895 1824 nemo
1916 1803 1994 1823 eum
2015 1789 2135 1822 redar-

262 1842 404 1885 guebat)
428 1844 499 1875 nisi
520 1856 615 1883 enm,
642 1845 804 1887 inquam,
840 1844 1029 1875 exercitum
1058 1844 1170 1887 signis
1201 1842 1339 1886 infestis
1366 1844 1402 1875 in
1434 1843 1568 1875 curiam
1597 1855 1632 1875 se
1654 1843 1882 1876 inmissurum
1903 1843 2134 1875 minitaretur.

264 1902 341 1937 post
362 1896 435 1928 red.
458 1896 493 1927 in
516 1909 585 1929 sen.
613 1898 651 1929 C.
673 1898 771 1928 XIII.
798 1899 828 1937 §.
853 1896 904 1928 32.
927 1897 1021 1928 Erat
1043 1897 1137 1928 alius
1161 1897 1209 1928 ad
1223 1903 1346 1940 portas
1367 1909 1444 1928 cum
1466 1895 1599 1938 inperio
1622 1895 1658 1927 in
1685 1897 1812 1928 multos
1834 1908 1957 1934 annos,
1990 1906 2136 1938 magno-

268 1960 330 1990 que
353 1950 524 1988 exercitu3
548 1962 647 1993 quem
669 1962 732 1992 ego
755 1949 935 1981 inimicum
958 1950 1045 1981 mihi
1058 1949 1177 1993 fuisse
1200 1962 1267 1981 non
1289 1949 1365 1981 dico
1373 1961 1385 1988 ,·
1419 1949 1579 1988 tacuisse,
1603 1962 1704 1993 quom
1726 1950 1898 1982 diceretur
1923 1959 1993 1979 esse
2015 1948 2135 1980 inimi-

269 2012 344 2041 cus,
372 2014 452 2033 sczo.

352 2052 386 2084 F
385 2054 510 2086 urialis
533 2056 599 2087 illa
622 2068 708 2094 uox,
731 2054 880 2098 nefariis
902 2056 1037 2099 stupris
1060 2057 1236 2099 religiosis
1267 2054 1439 2088 altaribus
1469 2054 1682 2098 effeminata)
1723 2055 1880 2085 Pessume
1902 2053 1943 2084 ab
1965 2051 2135 2093 Ernestio,

271 2103 447 2145 Schutzio,
483 2107 634 2148 Orellio‚
668 2108 810 2150 aliisque
833 2114 910 2150 post
933 2110 1066 2152 stupris
1093 2120 1221 2141 comma
1243 2108 1391 2151 positum
1415 2118 1500 2146 esse,
1539 2108 1610 2150 ipse
1635 2107 1764 2139 docebit
1787 2107 1905 2137 Cicero
1926 2106 1962 2136 in
1985 2111 2069 2136 orat.
2093 2105 2135 2137 de

270 2166 369 2197 prou.
393 2168 481 2189 cons.
507 2161 544 2191 C.
568 2162 614 2193 X.
640 2162 670 2203 3.
695 2160 746 2192 24.
770 2160 936 2193 scribens:
964 2161 1067 2201 Quod
1085 2163 1172 2194 milli
1195 2163 1312 2194 odium
1335 2173 1412 2192 cum
1434 2160 1477 2193 P.
1500 2160 1617 2193 Clodio
1629 2160 1727 2204 filit,
1756 2160 1827 2191 nisi
1850 2159 1941 2203 quod
1958 2158 2135 2202 pernicio-

271 2220 347 2239 sum
366 2211 506 2251 patriae
529 2215 638 2245 ciuem
651 2214 735 2257 fore
752 2214 943 2257 putabam,
978 2216 1039 2258 qui
1062 2215 1277 2258 turpissuma
1299 2213 1453 2245 lubidine
1474 2214 1631 2245 incensus
1653 2214 1762 2244 duas
1792 2224 1857 2244 res
1881 2224 1983 2244 sanc
1996 2211 2134 2243 tissu-

272 2272 382 2299 mas,
414 2263 673 2306 religionem
701 2273 739 2299 et
755 2268 1051 2310 pudicitiam,
1093 2280 1173 2300 uno
1207 2267 1374 2299 scelere
1404 2266 1651 2298 uiolasset?
1696 2265 1782 2297 Uide
1814 2264 1929 2295 eadem
1953 2264 1992 2295 de
2014 2275 2052 2295 re
2079 2263 2133 2295 lo-

274 2315 504 2399 ἾὲθὲΐθιᾙΙΜ.
529 2317 682 2350 Tullium
711 2320 746 2351 in
772 2327 856 2352 orat.
884 2320 996 2351 Pison.
1028 2321 1066 2352 C.
1084 2321 1259 2353 XXXIX.
1288 2320 1318 2361 3.
1349 2320 1417 2362 95.,
1451 2319 1492 2349 de
1520 2329 1632 2361 arusp.
1661 2328 1750 2360 resp.
1782 2318 1819 2349 C.
1850 2317 1966 2350 XVII.
1998 2328 2066 2360 sq.‚
2097 2321 2130 2347 et

274 2377 292 2396 a
374 2372 411 2397 tt.
459 2392 467 2406 ‚
494 2378 562 2400 12..
