2264 2746
748 89 786 118 L.
808 89 864 119 111.
904 90 938 119 c.
965 91 1004 119 v.
1043 89 1071 131 ς.
1092 91 1118 121 5.
1139 90 1164 120 ο.
1186 89 1294 120 c.V1.
1863 93 1956 123 xcv

971 164 999 205 ς.
1027 170 1054 198 6.

152 234 208 263 Illa
235 245 310 265 uero
338 245 410 264 sane
436 235 558 273 leuior,
589 246 666 276 quae
693 247 710 266 a
729 237 883 266 Mausolei
910 237 1076 267 uicinitate
1104 238 1244 275 ducitur,
1272 247 1341 267 cum
1369 237 1520 268 indicium
1547 238 1712 269 habeamus
1740 238 1802 268 loci
1821 241 1955 279 porticu,

76 294 246 332 statuisque
265 294 301 323 ad
321 295 402 324 uiam
423 294 606 324 Flaminiam
627 294 746 330 ornati,
774 295 861 334 isque
881 295 967 324 locus
988 296 1021 324 in
1041 297 1196 326 Mausolei
1216 301 1386 335 conspectu
1405 297 1518 334 fuerit,
1545 308 1614 328 cum
1634 299 1736 328 uideri
1758 300 1794 328 ab
1815 299 1954 338 Augusto

75 352 228 381 delectum
248 353 398 381 Mausolei
419 353 465 381 sui
494 362 599 381 caussa
624 353 736 390 fuisse,
764 365 842 393 quo,
870 365 909 383 ex
929 354 1086 393 Capitolio
1114 365 1188 393 quas
1215 354 1358 392 tolleret,
1393 361 1506 386 statuas
1526 362 1735 397 conportaret.
1776 357 1864 396 Opus
1883 358 1956 386 illut

74 411 210 448 insigne,
231 410 312 449 quod
332 410 440 439 Strabo
461 411 509 447 V,
536 413 562 441 8.
590 416 753 451 tantopere
779 412 1003 450 admirabatur,
1032 413 1188 451 Augustus
1209 415 1293 441 inter
1312 415 1511 444 Flaminiam
1530 418 1617 444 uiam
1636 418 1799 454 ripamque
1824 416 1955 451 Tiberis,

74 476 109 498 ut
134 469 227 498 tradit
246 469 410 497 Suetonius
430 479 495 507 cap.
517 469 568 504 C.,
594 475 677 497 sexto
705 480 760 497 suo
789 471 954 499 consulam
975 477 1161 499 extruxerat.
1199 470 1309 499 Annus
1329 472 1390 501 fuit
1410 473 1443 501 in
1469 474 1569 502 Fastis
1589 474 1798 503 DCCXXV..
1838 474 1885 503 Ita
1905 475 1956 503 in-

74 534 121 557 tra
146 537 259 567 paucos
286 537 381 555 annos
409 525 546 565 Capitoli
574 525 705 554 refectio
734 528 878 557 conclusa
898 529 1151 567 inscriptionem,
1178 538 1236 566 qua
1257 528 1294 556 dc
1314 529 1445 567 agimus,
1472 537 1542 559 ante
1562 533 1666 561 forum
1686 532 1846 562 conditum
1866 532 1956 571 posi—

73 592 134 615 tam
176 587 208 615 in
250 596 355 624 campo
388 585 502 613 Martio
544 584 669 613 doceret
710 586 858 623 apertius.
911 587 1056 625 Denique
1091 586 1125 614 iu
1164 587 1238 614 aede
1271 587 1410 616 Honoris
1457 593 1488 616 et
1522 588 1658 618 Uirtutis
1692 591 1783 619 aliam
1815 591 1852 619 ab
1886 590 1955 630 ipso

74 645 107 673 C.
150 643 250 673 Mario
290 642 526 681 inscriptionem
571 643 759 672 conlocatam
807 643 962 683 oportuit,
1016 644 1192 673 breuiorem
1239 645 1339 681 illam,
1382 646 1511 684 opinor,
1551 652 1586 675 ut
1628 648 1831 677 dedicationis
1874 648 1955 677 ratio

74 708 105 732 et
135 702 220 730 locus
258 702 292 730 in
327 700 436 739 templi
476 702 580 729 fronte
621 702 804 740 postulabat.
859 701 923 737 Qui
963 712 1038 730 uero
1073 703 1219 740 ellogiunl
1252 703 1387 742 Augusti
1422 703 1507 732 iussu
1541 705 1742 743 conscripsit,
1776 707 1851 734 hacc
1884 706 1956 734 inde

74 759 218 799 sumpsit:
251 760 320 787 DE.
354 759 603 788 MANUBIEIS.
638 758 798 799 (manibiis
831 758 989 796 Augustus
1026 759 1092 797 ipse
1126 760 1314 801 scripsisset)
1342 761 1599 790 CIMBRICEIS.
1633 763 1702 792 ET.
1737 763 1957 792 TEUTONI-

73 818 176 848 CEIS.
196 817 359 847 AEDEM.
380 817 566 846 IIONORI.
586 817 654 845 ET.
675 816 872 845 UIRTUTI.
893 815 1071 845 UICTOR.
1097 818 1236 848 FECIT.
1280 819 1333 847 Sic
1354 818 1387 847 in
1408 819 1510 858 lapide
1530 818 1580 848 his
1600 820 1707 858 paucis
1727 822 1816 849 annis
1837 822 1955 850 Romae

75 877 196 905 detecto
217 877 254 904 L.
275 876 458 911 Mummius,
478 877 531 914 qui
552 874 738 905 Corinthum
759 874 892 910 ‹le]cuit‚
912 878 983 911 post
1003 874 1099 902 multa
1119 875 1298 914 interiecta,
1318 877 1589 906 IMPERATOR.
1610 879 1817 908 DEDICAT.
1855 880 1956 909 Arre-

74 935 174 963 tinum
194 935 368 974 cxemplum
389 935 564 963 emeudauit
584 939 669 963 recte
691 932 807 961 Gorius
828 932 866 960 T.
888 932 927 960 II.
948 931 1093 971 Inscript.
1114 933 1222 963 Etrur.
1242 946 1272 974 p.
1293 937 1375 972 252,
1409 946 1510 974 neque
1529 936 1632 965 :ninus
1652 943 1736 966 recte
1756 937 1954 967 Uitruuianis

77 994 153 1022 locis
174 999 220 1022 est
240 1004 320 1021 usus.
364 993 440 1021 Erat
460 993 542 1020 enim
564 992 619 1020 illo
640 992 673 1020 in
693 990 837 1029 exemplo
857 990 925 1018 ET.
946 989 1125 1020 UICTOR.
1146 992 1248 1029 quasi,
1277 999 1305 1021 et
1330 996 1497 1024 Uictoriae.
1537 995 1586 1023 Ex
1606 994 1655 1023 his
1676 995 1797 1024 tandem
1820 1002 1955 1034 apparet,

78 1051 296 1090 inscriptiones
324 1050 477 1078 Marianas
504 1050 620 1078 Romae
648 1050 682 1078 in
711 1050 858 1088 operibus
885 1047 1020 1088 publicis
1040 1048 1136 1077 fuisse
1155 1049 1224 1079 has:
1253 1052 1383 1090 primam
1404 1052 1436 1080 in
1457 1053 1531 1081 aede
1551 1053 1587 1080 ab
1608 1052 1676 1091 ipso
1696 1054 1816 1089 Mario,
1844 1065 1955 1083 secun-

78 1110 145 1138 dam
164 1108 289 1148 publice
310 1107 342 1135 in
363 1107 537 1146 Capitolio,
571 1117 610 1135 ex
630 1117 688 1145 qua
708 1107 840 1136 sortasse
868 1111 1042 1135 extremum
1070 1107 1143 1136 illut
1171 1114 1231 1145 est,
1266 1109 1419 1139 [VESTE.
1448 1110 1738 1140 TRIUMPHALI.
1766 1111 1954 1140 CALCEIS.

74 1165 329 1196 PATRICIEIS.
349 1166 412 1194 nisi
432 1166 537 1205 potius
557 1165 595 1193 ad
614 1165 724 1204 templi
745 1165 971 1194 dedicationem
991 1166 1145 1204 pertinet,
1165 1172 1257 1206 atque
1277 1169 1314 1196 ab
1335 1169 1404 1208 ipso
1424 1169 1526 1199 Marm
1548 1168 1625 1204 fuit;
1646 1167 1768 1197 tertiam
1789 1170 1825 1197 ab
1846 1169 1954 1207 Augu-

73 1230 119 1254 sto
139 1225 173 1253 in
195 1234 301 1262 campo
321 1224 436 1253 Martio
456 1228 528 1253 ante
547 1223 757 1261 Mausoleum,
777 1234 854 1264 quae
874 1223 907 1252 in
928 1223 1014 1252 illius
1037 1225 1106 1253 foro
1128 1225 1236 1254 eodem
1256 1228 1399 1266 exemplo
1420 1228 1534 1265 fuerit,
1555 1227 1644 1256 aliam
1665 1227 1798 1266 denique
1819 1227 1953 1255 similem

75 1284 109 1312 in
128 1283 197 1313 foro
220 1281 358 1311 Traiani.

897 1473 927 1507 C
937 1472 968 1508 A
978 1474 1017 1507 P.
1071 1474 1133 1509 VI.

455 1581 841 1612 ARGUMENTUM
873 1582 1178 1612 ORATIONIS
1214 1583 1572 1614 PLANCIANAE.

153 1711 232 1739 Cmn
247 1717 325 1737 anno
341 1718 370 1736 u.
391 1717 414 1736 c.
427 1707 491 1746 699.
507 1707 564 1736 Cn.
578 1706 727 1746 Pompeio
742 1712 773 1737 et
787 1709 831 1737 M.
840 1707 966 1737 Licinio
984 1708 1093 1737 Crasso
1109 1708 1277 1738 secundum
1293 1709 1471 1739 consulibus
1486 1709 1508 1749 ¹)
1530 1711 1584 1740 Cn.
1601 1711 1753 1747 Plancius,
1768 1711 1805 1739 A.
1824 1711 1952 1747 Plotius,

78 1772 118 1808 Q.
132 1768 256 1803 Pedius,
276 1771 307 1794 et
322 1766 365 1794 M.
382 1764 543 1794 quentius
559 1764 736 1794 Laterensis
749 1763 773 1803 9)
794 1766 982 1796 aedilitatem
997 1767 1136 1796 curulem
1158 1767 1192 1795 in
1207 1777 1323 1796 annum
1341 1774 1520 1806 sequentem
1540 1769 1699 1808 petissent,
1717 1779 1755 1797 ex
1776 1769 1874 1808 iisque
1895 1769 1952 1798 Cn.

77 1827 221 1858 Plancius
240 1828 271 1853 et
290 1824 328 1852 A.
349 1823 470 1851 Plotius
486 1822 523 1850 L.
539 1822 681 1852 Domitio
702 1829 734 1852 et
748 1824 854 1863 Appio
876 1826 1006 1855 Claudio
1029 1836 1105 1854 coss.
1126 1835 1206 1853 anno
1228 1835 1291 1860 700.
1305 1823 1345 1864 ³),
1367 1826 1439 1864 quia
1456 1827 1577 1865 prolata
1598 1832 1685 1855 erant
1704 1827 1845 1863 comitia,
1866 1827 1952 1855 aedi-

77 1889 122 1918 les
142 1884 265 1915 curules
285 1886 386 1910 essent
406 1881 573 1919 designati,
600 1882 644 1910 M.
664 1881 843 1911 Laterensis
864 1883 920 1913 Cn.
941 1884 1101 1913 Plancium
1120 1883 1188 1921 lege
1208 1883 1332 1912 Licinia
1352 1883 1390 1911 de
1409 1884 1566 1913 sodaliciis
1582 1885 1604 1924 ·*)
1622 1884 1809 1924 postulauit,
1831 1889 1862 1912 et
1883 1894 1952 1912 cum

78 1946 117 1974 L.
138 1942 242 1973 Cassio
263 1940 475 1978 subscriptore
495 1937 532 1966 ad
552 1938 586 1966 C.
606 1937 736 1967 Flauum
755 1939 872 1969 Alfium
884 1940 908 1979 ⁵)
929 1947 1120 1981 praetorem,
1153 1952 1243 1980 quem
1263 1942 1330 1980 ipse
1359 1952 1417 1980 pro
1444 1942 1606 1979 facultate,
1641 1953 1729 1981 quam
1755 1943 1807 1971 lex
1827 1942 1952 1970 Licinia

78 2003 183 2037 dabat,
210 1999 414 2040 quaesitorem
441 1995 538 2026 iudici
558 1995 727 2032 delegerat,
746 1996 924 2037 iudicesque
944 2000 1086 2028 editicios
1100 1998 1141 2038 ⁶),
1176 2009 1252 2038 quos
1273 1999 1376 2028 eadem
1397 1999 1448 2027 lex
1469 2001 1671 2037 concedebat,
1692 2001 1870 2030 accussauit.
1893 2002 1949 2030 Cn.

79 2060 187 2091 Planci
211 2067 345 2088 caussam
371 2057 414 2085 M.
444 2054 570 2084 Tullius
596 2054 709 2083 Cicero
738 2057 889 2096 suscepit,
916 2059 968 2097 qui
990 2069 1059 2088 cum
1085 2058 1158 2087 exul
1187 2063 1253 2086 erat
1277 2068 1293 2086 a
1321 2058 1376 2086 Cn.
1404 2058 1530 2087 Plancio
1561 2064 1722 2098 quaestore
1749 2058 1951 2088 Macedoniae

163 2273 183 2306 ¹)
198 2272 268 2297 Uide
286 2271 391 2305 Proleg.
410 2269 502 2296 L.r11.
522 2279 546 2296 c.
567 2277 590 2296 ι.
607 2269 630 2303 §.
646 2277 680 2294 2..
699 2283 732 2288 —
761 2268 782 2301 Ω)
800 2268 857 2295 Hos
876 2275 999 2303 quattuor
1018 2281 1067 2298 una
1085 2271 1251 2297 aedilitatem
1269 2271 1385 2298 curulem
1402 2272 1506 2307 petisse,
1525 2282 1557 2299 ex
1576 2281 1614 2300 or.
1631 2272 1722 2301 Plane.
1739 2272 1770 2298 C.
1788 2272 1846 2299 VII.
1866 2273 1888 2306 ᾗ.
1909 2281 1948 2304 17·

88 2321 115 2342 et
132 2317 162 2343 C.
180 2317 270 2342 XXII.
289 2316 312 2349 ᾗ.
331 2316 387 2347 54.,
414 2320 440 2341 et
458 2324 491 2341 ex
508 2315 581 2341 Prol.
600 2314 633 2340 L.
651 2314 696 2339 Πῐ-
716 2324 738 2339 e.
755 2315 780 2340 4.
799 2315 823 2347 ᾗ.
842 2324 867 2340 2.
885 2322 1005 2349 apparet.
1031 2330 1065 2336 —-
1094 2317 1114 2349 3)
1131 2316 1200 2341 Uide
1219 2316 1324 2351 Proleg.
1341 2316 1374 2344 L.
1392 2317 1438 2342 ΙΙΙ.
1457 2327 1480 2343 c.
1502 2326 1524 2343 1.
1542 2318 1565 2350 ᾗ.
1583 2326 1618 2344 2..
1637 2331 1670 2337 —
1699 2318 1721 2352 4)
1739 2318 1780 2341 De
1798 2317 1855 2350 lege
1873 2317 1948 2341 Lici-

84 2361 127 2386 nia
144 2360 215 2386 Prol.
233 2360 266 2384 L.
281 2360 328 2387 ΙΙΙ.
346 2369 368 2384 c.
386 2360 412 2385 3.
430 2360 537 2394 egimus.
555 2372 588 2380 —
616 2359 637 2392 5)
656 2359 698 2384 De
718 2358 750 2384 C.
769 2359 853 2384 Flauo
871 2359 956 2393 Alfio,
975 2360 1124 2394 quaesitore
1142 2360 1223 2386 iudici
1242 2360 1392 2394 manciani,
1421 2362 1484 2388 uide
1503 2362 1576 2388 Ptol.
1597 2362 1630 2388 L.
1649 2362 1695 2390 111.
1715 2372 1736 2387 c-
1754 2371 1788 2388 2..
1805 2376 1838 2382 —-
1867 2361 1887 2393 fi)
1906 2361 1947 2386 Dc·

87 2403 217 2430 iudicibus
237 2403 351 2430 edificiis
370 2404 442 2433 Ptol.
459 2405 491 2431 L.
508 2404 554 2431 111.
573 2413 595 2432 c.
613 2404 639 2431 5.
657 2404 681 2438 ᾗ.
697 2404 724 2430 3.
741 2403 848 2437 egimus.
