<?xml version="1.0" encoding="UTF-8"?>
<!DOCTYPE html PUBLIC "-//W3C//DTD XHTML 1.0 Transitional//EN"
    "http://www.w3.org/TR/xhtml1/DTD/xhtml1-transitional.dtd">
<html xmlns="http://www.w3.org/1999/xhtml" xml:lang="en" lang="en">
 <head>
  <title>
</title>
<meta http-equiv="Content-Type" content="text/html;charset=utf-8" />
  <meta name='ocr-system' content='tesseract 3.04.00' />
  <meta name='ocr-capabilities' content='ocr_page ocr_carea ocr_par ocr_line ocrx_word'/>
</head>
<body>
  <div class='ocr_page' id='page_1' title='image "./oratioprocnplan00ciceuoft_0186.png"; bbox 0 0 2264 2746; ppageno 0'>
   <div class='ocr_carea' id='block_1_1' title="bbox 301 69 1523 105">
    <p class='ocr_par' dir='ltr' id='par_1_1' title="bbox 301 69 1523 105">
     <span class='ocr_line' id='line_1_1' title="bbox 301 69 1523 105; baseline 0.007 -15"><span class='ocrx_word' id='word_1_1' title='bbox 301 78 337 105; x_wconf 82' lang='lat'><strong>70</strong></span> <span class='ocrx_word' id='word_1_2' title='bbox 944 69 1523 99; x_wconf 86' lang='lat' dir='ltr'><strong>COMMENTARIUS.</strong></span> 
     </span>
    </p>
   </div>
   <div class='ocr_carea' id='block_1_2' title="bbox 302 143 2178 342">
    <p class='ocr_par' dir='ltr' id='par_1_2' title="bbox 302 143 2178 342">
     <span class='ocr_line' id='line_1_2' title="bbox 302 143 2174 191; baseline -0.001 -13"><span class='ocrx_word' id='word_1_3' title='bbox 302 159 335 191; x_wconf 89' lang='lat' dir='ltr'><strong>p.</strong></span> <span class='ocrx_word' id='word_1_4' title='bbox 361 146 452 178; x_wconf 81' lang='lat'><strong>525..</strong></span> <span class='ocrx_word' id='word_1_5' title='bbox 494 145 545 178; x_wconf 83' lang='lat' dir='ltr'><strong>lta</strong></span> <span class='ocrx_word' id='word_1_6' title='bbox 569 146 727 178; x_wconf 83' lang='lat' dir='ltr'><strong>scribitur</strong></span> <span class='ocrx_word' id='word_1_7' title='bbox 751 149 833 186; x_wconf 87' lang='lat' dir='ltr'><strong>aput:</strong></span> <span class='ocrx_word' id='word_1_8' title='bbox 857 143 1059 176; x_wconf 85' lang='lat' dir='ltr'><strong>Terentium</strong></span> <span class='ocrx_word' id='word_1_9' title='bbox 1082 150 1255 186; x_wconf 79' lang='lat' dir='ltr'>tamquam</span> <span class='ocrx_word' id='word_1_10' title='bbox 1279 155 1322 175; x_wconf 80' lang='lat' dir='ltr'><strong>ex</strong></span> <span class='ocrx_word' id='word_1_11' title='bbox 1345 145 1465 176; x_wconf 79' lang='lat' dir='ltr'><strong>Bembi</strong></span> <span class='ocrx_word' id='word_1_12' title='bbox 1488 144 1619 183; x_wconf 79' lang='lat' dir='ltr'><strong>codice,</strong></span> <span class='ocrx_word' id='word_1_13' title='bbox 1651 149 1684 174; x_wconf 87' lang='lat' dir='ltr'><strong>et</strong></span> <span class='ocrx_word' id='word_1_14' title='bbox 1707 143 1753 175; x_wconf 85' lang='lat' dir='ltr'><strong>sic</strong></span> <span class='ocrx_word' id='word_1_15' title='bbox 1776 143 1834 174; x_wconf 89' lang='lat' dir='ltr'><strong>ille</strong></span> <span class='ocrx_word' id='word_1_16' title='bbox 1857 143 1991 186; x_wconf 89' lang='lat' dir='ltr'><strong>quidem</strong></span> <span class='ocrx_word' id='word_1_17' title='bbox 2017 145 2174 177; x_wconf 87' lang='lat' dir='ltr'><strong>Eunuch.</strong></span> 
     </span>
     <span class='ocr_line' id='line_1_3' title="bbox 302 196 2177 241; baseline -0.004 -11"><span class='ocrx_word' id='word_1_18' title='bbox 302 201 352 240; x_wconf 85' lang='lat' dir='ltr'><strong>II,</strong></span> <span class='ocrx_word' id='word_1_19' title='bbox 379 212 391 231; x_wconf 86' lang='lat'><em>1</em></span> <span class='ocrx_word' id='word_1_20' title='bbox 407 224 415 239; x_wconf 97' lang='lat'><strong>,</strong></span> <span class='ocrx_word' id='word_1_21' title='bbox 444 199 490 230; x_wconf 70' lang='lat'><strong>14.</strong></span> <span class='ocrx_word' id='word_1_22' title='bbox 515 206 547 231; x_wconf 84' lang='lat' dir='ltr'><strong>et</strong></span> <span class='ocrx_word' id='word_1_23' title='bbox 570 200 706 230; x_wconf 86' lang='lat' dir='ltr'><strong>Phorm.</strong></span> <span class='ocrx_word' id='word_1_24' title='bbox 729 197 778 234; x_wconf 86' lang='lat' dir='ltr'><strong>V,</strong></span> <span class='ocrx_word' id='word_1_25' title='bbox 803 196 840 235; x_wconf 84' lang='lat'><strong>5,</strong></span> <span class='ocrx_word' id='word_1_26' title='bbox 868 208 933 235; x_wconf 92' lang='lat'><strong>11.‚</strong></span> <span class='ocrx_word' id='word_1_27' title='bbox 965 203 1015 228; x_wconf 85' lang='lat' dir='ltr'><strong>set</strong></span> <span class='ocrx_word' id='word_1_28' title='bbox 1036 197 1185 240; x_wconf 74' lang='lat' dir='ltr'><strong>Adelph.</strong></span> <span class='ocrx_word' id='word_1_29' title='bbox 1212 197 1282 232; x_wconf 87' lang='lat' dir='ltr'><strong>IV,</strong></span> <span class='ocrx_word' id='word_1_30' title='bbox 1310 209 1342 237; x_wconf 89' lang='lat'><strong>1,</strong></span> <span class='ocrx_word' id='word_1_31' title='bbox 1367 197 1397 228; x_wconf 84' lang='lat'><strong>5.</strong></span> <span class='ocrx_word' id='word_1_32' title='bbox 1427 197 1649 241; x_wconf 77' lang='lat' dir='ltr'><strong>defatigarit.</strong></span> <span class='ocrx_word' id='word_1_33' title='bbox 1674 197 1933 228; x_wconf 60' lang='lat' dir='ltr'><strong>Gmmoxms.</strong></span> <span class='ocrx_word' id='word_1_34' title='bbox 1978 198 2023 228; x_wconf 77' lang='lat' dir='ltr'><strong>Et</strong></span> <span class='ocrx_word' id='word_1_35' title='bbox 2044 198 2177 228; x_wconf 83' lang='lat' dir='ltr'><strong>Teren-</strong></span> 
     </span>
     <span class='ocr_line' id='line_1_4' title="bbox 302 248 2178 293; baseline -0.003 -8"><span class='ocrx_word' id='word_1_36' title='bbox 302 254 387 285; x_wconf 86' lang='lat' dir='ltr'><strong>tium</strong></span> <span class='ocrx_word' id='word_1_37' title='bbox 414 260 446 284; x_wconf 88' lang='lat' dir='ltr'><strong>et</strong></span> <span class='ocrx_word' id='word_1_38' title='bbox 472 252 669 283; x_wconf 75' lang='lat' dir='ltr'><strong>Ciceronem</strong></span> <span class='ocrx_word' id='word_1_39' title='bbox 700 248 893 292; x_wconf 63' lang='lat' dir='ltr'><strong>defetigari</strong></span> <span class='ocrx_word' id='word_1_40' title='bbox 920 249 1108 293; x_wconf 83' lang='lat' dir='ltr'><strong>scripsisse,</strong></span> <span class='ocrx_word' id='word_1_41' title='bbox 1146 251 1183 282; x_wconf 87' lang='lat' dir='ltr'><strong>in</strong></span> <span class='ocrx_word' id='word_1_42' title='bbox 1204 250 1312 292; x_wconf 84' lang='lat' dir='ltr'><strong>libro,</strong></span> <span class='ocrx_word' id='word_1_43' title='bbox 1351 262 1451 293; x_wconf 89' lang='lat' dir='ltr'><strong>quem</strong></span> <span class='ocrx_word' id='word_1_44' title='bbox 1483 250 1524 282; x_wconf 90' lang='lat' dir='ltr'><strong>de</strong></span> <span class='ocrx_word' id='word_1_45' title='bbox 1547 249 1789 293; x_wconf 71' lang='lat' dir='ltr'><strong>orthographia</strong></span> <span class='ocrx_word' id='word_1_46' title='bbox 1819 249 1924 281; x_wconf 87' lang='lat' dir='ltr'><strong>latina</strong></span> <span class='ocrx_word' id='word_1_47' title='bbox 1951 249 2178 292; x_wconf 85' lang='lat' dir='ltr'><strong>conscriptum</strong></span> 
     </span>
     <span class='ocr_line' id='line_1_5' title="bbox 302 301 958 342; baseline -0.008 -3"><span class='ocrx_word' id='word_1_48' title='bbox 302 318 385 339; x_wconf 72' lang='lat' dir='ltr'><strong>mox</strong></span> <span class='ocrx_word' id='word_1_49' title='bbox 407 304 559 337; x_wconf 82' lang='lat' dir='ltr'><strong>emissuri</strong></span> <span class='ocrx_word' id='word_1_50' title='bbox 582 313 714 342; x_wconf 90' lang='lat' dir='ltr'><strong>sumus,</strong></span> <span class='ocrx_word' id='word_1_51' title='bbox 739 301 958 334; x_wconf 83' lang='lat' dir='ltr'><strong>ostendimus.</strong></span> 
     </span>
    </p>
   </div>
   <div class='ocr_carea' id='block_1_3' title="bbox 1112 390 1369 427">
    <p class='ocr_par' dir='ltr' id='par_1_3' title="bbox 1112 390 1369 427">
     <span class='ocr_line' id='line_1_6' title="bbox 1112 390 1369 427; baseline -0.004 -1"><span class='ocrx_word' id='word_1_52' title='bbox 1112 391 1272 426; x_wconf 90' lang='lat' dir='ltr'><strong>CAP.</strong></span> <span class='ocrx_word' id='word_1_53' title='bbox 1323 390 1369 427; x_wconf 88' lang='lat' dir='ltr'><strong>V.</strong></span> 
     </span>
    </p>
   </div>
   <div class='ocr_carea' id='block_1_4' title="bbox 294 460 2183 2413">
    <p class='ocr_par' dir='ltr' id='par_1_4' title="bbox 294 460 2183 2413">
     <span class='ocr_line' id='line_1_7' title="bbox 386 460 2180 507; baseline -0.001 -13"><span class='ocrx_word' id='word_1_54' title='bbox 386 467 414 506; x_wconf 80' lang='lat'><strong>§.</strong></span> <span class='ocrx_word' id='word_1_55' title='bbox 443 474 489 494; x_wconf 81' lang='lat'><strong>12.</strong></span> <span class='ocrx_word' id='word_1_56' title='bbox 535 464 607 503; x_wconf 83' lang='lat' dir='ltr'><strong>Oui</strong></span> <span class='ocrx_word' id='word_1_57' title='bbox 628 464 660 495; x_wconf 86' lang='lat' dir='ltr'><strong>si</strong></span> <span class='ocrx_word' id='word_1_58' title='bbox 679 479 724 487; x_wconf 89' lang='lat'>—</span> <span class='ocrx_word' id='word_1_59' title='bbox 744 463 827 495; x_wconf 77' lang='lat' dir='ltr'><strong>haec</strong></span> <span class='ocrx_word' id='word_1_60' title='bbox 849 464 962 506; x_wconf 84' lang='lat' dir='ltr'><strong>dicat)</strong></span> <span class='ocrx_word' id='word_1_61' title='bbox 1006 465 1033 496; x_wconf 93' lang='lat' dir='ltr'>B</span> <span class='ocrx_word' id='word_1_62' title='bbox 1064 478 1104 497; x_wconf 81' lang='lat' dir='ltr'><strong>ac</strong></span> <span class='ocrx_word' id='word_1_63' title='bbox 1127 465 1222 496; x_wconf 84' lang='lat' dir='ltr'><strong>dicat</strong></span> <span class='ocrx_word' id='word_1_64' title='bbox 1244 475 1307 507; x_wconf 84' lang='lat' dir='ltr'><strong>pro</strong></span> <span class='ocrx_word' id='word_1_65' title='bbox 1331 465 1414 496; x_wconf 70' lang='lat' dir='ltr'><strong>llaec</strong></span> <span class='ocrx_word' id='word_1_66' title='bbox 1436 464 1550 496; x_wconf 79' lang='lat' dir='ltr'><strong>dicat.-</strong></span> <span class='ocrx_word' id='word_1_67' title='bbox 1580 469 1619 495; x_wconf 85' lang='lat' dir='ltr'><strong>ut</strong></span> <span class='ocrx_word' id='word_1_68' title='bbox 1640 464 1682 495; x_wconf 82' lang='lat' dir='ltr'><strong>ad</strong></span> <span class='ocrx_word' id='word_1_69' title='bbox 1705 463 1880 506; x_wconf 83' lang='lat' dir='ltr'><strong>sequentia</strong></span> <span class='ocrx_word' id='word_1_70' title='bbox 1902 460 2089 500; x_wconf 80' lang='lat' dir='ltr'><strong>reseratur,</strong></span> <span class='ocrx_word' id='word_1_71' title='bbox 2126 472 2180 493; x_wconf 88' lang='lat' dir='ltr'><strong>re-</strong></span> 
     </span>
     <span class='ocr_line' id='line_1_8' title="bbox 302 516 2180 561; baseline -0.004 -11"><span class='ocrx_word' id='word_1_72' title='bbox 302 516 498 561; x_wconf 75' lang='lat' dir='ltr'><strong>spomlebis‚</strong></span> <span class='ocrx_word' id='word_1_73' title='bbox 527 517 637 549; x_wconf 88' lang='lat' dir='ltr'><strong>credo.</strong></span> <span class='ocrx_word' id='word_1_74' title='bbox 681 516 801 548; x_wconf 88' lang='lat' dir='ltr'><strong>Breuis</strong></span> <span class='ocrx_word' id='word_1_75' title='bbox 826 523 875 548; x_wconf 81' lang='lat' dir='ltr'><strong>est</strong></span> <span class='ocrx_word' id='word_1_76' title='bbox 899 517 990 548; x_wconf 89' lang='lat' dir='ltr'><strong>enim</strong></span> <span class='ocrx_word' id='word_1_77' title='bbox 1013 517 1199 555; x_wconf 87' lang='lat' dir='ltr'><strong>adlocutio,</strong></span> <span class='ocrx_word' id='word_1_78' title='bbox 1234 528 1318 559; x_wconf 83' lang='lat' dir='ltr'><strong>quae</strong></span> <span class='ocrx_word' id='word_1_79' title='bbox 1341 516 1531 556; x_wconf 80' lang='lat' dir='ltr'><strong>inducitur,</strong></span> <span class='ocrx_word' id='word_1_80' title='bbox 1568 522 1667 558; x_wconf 89' lang='lat' dir='ltr'><strong>atque</strong></span> <span class='ocrx_word' id='word_1_81' title='bbox 1691 517 1773 548; x_wconf 83' lang='lat' dir='ltr'><strong>adeo</strong></span> <span class='ocrx_word' id='word_1_82' title='bbox 1798 516 1955 554; x_wconf 87' lang='lat' dir='ltr'><strong>breuior,</strong></span> <span class='ocrx_word' id='word_1_83' title='bbox 1995 525 2095 556; x_wconf 88' lang='lat' dir='ltr'><strong>qnam</strong></span> <span class='ocrx_word' id='word_1_84' title='bbox 2116 525 2180 556; x_wconf 88' lang='lat' dir='ltr'><strong>pro</strong></span> 
     </span>
     <span class='ocr_line' id='line_1_9' title="bbox 302 567 2182 612; baseline -0.001 -11"><span class='ocrx_word' id='word_1_85' title='bbox 302 570 376 603; x_wconf 68' lang='lat' dir='ltr'><strong>Mil.</strong></span> <span class='ocrx_word' id='word_1_86' title='bbox 400 569 462 607; x_wconf 61' lang='lat'><strong>28„</strong></span> <span class='ocrx_word' id='word_1_87' title='bbox 486 569 543 600; x_wconf 90' lang='lat' dir='ltr'><strong>nbi</strong></span> <span class='ocrx_word' id='word_1_88' title='bbox 566 570 597 601; x_wconf 91' lang='lat' dir='ltr'><strong>si</strong></span> <span class='ocrx_word' id='word_1_89' title='bbox 620 570 785 602; x_wconf 83' lang='lat' dir='ltr'><strong>clamaret</strong></span> <span class='ocrx_word' id='word_1_90' title='bbox 812 570 852 602; x_wconf 88' lang='lat' dir='ltr'><strong>T.</strong></span> <span class='ocrx_word' id='word_1_91' title='bbox 868 570 1008 603; x_wconf 79' lang='lat' dir='ltr'><strong>Annius</strong></span> <span class='ocrx_word' id='word_1_92' title='bbox 1023 588 1066 593; x_wconf 93' lang='lat'><strong>--</strong></span> <span class='ocrx_word' id='word_1_93' title='bbox 1082 577 1168 602; x_wconf 84' lang='lat' dir='ltr'><strong>esset</strong></span> <span class='ocrx_word' id='word_1_94' title='bbox 1192 583 1273 602; x_wconf 80' lang='lat' dir='ltr'><strong>nero</strong></span> <span class='ocrx_word' id='word_1_95' title='bbox 1297 570 1497 602; x_wconf 83' lang='lat' dir='ltr'><strong>timendum.</strong></span> <span class='ocrx_word' id='word_1_96' title='bbox 1542 569 1596 600; x_wconf 85' lang='lat' dir='ltr'><strong>Sic.</strong></span> <span class='ocrx_word' id='word_1_97' title='bbox 1619 569 1731 611; x_wconf 88' lang='lat' dir='ltr'><strong>itaque</strong></span> <span class='ocrx_word' id='word_1_98' title='bbox 1754 569 1977 612; x_wconf 77' lang='lat' dir='ltr'><strong>interpungo:</strong></span> <span class='ocrx_word' id='word_1_99' title='bbox 2002 574 2035 599; x_wconf 87' lang='lat' dir='ltr'><strong>et</strong></span> <span class='ocrx_word' id='word_1_100' title='bbox 2057 567 2088 599; x_wconf 85' lang='lat' dir='ltr'><strong>si</strong></span> <span class='ocrx_word' id='word_1_101' title='bbox 2110 579 2182 599; x_wconf 79' lang='lat' dir='ltr'><strong>una</strong></span> 
     </span>
     <span class='ocr_line' id='line_1_10' title="bbox 302 621 2178 667; baseline -0.003 -13"><span class='ocrx_word' id='word_1_102' title='bbox 302 635 382 655; x_wconf 84' lang='lat' dir='ltr'><strong>uoce</strong></span> <span class='ocrx_word' id='word_1_103' title='bbox 405 622 500 665; x_wconf 76' lang='lat' dir='ltr'><strong>loqui</strong></span> <span class='ocrx_word' id='word_1_104' title='bbox 517 622 649 665; x_wconf 76' lang='lat' dir='ltr'><strong>possit,</strong></span> <span class='ocrx_word' id='word_1_105' title='bbox 677 635 718 654; x_wconf 89' lang='lat' dir='ltr'><strong>ac</strong></span> <span class='ocrx_word' id='word_1_106' title='bbox 744 624 855 655; x_wconf 79' lang='lat' dir='ltr'><strong>dicat.-</strong></span> <span class='ocrx_word' id='word_1_107' title='bbox 898 624 979 666; x_wconf 81' lang='lat' dir='ltr'><strong>Ego</strong></span> <span class='ocrx_word' id='word_1_108' title='bbox 1003 623 1067 654; x_wconf 85' lang='lat' dir='ltr'><strong>tibi</strong></span> <span class='ocrx_word' id='word_1_109' title='bbox 1087 640 1130 646; x_wconf 93' lang='lat'><strong>—-</strong></span> <span class='ocrx_word' id='word_1_110' title='bbox 1153 624 1388 667; x_wconf 71' lang='lat' dir='ltr'><strong>snpplicarat:</strong></span> <span class='ocrx_word' id='word_1_111' title='bbox 1434 621 1652 665; x_wconf 75' lang='lat' dir='ltr'><strong>respondebis</strong></span> <span class='ocrx_word' id='word_1_112' title='bbox 1676 623 1774 653; x_wconf 88' lang='lat' dir='ltr'><strong>credo</strong></span> <span class='ocrx_word' id='word_1_113' title='bbox 1798 628 1880 653; x_wconf 88' lang='lat' dir='ltr'><strong>etc..</strong></span> <span class='ocrx_word' id='word_1_114' title='bbox 1918 622 2178 653; x_wconf 69' lang='lat' dir='ltr'>GARATONIUS.</span> 
     </span>
     <span class='ocr_line' id='line_1_11' title="bbox 303 671 2181 718; baseline -0.001 -13"><span class='ocrx_word' id='word_1_115' title='bbox 303 675 405 706; x_wconf 91' lang='lat' dir='ltr'><strong>Cuius</strong></span> <span class='ocrx_word' id='word_1_116' title='bbox 429 674 629 706; x_wconf 84' lang='lat' dir='ltr'><strong>sententiam</strong></span> <span class='ocrx_word' id='word_1_117' title='bbox 653 687 722 706; x_wconf 87' lang='lat' dir='ltr'><strong>non</strong></span> <span class='ocrx_word' id='word_1_118' title='bbox 741 676 819 707; x_wconf 84' lang='lat' dir='ltr'><strong>satis</strong></span> <span class='ocrx_word' id='word_1_119' title='bbox 842 676 1013 708; x_wconf 77' lang='lat' dir='ltr'><strong>intellexit</strong></span> <span class='ocrx_word' id='word_1_120' title='bbox 1037 676 1199 716; x_wconf 88' lang='lat' dir='ltr'><strong>Orellius,</strong></span> <span class='ocrx_word' id='word_1_121' title='bbox 1225 676 1281 718; x_wconf 90' lang='lat' dir='ltr'><strong>qui</strong></span> <span class='ocrx_word' id='word_1_122' title='bbox 1305 674 1409 717; x_wconf 86' lang='lat' dir='ltr'><strong>magis</strong></span> <span class='ocrx_word' id='word_1_123' title='bbox 1434 674 1534 705; x_wconf 90' lang='lat' dir='ltr'><strong>etiam</strong></span> <span class='ocrx_word' id='word_1_124' title='bbox 1557 685 1575 704; x_wconf 90' lang='lat' dir='ltr'><strong>a</strong></span> <span class='ocrx_word' id='word_1_125' title='bbox 1593 685 1674 705; x_wconf 89' lang='lat' dir='ltr'><strong>uero</strong></span> <span class='ocrx_word' id='word_1_126' title='bbox 1697 674 1878 712; x_wconf 85' lang='lat' dir='ltr'><strong>aberrauit,</strong></span> <span class='ocrx_word' id='word_1_127' title='bbox 1901 685 2061 704; x_wconf 87' lang='lat' dir='ltr'><strong>monens:</strong></span> <span class='ocrx_word' id='word_1_128' title='bbox 2086 671 2181 712; x_wconf 77' lang='lat' dir='ltr'><strong>„Uix</strong></span> 
     </span>
     <span class='ocr_line' id='line_1_12' title="bbox 301 724 2179 771; baseline -0.001 -13"><span class='ocrx_word' id='word_1_129' title='bbox 301 727 459 770; x_wconf 82' lang='lat' dir='ltr'><strong>equidem</strong></span> <span class='ocrx_word' id='word_1_130' title='bbox 482 727 660 769; x_wconf 77' lang='lat' dir='ltr'><strong>intellego,</strong></span> <span class='ocrx_word' id='word_1_131' title='bbox 704 729 874 770; x_wconf 87' lang='lat' dir='ltr'><strong>quomodo</strong></span> <span class='ocrx_word' id='word_1_132' title='bbox 900 729 1105 768; x_wconf 81' lang='lat' dir='ltr'><strong>Garatonio,</strong></span> <span class='ocrx_word' id='word_1_133' title='bbox 1146 730 1198 760; x_wconf 89' lang='lat' dir='ltr'><strong>cui</strong></span> <span class='ocrx_word' id='word_1_134' title='bbox 1221 728 1420 771; x_wconf 82' lang='lat' dir='ltr'><strong>subscripsit</strong></span> <span class='ocrx_word' id='word_1_135' title='bbox 1443 726 1625 766; x_wconf 56' lang='lat' dir='ltr'><strong>XVolffius,</strong></span> <span class='ocrx_word' id='word_1_136' title='bbox 1666 727 1747 758; x_wconf 84' lang='lat' dir='ltr'><strong>haec</strong></span> <span class='ocrx_word' id='word_1_137' title='bbox 1776 725 1965 757; x_wconf 81' lang='lat' dir='ltr'><strong>emendatio</strong></span> <span class='ocrx_word' id='word_1_138' title='bbox 1995 724 2179 757; x_wconf 82' lang='lat' dir='ltr'><strong>exciderit:</strong></span> 
     </span>
     <span class='ocr_line' id='line_1_13' title="bbox 301 777 2180 825; baseline -0.001 -14"><span class='ocrx_word' id='word_1_139' title='bbox 301 781 362 823; x_wconf 79' lang='lat' dir='ltr'><strong>qui</strong></span> <span class='ocrx_word' id='word_1_140' title='bbox 384 781 415 811; x_wconf 88' lang='lat' dir='ltr'><strong>si</strong></span> <span class='ocrx_word' id='word_1_141' title='bbox 437 787 547 812; x_wconf 85' lang='lat' dir='ltr'><strong>tecum</strong></span> <span class='ocrx_word' id='word_1_142' title='bbox 570 783 839 824; x_wconf 72' lang='lat' dir='ltr'><strong>congrediatur,</strong></span> <span class='ocrx_word' id='word_1_143' title='bbox 870 789 920 822; x_wconf 85' lang='lat' dir='ltr'><strong>et,</strong></span> <span class='ocrx_word' id='word_1_144' title='bbox 956 783 1100 823; x_wconf 86' lang='lat' dir='ltr'><strong>[comma</strong></span> <span class='ocrx_word' id='word_1_145' title='bbox 1121 781 1186 813; x_wconf 86' lang='lat' dir='ltr'><strong>hoc</strong></span> <span class='ocrx_word' id='word_1_146' title='bbox 1208 793 1277 812; x_wconf 87' lang='lat' dir='ltr'><strong>non</strong></span> <span class='ocrx_word' id='word_1_147' title='bbox 1299 781 1413 825; x_wconf 88' lang='lat' dir='ltr'><strong>posuit</strong></span> <span class='ocrx_word' id='word_1_148' title='bbox 1438 780 1658 821; x_wconf 82' lang='lat' dir='ltr'><strong>Garatonius]</strong></span> <span class='ocrx_word' id='word_1_149' title='bbox 1690 781 1721 812; x_wconf 83' lang='lat' dir='ltr'><strong>si</strong></span> <span class='ocrx_word' id='word_1_150' title='bbox 1742 792 1812 812; x_wconf 84' lang='lat' dir='ltr'><strong>una</strong></span> <span class='ocrx_word' id='word_1_151' title='bbox 1838 791 1919 811; x_wconf 89' lang='lat' dir='ltr'><strong>uoce</strong></span> <span class='ocrx_word' id='word_1_152' title='bbox 1945 779 2039 822; x_wconf 76' lang='lat' dir='ltr'><strong>loqui</strong></span> <span class='ocrx_word' id='word_1_153' title='bbox 2055 777 2180 821; x_wconf 79' lang='lat' dir='ltr'><strong>possit,</strong></span> 
     </span>
     <span class='ocr_line' id='line_1_14' title="bbox 300 830 2182 876; baseline -0.001 -13"><span class='ocrx_word' id='word_1_154' title='bbox 300 845 341 864; x_wconf 87' lang='lat' dir='ltr'><strong>ac</strong></span> <span class='ocrx_word' id='word_1_155' title='bbox 363 833 457 864; x_wconf 86' lang='lat' dir='ltr'><strong>dicat</strong></span> <span class='ocrx_word' id='word_1_156' title='bbox 480 840 559 864; x_wconf 80' lang='lat' dir='ltr'><strong>etc..</strong></span> <span class='ocrx_word' id='word_1_157' title='bbox 606 835 702 875; x_wconf 83' lang='lat' dir='ltr'><strong>Quae</strong></span> <span class='ocrx_word' id='word_1_158' title='bbox 726 835 816 865; x_wconf 83' lang='lat' dir='ltr'><strong>enim</strong></span> <span class='ocrx_word' id='word_1_159' title='bbox 839 835 901 866; x_wconf 85' lang='lat' dir='ltr'><strong>ista</strong></span> <span class='ocrx_word' id='word_1_160' title='bbox 922 835 1127 867; x_wconf 80' lang='lat' dir='ltr'><strong>constructio</strong></span> <span class='ocrx_word' id='word_1_161' title='bbox 1152 841 1184 867; x_wconf 84' lang='lat' dir='ltr'><strong>et</strong></span> <span class='ocrx_word' id='word_1_162' title='bbox 1206 848 1247 866; x_wconf 80' lang='lat' dir='ltr'><strong>ac</strong></span> <span class='ocrx_word' id='word_1_163' title='bbox 1270 835 1391 866; x_wconf 72' lang='lat' dir='ltr'><strong>(lu-at?</strong></span> <span class='ocrx_word' id='word_1_164' title='bbox 1435 835 1556 875; x_wconf 80' lang='lat' dir='ltr'><strong>Neque</strong></span> <span class='ocrx_word' id='word_1_165' title='bbox 1580 833 1690 864; x_wconf 87' lang='lat' dir='ltr'><strong>omitti</strong></span> <span class='ocrx_word' id='word_1_166' title='bbox 1715 838 1827 876; x_wconf 84' lang='lat' dir='ltr'><strong>potest</strong></span> <span class='ocrx_word' id='word_1_167' title='bbox 1848 832 1926 863; x_wconf 82' lang='lat' dir='ltr'><strong>illut</strong></span> <span class='ocrx_word' id='word_1_168' title='bbox 1951 838 2002 870; x_wconf 77' lang='lat' dir='ltr'><strong>et,</strong></span> <span class='ocrx_word' id='word_1_169' title='bbox 2032 842 2108 862; x_wconf 88' lang='lat' dir='ltr'><strong>cum</strong></span> <span class='ocrx_word' id='word_1_170' title='bbox 2126 830 2182 861; x_wconf 84' lang='lat' dir='ltr'><strong>in-</strong></span> 
     </span>
     <span class='ocr_line' id='line_1_15' title="bbox 300 884 2181 932; baseline 0.001 -18"><span class='ocrx_word' id='word_1_171' title='bbox 300 884 537 926; x_wconf 83' lang='lat' dir='ltr'><strong>gratissumum</strong></span> <span class='ocrx_word' id='word_1_172' title='bbox 570 886 658 919; x_wconf 87' lang='lat' dir='ltr'><strong>soret</strong></span> <span class='ocrx_word' id='word_1_173' title='bbox 681 887 844 920; x_wconf 70' lang='grc' dir='ltr'><strong>α’σὺυὸετον</strong></span> <span class='ocrx_word' id='word_1_174' title='bbox 869 889 928 932; x_wconf 78' lang='lat' dir='ltr'><strong>qui</strong></span> <span class='ocrx_word' id='word_1_175' title='bbox 956 889 987 920; x_wconf 86' lang='lat' dir='ltr'><strong>si</strong></span> <span class='ocrx_word' id='word_1_176' title='bbox 1011 894 1122 920; x_wconf 85' lang='lat' dir='ltr'><strong>tecum</strong></span> <span class='ocrx_word' id='word_1_177' title='bbox 1152 888 1420 930; x_wconf 75' lang='lat' dir='ltr'><strong>congrediatur,</strong></span> <span class='ocrx_word' id='word_1_178' title='bbox 1465 887 1497 918; x_wconf 91' lang='lat' dir='ltr'><strong>si</strong></span> <span class='ocrx_word' id='word_1_179' title='bbox 1525 899 1595 918; x_wconf 79' lang='lat' dir='ltr'><strong>una</strong></span> <span class='ocrx_word' id='word_1_180' title='bbox 1624 899 1658 918; x_wconf 88' lang='lat' dir='ltr'><strong>u.</strong></span> <span class='ocrx_word' id='word_1_181' title='bbox 1681 887 1703 919; x_wconf 91' lang='lat' dir='ltr'><strong>l.</strong></span> <span class='ocrx_word' id='word_1_182' title='bbox 1725 886 1852 930; x_wconf 78' lang='lat' dir='ltr'><strong>possit,</strong></span> <span class='ocrx_word' id='word_1_183' title='bbox 1891 898 1932 917; x_wconf 84' lang='lat' dir='ltr'><strong>nc</strong></span> <span class='ocrx_word' id='word_1_184' title='bbox 1961 885 2065 916; x_wconf 85' lang='lat' dir='ltr'><strong>dicat.</strong></span> <span class='ocrx_word' id='word_1_185' title='bbox 2107 884 2181 916; x_wconf 86' lang='lat' dir='ltr'><strong>Nec</strong></span> 
     </span>
     <span class='ocr_line' id='line_1_16' title="bbox 299 937 2181 984; baseline 0 -16"><span class='ocrx_word' id='word_1_186' title='bbox 299 937 365 968; x_wconf 83' lang='lat' dir='ltr'><strong>tria</strong></span> <span class='ocrx_word' id='word_1_187' title='bbox 387 945 466 984; x_wconf 82' lang='lat' dir='ltr'><strong>sunt</strong></span> <span class='ocrx_word' id='word_1_188' title='bbox 488 940 641 972; x_wconf 85' lang='lat' dir='ltr'><strong>membra</strong></span> <span class='ocrx_word' id='word_1_189' title='bbox 663 942 758 984; x_wconf 84' lang='lat' dir='ltr'><strong>paria</strong></span> <span class='ocrx_word' id='word_1_190' title='bbox 783 943 813 973; x_wconf 88' lang='lat' dir='ltr'><strong>si</strong></span> <span class='ocrx_word' id='word_1_191' title='bbox 836 941 1096 984; x_wconf 76' lang='lat' dir='ltr'><strong>congrediatur,</strong></span> <span class='ocrx_word' id='word_1_192' title='bbox 1120 946 1152 972; x_wconf 87' lang='lat' dir='ltr'><strong>et</strong></span> <span class='ocrx_word' id='word_1_193' title='bbox 1174 941 1205 971; x_wconf 92' lang='lat' dir='ltr'><strong>si</strong></span> <span class='ocrx_word' id='word_1_194' title='bbox 1227 958 1269 963; x_wconf 90' lang='lat'>—</span> <span class='ocrx_word' id='word_1_195' title='bbox 1286 941 1411 983; x_wconf 79' lang='lat' dir='ltr'><strong>possit,</strong></span> <span class='ocrx_word' id='word_1_196' title='bbox 1435 953 1476 972; x_wconf 84' lang='lat' dir='ltr'><strong>ac</strong></span> <span class='ocrx_word' id='word_1_197' title='bbox 1498 940 1611 978; x_wconf 85' lang='lat' dir='ltr'><strong>dicat,-</strong></span> <span class='ocrx_word' id='word_1_198' title='bbox 1633 945 1683 970; x_wconf 87' lang='lat' dir='ltr'><strong>set</strong></span> <span class='ocrx_word' id='word_1_199' title='bbox 1706 939 1914 981; x_wconf 83' lang='lat' dir='ltr'><strong>si-—possit</strong></span> <span class='ocrx_word' id='word_1_200' title='bbox 1941 937 2074 969; x_wconf 86' lang='lat' dir='ltr'><strong>dicendi</strong></span> <span class='ocrx_word' id='word_1_201' title='bbox 2098 948 2181 968; x_wconf 90' lang='lat' dir='ltr'><strong>con-</strong></span> 
     </span>
     <span class='ocr_line' id='line_1_17' title="bbox 300 990 2183 1035; baseline 0 -14"><span class='ocrx_word' id='word_1_202' title='bbox 300 991 386 1022; x_wconf 87' lang='lat' dir='ltr'><strong>tinet</strong></span> <span class='ocrx_word' id='word_1_203' title='bbox 408 992 651 1024; x_wconf 85' lang='lat' dir='ltr'><strong>condicionem.</strong></span> <span class='ocrx_word' id='word_1_204' title='bbox 698 995 858 1026; x_wconf 89' lang='lat' dir='ltr'><strong>Ceterum</strong></span> <span class='ocrx_word' id='word_1_205' title='bbox 884 1000 964 1025; x_wconf 86' lang='lat' dir='ltr'><strong>nota</strong></span> <span class='ocrx_word' id='word_1_206' title='bbox 986 999 1178 1035; x_wconf 84' lang='lat' dir='ltr'><strong>separatum</strong></span> <span class='ocrx_word' id='word_1_207' title='bbox 1202 998 1235 1024; x_wconf 87' lang='lat' dir='ltr'><strong>et</strong></span> <span class='ocrx_word' id='word_1_208' title='bbox 1257 993 1289 1023; x_wconf 84' lang='lat' dir='ltr'><strong>si</strong></span> <span class='ocrx_word' id='word_1_209' title='bbox 1311 992 1422 1023; x_wconf 88' lang='lat' dir='ltr'><strong>locum</strong></span> <span class='ocrx_word' id='word_1_210' title='bbox 1445 992 1563 1035; x_wconf 86' lang='lat' dir='ltr'><strong>utique</strong></span> <span class='ocrx_word' id='word_1_211' title='bbox 1587 993 1731 1033; x_wconf 82' lang='lat' dir='ltr'><strong>habere,</strong></span> <span class='ocrx_word' id='word_1_212' title='bbox 1765 991 1824 1022; x_wconf 91' lang='lat' dir='ltr'><strong>ubi</strong></span> <span class='ocrx_word' id='word_1_213' title='bbox 1850 997 1994 1032; x_wconf 83' lang='lat' dir='ltr'><strong>utraque</strong></span> <span class='ocrx_word' id='word_1_214' title='bbox 2016 990 2183 1034; x_wconf 87' lang='lat' dir='ltr'><strong>particula</strong></span> 
     </span>
     <span class='ocr_line' id='line_1_18' title="bbox 301 1043 2182 1089; baseline 0.001 -15"><span class='ocrx_word' id='word_1_215' title='bbox 301 1043 449 1076; x_wconf 82' lang='lat' dir='ltr'><strong>diuersas</strong></span> <span class='ocrx_word' id='word_1_216' title='bbox 472 1045 513 1075; x_wconf 89' lang='lat' dir='ltr'><strong>ad</strong></span> <span class='ocrx_word' id='word_1_217' title='bbox 536 1046 716 1078; x_wconf 77' lang='lat' dir='ltr'><strong>sententias</strong></span> <span class='ocrx_word' id='word_1_218' title='bbox 740 1047 928 1089; x_wconf 69' lang='lat' dir='ltr'><strong>pertineatg</strong></span> <span class='ocrx_word' id='word_1_219' title='bbox 963 1046 1116 1087; x_wconf 87' lang='lat' dir='ltr'><strong>alioquin</strong></span> <span class='ocrx_word' id='word_1_220' title='bbox 1139 1045 1361 1076; x_wconf 80' lang='lat' dir='ltr'><strong>accuratiores</strong></span> <span class='ocrx_word' id='word_1_221' title='bbox 1391 1045 1507 1076; x_wconf 87' lang='lat' dir='ltr'><strong>dicunt</strong></span> <span class='ocrx_word' id='word_1_222' title='bbox 1528 1058 1569 1077; x_wconf 86' lang='lat' dir='ltr'><strong>ac</strong></span> <span class='ocrx_word' id='word_1_223' title='bbox 1592 1046 1632 1078; x_wconf 86' lang='lat' dir='ltr'><strong>si.</strong></span> <span class='ocrx_word' id='word_1_224' title='bbox 1675 1045 1756 1077; x_wconf 86' lang='lat' dir='ltr'><strong>Alia</strong></span> <span class='ocrx_word' id='word_1_225' title='bbox 1779 1044 1879 1075; x_wconf 86' lang='lat' dir='ltr'><strong>etiam</strong></span> <span class='ocrx_word' id='word_1_226' title='bbox 1902 1044 2020 1075; x_wconf 82' lang='lat' dir='ltr'><strong>ratiost</strong></span> <span class='ocrx_word' id='word_1_227' title='bbox 2042 1045 2182 1076; x_wconf 87' lang='lat' dir='ltr'><strong>illorum</strong></span> 
     </span>
     <span class='ocr_line' id='line_1_19' title="bbox 299 1096 2182 1138; baseline 0.001 -11"><span class='ocrx_word' id='word_1_228' title='bbox 299 1108 352 1138; x_wconf 88' lang='lat' dir='ltr'><strong>ap.</strong></span> <span class='ocrx_word' id='word_1_229' title='bbox 376 1097 454 1128; x_wconf 90' lang='lat' dir='ltr'><strong>Liu.</strong></span> <span class='ocrx_word' id='word_1_230' title='bbox 479 1098 528 1136; x_wconf 83' lang='lat' dir='ltr'><strong>II,</strong></span> <span class='ocrx_word' id='word_1_231' title='bbox 560 1099 612 1130; x_wconf 79' lang='lat'><strong>43.</strong></span> <span class='ocrx_word' id='word_1_232' title='bbox 637 1106 669 1131; x_wconf 88' lang='lat' dir='ltr'><strong>et</strong></span> <span class='ocrx_word' id='word_1_233' title='bbox 692 1100 723 1131; x_wconf 85' lang='lat' dir='ltr'><strong>si</strong></span> <span class='ocrx_word' id='word_1_234' title='bbox 745 1112 811 1130; x_wconf 83' lang='lat' dir='ltr'><strong>non</strong></span> <span class='ocrx_word' id='word_1_235' title='bbox 840 1100 1039 1131; x_wconf 71' lang='lat' dir='ltr'><strong>adhortatio</strong></span> <span class='ocrx_word' id='word_1_236' title='bbox 1066 1099 1175 1131; x_wconf 86' lang='lat' dir='ltr'><strong>inuisi</strong></span> <span class='ocrx_word' id='word_1_237' title='bbox 1197 1099 1295 1131; x_wconf 84' lang='lat' dir='ltr'><strong>ducis</strong></span> <span class='ocrx_word' id='word_1_238' title='bbox 1319 1104 1399 1137; x_wconf 87' lang='lat' dir='ltr'><strong>cet.,</strong></span> <span class='ocrx_word' id='word_1_239' title='bbox 1435 1098 1494 1128; x_wconf 89' lang='lat' dir='ltr'><strong>ubi</strong></span> <span class='ocrx_word' id='word_1_240' title='bbox 1516 1098 1642 1130; x_wconf 88' lang='lat' dir='ltr'><strong>Muret.</strong></span> <span class='ocrx_word' id='word_1_241' title='bbox 1664 1109 1701 1129; x_wconf 91' lang='lat' dir='ltr'><strong>ac</strong></span> <span class='ocrx_word' id='word_1_242' title='bbox 1724 1099 1815 1129; x_wconf 92' lang='lat' dir='ltr'><strong>Duk.</strong></span> <span class='ocrx_word' id='word_1_243' title='bbox 1840 1104 1873 1130; x_wconf 89' lang='lat' dir='ltr'><strong>et</strong></span> <span class='ocrx_word' id='word_1_244' title='bbox 1896 1096 2078 1128; x_wconf 87' lang='lat' dir='ltr'><strong>delendum</strong></span> <span class='ocrx_word' id='word_1_245' title='bbox 2101 1109 2182 1129; x_wconf 92' lang='lat' dir='ltr'><strong>cen-</strong></span> 
     </span>
     <span class='ocr_line' id='line_1_20' title="bbox 300 1151 2182 1195; baseline 0.002 -15"><span class='ocrx_word' id='word_1_246' title='bbox 300 1161 414 1189; x_wconf 79' lang='lat' dir='ltr'><strong>suere3</strong></span> <span class='ocrx_word' id='word_1_247' title='bbox 440 1157 489 1182; x_wconf 87' lang='lat' dir='ltr'><strong>set</strong></span> <span class='ocrx_word' id='word_1_248' title='bbox 512 1163 654 1193; x_wconf 78' lang='lat' dir='ltr'><strong>sequens</strong></span> <span class='ocrx_word' id='word_1_249' title='bbox 678 1158 740 1183; x_wconf 83' lang='lat' dir='ltr'><strong>aut</strong></span> <span class='ocrx_word' id='word_1_250' title='bbox 760 1151 940 1193; x_wconf 81' lang='lat' dir='ltr'><strong>legendum</strong></span> <span class='ocrx_word' id='word_1_251' title='bbox 963 1152 1096 1183; x_wconf 83' lang='lat' dir='ltr'><strong>suadet:</strong></span> <span class='ocrx_word' id='word_1_252' title='bbox 1120 1157 1194 1190; x_wconf 84' lang='lat' dir='ltr'><strong>aut,</strong></span> <span class='ocrx_word' id='word_1_253' title='bbox 1217 1152 1249 1182; x_wconf 88' lang='lat' dir='ltr'><strong>si</strong></span> <span class='ocrx_word' id='word_1_254' title='bbox 1263 1164 1341 1184; x_wconf 85' lang='lat' dir='ltr'><strong>non.</strong></span> <span class='ocrx_word' id='word_1_255' title='bbox 1385 1152 1490 1182; x_wconf 82' lang='lat' dir='ltr'><strong>Recte</strong></span> <span class='ocrx_word' id='word_1_256' title='bbox 1504 1162 1586 1182; x_wconf 86' lang='lat' dir='ltr'><strong>uero</strong></span> <span class='ocrx_word' id='word_1_257' title='bbox 1608 1151 1825 1195; x_wconf 75' lang='lat' dir='ltr'><strong>respondebis</strong></span> <span class='ocrx_word' id='word_1_258' title='bbox 1840 1162 1904 1193; x_wconf 86' lang='lat' dir='ltr'><strong>pro</strong></span> <span class='ocrx_word' id='word_1_259' title='bbox 1922 1151 2062 1193; x_wconf 84' lang='lat' dir='ltr'><strong>apodosi</strong></span> <span class='ocrx_word' id='word_1_260' title='bbox 2084 1152 2182 1195; x_wconf 90' lang='lat' dir='ltr'><strong>prio-</strong></span> 
     </span>
     <span class='ocr_line' id='line_1_21' title="bbox 298 1203 2183 1246; baseline 0.001 -11"><span class='ocrx_word' id='word_1_261' title='bbox 298 1215 374 1235; x_wconf 86' lang='lat' dir='ltr'><strong>rum</strong></span> <span class='ocrx_word' id='word_1_262' title='bbox 399 1204 459 1246; x_wconf 82' lang='lat' dir='ltr'><strong>qui</strong></span> <span class='ocrx_word' id='word_1_263' title='bbox 479 1222 521 1226; x_wconf 97' lang='lat'><strong>—</strong></span> <span class='ocrx_word' id='word_1_264' title='bbox 543 1205 625 1235; x_wconf 77' lang='lat' dir='ltr'><strong>llaec</strong></span> <span class='ocrx_word' id='word_1_265' title='bbox 648 1205 742 1236; x_wconf 85' lang='lat' dir='ltr'><strong>dicat</strong></span> <span class='ocrx_word' id='word_1_266' title='bbox 765 1205 912 1235; x_wconf 81' lang='lat' dir='ltr'><strong>habuere</strong></span> <span class='ocrx_word' id='word_1_267' title='bbox 937 1203 1141 1235; x_wconf 85' lang='lat' dir='ltr'><strong>Garatonius</strong></span> <span class='ocrx_word' id='word_1_268' title='bbox 1166 1209 1198 1234; x_wconf 87' lang='lat' dir='ltr'><strong>et</strong></span> <span class='ocrx_word' id='word_1_269' title='bbox 1221 1203 1429 1235; x_wconf 54' lang='lat' dir='ltr'><strong>XVolffiusf‘</strong></span> <span class='ocrx_word' id='word_1_270' title='bbox 1473 1205 1567 1236; x_wconf 84' lang='lat' dir='ltr'><strong>Haec</strong></span> <span class='ocrx_word' id='word_1_271' title='bbox 1591 1205 1758 1244; x_wconf 86' lang='lat' dir='ltr'><strong>Orellius,</strong></span> <span class='ocrx_word' id='word_1_272' title='bbox 1789 1204 1847 1246; x_wconf 86' lang='lat' dir='ltr'><strong>qui</strong></span> <span class='ocrx_word' id='word_1_273' title='bbox 1869 1204 1981 1235; x_wconf 90' lang='lat' dir='ltr'><strong>locum</strong></span> <span class='ocrx_word' id='word_1_274' title='bbox 2005 1204 2051 1236; x_wconf 84' lang='lat' dir='ltr'><strong>ita</strong></span> <span class='ocrx_word' id='word_1_275' title='bbox 2073 1205 2183 1237; x_wconf 87' lang='lat' dir='ltr'><strong>inter-</strong></span> 
     </span>
     <span class='ocr_line' id='line_1_22' title="bbox 297 1256 2181 1302; baseline 0.003 -17"><span class='ocrx_word' id='word_1_276' title='bbox 297 1256 440 1298; x_wconf 81' lang='lat' dir='ltr'><strong>punxit:</strong></span> <span class='ocrx_word' id='word_1_277' title='bbox 465 1256 537 1295; x_wconf 80' lang='lat' dir='ltr'><strong>Qni</strong></span> <span class='ocrx_word' id='word_1_278' title='bbox 557 1274 600 1280; x_wconf 90' lang='lat'>—</span> <span class='ocrx_word' id='word_1_279' title='bbox 623 1258 889 1300; x_wconf 76' lang='lat' dir='ltr'><strong>congrediatur,</strong></span> <span class='ocrx_word' id='word_1_280' title='bbox 913 1263 962 1296; x_wconf 87' lang='lat' dir='ltr'><strong>et,</strong></span> <span class='ocrx_word' id='word_1_281' title='bbox 988 1257 1019 1288; x_wconf 89' lang='lat' dir='ltr'><strong>si</strong></span> <span class='ocrx_word' id='word_1_282' title='bbox 1039 1275 1081 1280; x_wconf 93' lang='lat'><strong>—</strong></span> <span class='ocrx_word' id='word_1_283' title='bbox 1099 1257 1232 1299; x_wconf 80' lang='lat' dir='ltr'><strong>possit,</strong></span> <span class='ocrx_word' id='word_1_284' title='bbox 1253 1256 1337 1288; x_wconf 75' lang='lat' dir='ltr'><strong>haec</strong></span> <span class='ocrx_word' id='word_1_285' title='bbox 1360 1257 1473 1289; x_wconf 83' lang='lat' dir='ltr'><strong>dicat.-</strong></span> <span class='ocrx_word' id='word_1_286' title='bbox 1517 1258 1597 1300; x_wconf 79' lang='lat' dir='ltr'><strong>Ego</strong></span> <span class='ocrx_word' id='word_1_287' title='bbox 1622 1258 1685 1289; x_wconf 86' lang='lat' dir='ltr'><strong>tibi</strong></span> <span class='ocrx_word' id='word_1_288' title='bbox 1706 1275 1748 1281; x_wconf 93' lang='lat'>—</span> <span class='ocrx_word' id='word_1_289' title='bbox 1770 1258 2008 1301; x_wconf 64' lang='lat' dir='ltr'><strong>supplicarent.-</strong></span> <span class='ocrx_word' id='word_1_290' title='bbox 2040 1270 2181 1302; x_wconf 81' lang='lat' dir='ltr'><strong>respon-</strong></span> 
     </span>
     <span class='ocr_line' id='line_1_23' title="bbox 299 1308 2180 1353; baseline 0.001 -13"><span class='ocrx_word' id='word_1_291' title='bbox 299 1309 392 1340; x_wconf 82' lang='lat' dir='ltr'><strong>debis</strong></span> <span class='ocrx_word' id='word_1_292' title='bbox 416 1315 477 1339; x_wconf 84' lang='lat' dir='ltr'><strong>etc.</strong></span> <span class='ocrx_word' id='word_1_293' title='bbox 491 1332 498 1339; x_wconf 90' lang='lat'><strong><em>.</em></strong></span> <span class='ocrx_word' id='word_1_294' title='bbox 545 1310 676 1342; x_wconf 87' lang='lat' dir='ltr'><strong>Uerum</strong></span> <span class='ocrx_word' id='word_1_295' title='bbox 699 1310 813 1353; x_wconf 84' lang='lat' dir='ltr'><strong>inepte</strong></span> <span class='ocrx_word' id='word_1_296' title='bbox 836 1311 967 1341; x_wconf 86' lang='lat' dir='ltr'><strong>locutus</strong></span> <span class='ocrx_word' id='word_1_297' title='bbox 992 1315 1077 1341; x_wconf 90' lang='lat' dir='ltr'><strong>esset</strong></span> <span class='ocrx_word' id='word_1_298' title='bbox 1100 1308 1238 1347; x_wconf 87' lang='lat' dir='ltr'><strong>Cicero,</strong></span> <span class='ocrx_word' id='word_1_299' title='bbox 1267 1308 1294 1339; x_wconf 91' lang='lat' dir='ltr'><strong>si</strong></span> <span class='ocrx_word' id='word_1_300' title='bbox 1317 1309 1421 1340; x_wconf 87' lang='lat' dir='ltr'><strong>uerba</strong></span> <span class='ocrx_word' id='word_1_301' title='bbox 1444 1310 1660 1353; x_wconf 75' lang='lat' dir='ltr'><strong>respondebis</strong></span> <span class='ocrx_word' id='word_1_302' title='bbox 1684 1316 1745 1341; x_wconf 85' lang='lat' dir='ltr'><strong>etc.</strong></span> <span class='ocrx_word' id='word_1_303' title='bbox 1769 1309 1933 1352; x_wconf 87' lang='lat' dir='ltr'><strong>apodosin</strong></span> <span class='ocrx_word' id='word_1_304' title='bbox 1956 1310 2180 1342; x_wconf 83' lang='lat' dir='ltr'><strong>continerent.</strong></span> 
     </span>
     <span class='ocr_line' id='line_1_24' title="bbox 298 1361 2183 1405; baseline 0.002 -13"><span class='ocrx_word' id='word_1_305' title='bbox 298 1362 348 1393; x_wconf 89' lang='lat' dir='ltr'><strong>Ita</strong></span> <span class='ocrx_word' id='word_1_306' title='bbox 372 1362 461 1392; x_wconf 86' lang='lat' dir='ltr'><strong>enim</strong></span> <span class='ocrx_word' id='word_1_307' title='bbox 486 1361 595 1393; x_wconf 83' lang='lat' dir='ltr'><strong>uideri</strong></span> <span class='ocrx_word' id='word_1_308' title='bbox 619 1362 758 1394; x_wconf 90' lang='lat' dir='ltr'><strong>deberet</strong></span> <span class='ocrx_word' id='word_1_309' title='bbox 780 1363 812 1393; x_wconf 90' lang='lat' dir='ltr'><strong>id</strong></span> <span class='ocrx_word' id='word_1_310' title='bbox 838 1374 945 1405; x_wconf 82' lang='lat' dir='ltr'><strong>agere,</strong></span> <span class='ocrx_word' id='word_1_311' title='bbox 970 1369 1008 1394; x_wconf 90' lang='lat' dir='ltr'><strong>ut</strong></span> <span class='ocrx_word' id='word_1_312' title='bbox 1031 1362 1113 1404; x_wconf 87' lang='lat' dir='ltr'><strong>quid</strong></span> <span class='ocrx_word' id='word_1_313' title='bbox 1125 1362 1318 1393; x_wconf 85' lang='lat' dir='ltr'><strong>Laterensis</strong></span> <span class='ocrx_word' id='word_1_314' title='bbox 1340 1362 1566 1404; x_wconf 85' lang='lat' dir='ltr'><strong>potissumum</strong></span> <span class='ocrx_word' id='word_1_315' title='bbox 1590 1362 1729 1405; x_wconf 83' lang='lat' dir='ltr'><strong>populo,</strong></span> <span class='ocrx_word' id='word_1_316' title='bbox 1753 1362 1780 1393; x_wconf 93' lang='lat' dir='ltr'><strong>si</strong></span> <span class='ocrx_word' id='word_1_317' title='bbox 1803 1361 1962 1404; x_wconf 84' lang='lat' dir='ltr'><strong>congredi</strong></span> <span class='ocrx_word' id='word_1_318' title='bbox 1985 1374 2062 1394; x_wconf 88' lang='lat' dir='ltr'><strong>cum</strong></span> <span class='ocrx_word' id='word_1_319' title='bbox 2086 1374 2125 1394; x_wconf 90' lang='lat' dir='ltr'><strong>eo</strong></span> <span class='ocrx_word' id='word_1_320' title='bbox 2148 1368 2183 1395; x_wconf 77' lang='lat' dir='ltr'><strong>et,</strong></span> 
     </span>
     <span class='ocr_line' id='line_1_25' title="bbox 298 1415 2180 1458; baseline 0.002 -13"><span class='ocrx_word' id='word_1_321' title='bbox 298 1426 364 1445; x_wconf 86' lang='lat' dir='ltr'><strong>una</strong></span> <span class='ocrx_word' id='word_1_322' title='bbox 388 1415 481 1456; x_wconf 87' lang='lat' dir='ltr'><strong>loqui</strong></span> <span class='ocrx_word' id='word_1_323' title='bbox 505 1427 587 1446; x_wconf 91' lang='lat' dir='ltr'><strong>uoce</strong></span> <span class='ocrx_word' id='word_1_324' title='bbox 610 1422 738 1458; x_wconf 87' lang='lat' dir='ltr'><strong>posset,</strong></span> <span class='ocrx_word' id='word_1_325' title='bbox 770 1427 994 1457; x_wconf 84' lang='lat' dir='ltr'><strong>responsurus</strong></span> <span class='ocrx_word' id='word_1_326' title='bbox 1018 1421 1120 1454; x_wconf 85' lang='lat' dir='ltr'><strong>esset,</strong></span> <span class='ocrx_word' id='word_1_327' title='bbox 1156 1421 1354 1458; x_wconf 84' lang='lat' dir='ltr'><strong>exponeret.</strong></span> <span class='ocrx_word' id='word_1_328' title='bbox 1399 1415 1449 1447; x_wconf 90' lang='lat' dir='ltr'><strong>At</strong></span> <span class='ocrx_word' id='word_1_329' title='bbox 1471 1415 1674 1458; x_wconf 84' lang='lat' dir='ltr'><strong>primarium</strong></span> <span class='ocrx_word' id='word_1_330' title='bbox 1698 1415 1761 1446; x_wconf 86' lang='lat' dir='ltr'><strong>hoc</strong></span> <span class='ocrx_word' id='word_1_331' title='bbox 1783 1421 1851 1452; x_wconf 78' lang='lat' dir='ltr'><strong>est,</strong></span> <span class='ocrx_word' id='word_1_332' title='bbox 1879 1421 1935 1455; x_wconf 85' lang='lat' dir='ltr'><strong>ut,</strong></span> <span class='ocrx_word' id='word_1_333' title='bbox 1969 1415 2059 1457; x_wconf 91' lang='lat' dir='ltr'><strong>quod</strong></span> <span class='ocrx_word' id='word_1_334' title='bbox 2082 1427 2109 1447; x_wconf 90' lang='lat' dir='ltr'><strong>c.</strong></span> <span class='ocrx_word' id='word_1_335' title='bbox 2133 1416 2180 1449; x_wconf 82' lang='lat' dir='ltr'><strong>V·</strong></span> 
     </span>
     <span class='ocr_line' id='line_1_26' title="bbox 298 1466 2180 1510; baseline 0.002 -12"><span class='ocrx_word' id='word_1_336' title='bbox 298 1467 437 1499; x_wconf 89' lang='lat' dir='ltr'><strong>ineunte</strong></span> <span class='ocrx_word' id='word_1_337' title='bbox 470 1466 637 1500; x_wconf 85' lang='lat' dir='ltr'><strong>facturum</strong></span> <span class='ocrx_word' id='word_1_338' title='bbox 667 1481 702 1500; x_wconf 88' lang='lat' dir='ltr'><strong>se</strong></span> <span class='ocrx_word' id='word_1_339' title='bbox 723 1469 884 1507; x_wconf 88' lang='lat' dir='ltr'><strong>ostendit,</strong></span> <span class='ocrx_word' id='word_1_340' title='bbox 920 1468 1067 1510; x_wconf 85' lang='lat' dir='ltr'><strong>populus</strong></span> <span class='ocrx_word' id='word_1_341' title='bbox 1092 1479 1176 1510; x_wconf 84' lang='lat' dir='ltr'><strong>quae</strong></span> <span class='ocrx_word' id='word_1_342' title='bbox 1201 1468 1351 1500; x_wconf 87' lang='lat' dir='ltr'><strong>dicturus</strong></span> <span class='ocrx_word' id='word_1_343' title='bbox 1373 1468 1416 1500; x_wconf 85' lang='lat' dir='ltr'><strong>sit</strong></span> <span class='ocrx_word' id='word_1_344' title='bbox 1450 1474 1566 1499; x_wconf 89' lang='lat' dir='ltr'><strong>contra</strong></span> <span class='ocrx_word' id='word_1_345' title='bbox 1589 1469 1824 1507; x_wconf 78' lang='lat' dir='ltr'><strong>Laterensem,</strong></span> <span class='ocrx_word' id='word_1_346' title='bbox 1859 1467 1887 1499; x_wconf 85' lang='lat' dir='ltr'><strong>si</strong></span> <span class='ocrx_word' id='word_1_347' title='bbox 1909 1467 2015 1510; x_wconf 87' lang='lat' dir='ltr'><strong>possit</strong></span> <span class='ocrx_word' id='word_1_348' title='bbox 2040 1479 2117 1500; x_wconf 89' lang='lat' dir='ltr'><strong>cum</strong></span> <span class='ocrx_word' id='word_1_349' title='bbox 2140 1480 2180 1501; x_wconf 89' lang='lat' dir='ltr'><strong>eo</strong></span> 
     </span>
     <span class='ocr_line' id='line_1_27' title="bbox 299 1520 2181 1565; baseline 0.001 -13"><span class='ocrx_word' id='word_1_350' title='bbox 299 1520 476 1562; x_wconf 82' lang='lat' dir='ltr'><strong>congredi,</strong></span> <span class='ocrx_word' id='word_1_351' title='bbox 514 1521 548 1551; x_wconf 89' lang='lat' dir='ltr'><strong>in</strong></span> <span class='ocrx_word' id='word_1_352' title='bbox 577 1521 727 1553; x_wconf 87' lang='lat' dir='ltr'><strong>medium</strong></span> <span class='ocrx_word' id='word_1_353' title='bbox 759 1521 921 1565; x_wconf 76' lang='lat' dir='ltr'><strong>proferat.</strong></span> <span class='ocrx_word' id='word_1_354' title='bbox 966 1522 1186 1553; x_wconf 81' lang='lat' dir='ltr'><strong>Laterensem</strong></span> <span class='ocrx_word' id='word_1_355' title='bbox 1216 1521 1320 1563; x_wconf 88' lang='lat' dir='ltr'><strong>igitur</strong></span> <span class='ocrx_word' id='word_1_356' title='bbox 1346 1521 1373 1553; x_wconf 86' lang='lat' dir='ltr'><strong>si</strong></span> <span class='ocrx_word' id='word_1_357' title='bbox 1399 1533 1483 1563; x_wconf 86' lang='lat' dir='ltr'><strong>quae</strong></span> <span class='ocrx_word' id='word_1_358' title='bbox 1507 1521 1602 1564; x_wconf 83' lang='lat' dir='ltr'><strong>fingit</strong></span> <span class='ocrx_word' id='word_1_359' title='bbox 1623 1521 1743 1564; x_wconf 87' lang='lat' dir='ltr'><strong>populi</strong></span> <span class='ocrx_word' id='word_1_360' title='bbox 1769 1520 1914 1551; x_wconf 84' lang='lat' dir='ltr'><strong>orationi</strong></span> <span class='ocrx_word' id='word_1_361' title='bbox 1936 1532 2181 1563; x_wconf 87' lang='lat' dir='ltr'><strong>responsurum</strong></span> 
     </span>
     <span class='ocr_line' id='line_1_28' title="bbox 299 1573 2181 1620; baseline 0.001 -14"><span class='ocrx_word' id='word_1_362' title='bbox 299 1586 384 1612; x_wconf 82' lang='lat' dir='ltr'><strong>esse,</strong></span> <span class='ocrx_word' id='word_1_363' title='bbox 415 1585 451 1604; x_wconf 87' lang='lat' dir='ltr'><strong>ea</strong></span> <span class='ocrx_word' id='word_1_364' title='bbox 474 1574 660 1605; x_wconf 81' lang='lat' dir='ltr'><strong>necessario</strong></span> <span class='ocrx_word' id='word_1_365' title='bbox 686 1575 794 1606; x_wconf 87' lang='lat' dir='ltr'><strong>obiter</strong></span> <span class='ocrx_word' id='word_1_366' title='bbox 817 1581 949 1606; x_wconf 83' lang='lat' dir='ltr'><strong>tantum</strong></span> <span class='ocrx_word' id='word_1_367' title='bbox 971 1573 1098 1605; x_wconf 83' lang='lat' dir='ltr'><strong>adferri</strong></span> <span class='ocrx_word' id='word_1_368' title='bbox 1125 1573 1258 1605; x_wconf 87' lang='lat' dir='ltr'><strong>debent.</strong></span> <span class='ocrx_word' id='word_1_369' title='bbox 1303 1574 1343 1606; x_wconf 92' lang='lat' dir='ltr'><strong>Id</strong></span> <span class='ocrx_word' id='word_1_370' title='bbox 1365 1581 1477 1605; x_wconf 83' lang='lat' dir='ltr'><strong>autem</strong></span> <span class='ocrx_word' id='word_1_371' title='bbox 1503 1574 1549 1605; x_wconf 86' lang='lat' dir='ltr'><strong>ita</strong></span> <span class='ocrx_word' id='word_1_372' title='bbox 1572 1581 1703 1606; x_wconf 89' lang='lat' dir='ltr'><strong>tantum</strong></span> <span class='ocrx_word' id='word_1_373' title='bbox 1726 1574 1779 1613; x_wconf 86' lang='lat' dir='ltr'><strong>fit,</strong></span> <span class='ocrx_word' id='word_1_374' title='bbox 1811 1574 1839 1606; x_wconf 90' lang='lat' dir='ltr'><strong>si</strong></span> <span class='ocrx_word' id='word_1_375' title='bbox 1862 1574 1975 1605; x_wconf 89' lang='lat' dir='ltr'><strong>uerbis</strong></span> <span class='ocrx_word' id='word_1_376' title='bbox 1999 1576 2181 1620; x_wconf 78' lang='lat' dir='ltr'><strong>responde-</strong></span> 
     </span>
     <span class='ocr_line' id='line_1_29' title="bbox 299 1626 2180 1669; baseline 0.001 -11"><span class='ocrx_word' id='word_1_377' title='bbox 299 1627 348 1658; x_wconf 87' lang='lat' dir='ltr'><strong>bis</strong></span> <span class='ocrx_word' id='word_1_378' title='bbox 373 1632 434 1656; x_wconf 83' lang='lat' dir='ltr'><strong>etc.</strong></span> <span class='ocrx_word' id='word_1_379' title='bbox 460 1638 549 1657; x_wconf 84' lang='lat' dir='ltr'><strong>noua</strong></span> <span class='ocrx_word' id='word_1_380' title='bbox 570 1626 748 1658; x_wconf 86' lang='lat' dir='ltr'><strong>inchoatur</strong></span> <span class='ocrx_word' id='word_1_381' title='bbox 770 1627 945 1659; x_wconf 83' lang='lat' dir='ltr'><strong>sententia.</strong></span> <span class='ocrx_word' id='word_1_382' title='bbox 989 1627 1165 1657; x_wconf 83' lang='lat' dir='ltr'><strong>Praeterea</strong></span> <span class='ocrx_word' id='word_1_383' title='bbox 1196 1627 1322 1658; x_wconf 90' lang='lat' dir='ltr'><strong>mirum</strong></span> <span class='ocrx_word' id='word_1_384' title='bbox 1359 1634 1522 1669; x_wconf 86' lang='lat' dir='ltr'><strong>quantum</strong></span> <span class='ocrx_word' id='word_1_385' title='bbox 1551 1633 1705 1658; x_wconf 87' lang='lat' dir='ltr'><strong>contorta</strong></span> <span class='ocrx_word' id='word_1_386' title='bbox 1736 1626 1773 1658; x_wconf 82' lang='lat' dir='ltr'><strong>fit</strong></span> <span class='ocrx_word' id='word_1_387' title='bbox 1802 1626 1967 1658; x_wconf 85' lang='lat' dir='ltr'><strong>sententia</strong></span> <span class='ocrx_word' id='word_1_388' title='bbox 1996 1627 2180 1660; x_wconf 87' lang='lat' dir='ltr'><strong>uerborum</strong></span> 
     </span>
     <span class='ocr_line' id='line_1_30' title="bbox 300 1679 2177 1722; baseline 0.001 -12"><span class='ocrx_word' id='word_1_389' title='bbox 300 1680 370 1719; x_wconf 80' lang='lat' dir='ltr'><strong>Qui</strong></span> <span class='ocrx_word' id='word_1_390' title='bbox 399 1680 430 1710; x_wconf 90' lang='lat' dir='ltr'><strong>si</strong></span> <span class='ocrx_word' id='word_1_391' title='bbox 451 1697 492 1702; x_wconf 94' lang='lat'><strong>—</strong></span> <span class='ocrx_word' id='word_1_392' title='bbox 515 1680 598 1711; x_wconf 68' lang='lat' dir='ltr'><strong>llaec</strong></span> <span class='ocrx_word' id='word_1_393' title='bbox 628 1681 737 1719; x_wconf 83' lang='lat' dir='ltr'><strong>dicat,</strong></span> <span class='ocrx_word' id='word_1_394' title='bbox 772 1681 799 1712; x_wconf 91' lang='lat' dir='ltr'><strong>si</strong></span> <span class='ocrx_word' id='word_1_395' title='bbox 825 1692 897 1711; x_wconf 83' lang='lat' dir='ltr'><strong>eam</strong></span> <span class='ocrx_word' id='word_1_396' title='bbox 920 1679 1096 1721; x_wconf 86' lang='lat' dir='ltr'><strong>sequimur</strong></span> <span class='ocrx_word' id='word_1_397' title='bbox 1119 1679 1382 1722; x_wconf 80' lang='lat' dir='ltr'><strong>interpungendi</strong></span> <span class='ocrx_word' id='word_1_398' title='bbox 1415 1681 1598 1719; x_wconf 83' lang='lat' dir='ltr'><strong>rationem,</strong></span> <span class='ocrx_word' id='word_1_399' title='bbox 1638 1692 1738 1722; x_wconf 84' lang='lat' dir='ltr'><strong>quam</strong></span> <span class='ocrx_word' id='word_1_400' title='bbox 1762 1680 1839 1711; x_wconf 89' lang='lat' dir='ltr'><strong>iniit</strong></span> <span class='ocrx_word' id='word_1_401' title='bbox 1863 1680 2024 1712; x_wconf 87' lang='lat' dir='ltr'><strong>Orellius.</strong></span> <span class='ocrx_word' id='word_1_402' title='bbox 2068 1681 2177 1712; x_wconf 90' lang='lat' dir='ltr'><strong>Immo</strong></span> 
     </span>
     <span class='ocr_line' id='line_1_31' title="bbox 300 1732 2178 1776; baseline 0.001 -13"><span class='ocrx_word' id='word_1_403' title='bbox 300 1733 385 1763; x_wconf 87' lang='lat' dir='ltr'><strong>nihil</strong></span> <span class='ocrx_word' id='word_1_404' title='bbox 407 1732 530 1764; x_wconf 88' lang='lat' dir='ltr'><strong>certius</strong></span> <span class='ocrx_word' id='word_1_405' title='bbox 555 1738 603 1763; x_wconf 86' lang='lat' dir='ltr'><strong>est</strong></span> <span class='ocrx_word' id='word_1_406' title='bbox 627 1745 727 1775; x_wconf 89' lang='lat' dir='ltr'><strong>quam</strong></span> <span class='ocrx_word' id='word_1_407' title='bbox 750 1732 966 1764; x_wconf 85' lang='lat' dir='ltr'><strong>retinendum</strong></span> <span class='ocrx_word' id='word_1_408' title='bbox 991 1743 1061 1763; x_wconf 86' lang='lat' dir='ltr'><strong>esse</strong></span> <span class='ocrx_word' id='word_1_409' title='bbox 1083 1743 1274 1774; x_wconf 82' lang='lat' dir='ltr'><strong>pronomen</strong></span> <span class='ocrx_word' id='word_1_410' title='bbox 1297 1734 1397 1773; x_wconf 62' lang='lat' dir='ltr'><strong>llaec,</strong></span> <span class='ocrx_word' id='word_1_411' title='bbox 1437 1740 1537 1776; x_wconf 85' lang='lat' dir='ltr'><strong>atque</strong></span> <span class='ocrx_word' id='word_1_412' title='bbox 1560 1734 1663 1765; x_wconf 79' lang='lat' dir='ltr'><strong>uerba</strong></span> <span class='ocrx_word' id='word_1_413' title='bbox 1687 1735 1769 1766; x_wconf 67' lang='lat' dir='ltr'><strong>llaec</strong></span> <span class='ocrx_word' id='word_1_414' title='bbox 1792 1734 1887 1765; x_wconf 89' lang='lat' dir='ltr'><strong>dicat</strong></span> <span class='ocrx_word' id='word_1_415' title='bbox 1908 1733 2071 1776; x_wconf 84' lang='lat' dir='ltr'><strong>apodosin</strong></span> <span class='ocrx_word' id='word_1_416' title='bbox 2095 1744 2178 1765; x_wconf 93' lang='lat' dir='ltr'><strong>con-</strong></span> 
     </span>
     <span class='ocr_line' id='line_1_32' title="bbox 302 1785 2175 1829; baseline 0.001 -13"><span class='ocrx_word' id='word_1_417' title='bbox 302 1785 418 1816; x_wconf 83' lang='lat' dir='ltr'><strong>tinere.</strong></span> <span class='ocrx_word' id='word_1_418' title='bbox 464 1786 503 1816; x_wconf 90' lang='lat' dir='ltr'><strong>In</strong></span> <span class='ocrx_word' id='word_1_419' title='bbox 527 1786 713 1817; x_wconf 85' lang='lat' dir='ltr'><strong>coniunctis</strong></span> <span class='ocrx_word' id='word_1_420' title='bbox 736 1793 847 1817; x_wconf 86' lang='lat' dir='ltr'><strong>autem</strong></span> <span class='ocrx_word' id='word_1_421' title='bbox 872 1786 1045 1828; x_wconf 82' lang='lat' dir='ltr'><strong>particulis</strong></span> <span class='ocrx_word' id='word_1_422' title='bbox 1072 1792 1104 1817; x_wconf 85' lang='lat' dir='ltr'><strong>et</strong></span> <span class='ocrx_word' id='word_1_423' title='bbox 1119 1786 1151 1817; x_wconf 83' lang='lat' dir='ltr'><strong>si</strong></span> <span class='ocrx_word' id='word_1_424' title='bbox 1171 1786 1264 1816; x_wconf 80' lang='lat' dir='ltr'><strong>nulla</strong></span> <span class='ocrx_word' id='word_1_425' title='bbox 1280 1786 1380 1828; x_wconf 87' lang='lat' dir='ltr'><strong>plane</strong></span> <span class='ocrx_word' id='word_1_426' title='bbox 1397 1786 1581 1818; x_wconf 82' lang='lat' dir='ltr'><strong>offensiost.</strong></span> <span class='ocrx_word' id='word_1_427' title='bbox 1629 1785 1699 1818; x_wconf 81' lang='lat' dir='ltr'><strong>Cfr.</strong></span> <span class='ocrx_word' id='word_1_428' title='bbox 1720 1786 1788 1818; x_wconf 89' lang='lat' dir='ltr'><strong>Cic.</strong></span> <span class='ocrx_word' id='word_1_429' title='bbox 1806 1787 1905 1818; x_wconf 87' lang='lat' dir='ltr'><strong>Tusc.</strong></span> <span class='ocrx_word' id='word_1_430' title='bbox 1923 1788 1965 1828; x_wconf 86' lang='lat' dir='ltr'><strong>Q.</strong></span> <span class='ocrx_word' id='word_1_431' title='bbox 1981 1787 2024 1824; x_wconf 89' lang='lat' dir='ltr'><strong>V,</strong></span> <span class='ocrx_word' id='word_1_432' title='bbox 2052 1787 2100 1826; x_wconf 82' lang='lat'><strong>15,</strong></span> <span class='ocrx_word' id='word_1_433' title='bbox 2123 1787 2175 1829; x_wconf 81' lang='lat'><strong>59.</strong></span> 
     </span>
     <span class='ocr_line' id='line_1_33' title="bbox 302 1838 2177 1883; baseline 0.002 -14"><span class='ocrx_word' id='word_1_434' title='bbox 302 1839 373 1869; x_wconf 84' lang='lat' dir='ltr'><strong>Hic</strong></span> <span class='ocrx_word' id='word_1_435' title='bbox 397 1839 508 1881; x_wconf 78' lang='lat' dir='ltr'><strong>igitur</strong></span> <span class='ocrx_word' id='word_1_436' title='bbox 531 1840 562 1870; x_wconf 87' lang='lat' dir='ltr'><strong>si</strong></span> <span class='ocrx_word' id='word_1_437' title='bbox 585 1845 634 1870; x_wconf 86' lang='lat' dir='ltr'><strong>est</strong></span> <span class='ocrx_word' id='word_1_438' title='bbox 660 1841 836 1878; x_wconf 75' lang='lat' dir='ltr'><strong>excultus,</strong></span> <span class='ocrx_word' id='word_1_439' title='bbox 861 1846 901 1871; x_wconf 89' lang='lat' dir='ltr'><strong>et</strong></span> <span class='ocrx_word' id='word_1_440' title='bbox 924 1840 961 1871; x_wconf 89' lang='lat' dir='ltr'><strong>si</strong></span> <span class='ocrx_word' id='word_1_441' title='bbox 985 1840 1057 1871; x_wconf 86' lang='lat' dir='ltr'><strong>eius</strong></span> <span class='ocrx_word' id='word_1_442' title='bbox 1081 1839 1171 1871; x_wconf 83' lang='lat' dir='ltr'><strong>acies</strong></span> <span class='ocrx_word' id='word_1_443' title='bbox 1195 1838 1247 1870; x_wconf 77' lang='lat' dir='ltr'><strong>ita</strong></span> <span class='ocrx_word' id='word_1_444' title='bbox 1269 1845 1442 1879; x_wconf 69' lang='lat' dir='ltr'><strong>curata-st,</strong></span> <span class='ocrx_word' id='word_1_445' title='bbox 1472 1846 1510 1872; x_wconf 87' lang='lat' dir='ltr'><strong>ut</strong></span> <span class='ocrx_word' id='word_1_446' title='bbox 1533 1853 1574 1872; x_wconf 86' lang='lat' dir='ltr'><strong>ne</strong></span> <span class='ocrx_word' id='word_1_447' title='bbox 1596 1846 1795 1872; x_wconf 78' lang='lat' dir='ltr'><strong>caecaretur</strong></span> <span class='ocrx_word' id='word_1_448' title='bbox 1818 1840 2007 1872; x_wconf 81' lang='lat' dir='ltr'><strong>erroribus.-</strong></span> <span class='ocrx_word' id='word_1_449' title='bbox 2022 1839 2076 1882; x_wconf 85' lang='lat' dir='ltr'><strong>fit</strong></span> <span class='ocrx_word' id='word_1_450' title='bbox 2092 1853 2177 1883; x_wconf 80' lang='lat' dir='ltr'><strong>per-</strong></span> 
     </span>
     <span class='ocr_line' id='line_1_34' title="bbox 294 1891 2176 1937; baseline 0.002 -14"><span class='ocrx_word' id='word_1_451' title='bbox 294 1891 394 1935; x_wconf 84' lang='lat' dir='ltr'><strong>fecta</strong></span> <span class='ocrx_word' id='word_1_452' title='bbox 416 1905 517 1923; x_wconf 75' lang='lat' dir='ltr'><strong>mens.</strong></span> <span class='ocrx_word' id='word_1_453' title='bbox 562 1891 611 1922; x_wconf 90' lang='lat' dir='ltr'><strong>Id.</strong></span> <span class='ocrx_word' id='word_1_454' title='bbox 637 1891 678 1922; x_wconf 86' lang='lat' dir='ltr'><strong>de</strong></span> <span class='ocrx_word' id='word_1_455' title='bbox 700 1893 781 1923; x_wconf 91' lang='lat' dir='ltr'><strong>Diu.</strong></span> <span class='ocrx_word' id='word_1_456' title='bbox 806 1894 856 1931; x_wconf 86' lang='lat' dir='ltr'><strong>II,</strong></span> <span class='ocrx_word' id='word_1_457' title='bbox 889 1893 945 1931; x_wconf 78' lang='lat'><strong>55,</strong></span> <span class='ocrx_word' id='word_1_458' title='bbox 974 1893 1024 1934; x_wconf 76' lang='lat'><strong>75.</strong></span> <span class='ocrx_word' id='word_1_459' title='bbox 1057 1892 1165 1924; x_wconf 72' lang='lat' dir='ltr'><strong>Nunc</strong></span> <span class='ocrx_word' id='word_1_460' title='bbox 1188 1904 1269 1923; x_wconf 81' lang='lat' dir='ltr'><strong>uero</strong></span> <span class='ocrx_word' id='word_1_461' title='bbox 1293 1893 1428 1925; x_wconf 84' lang='lat' dir='ltr'><strong>inclusa</strong></span> <span class='ocrx_word' id='word_1_462' title='bbox 1458 1894 1493 1925; x_wconf 84' lang='lat' dir='ltr'><strong>in</strong></span> <span class='ocrx_word' id='word_1_463' title='bbox 1517 1906 1622 1925; x_wconf 84' lang='lat' dir='ltr'><strong>cauea</strong></span> <span class='ocrx_word' id='word_1_464' title='bbox 1648 1900 1681 1925; x_wconf 86' lang='lat' dir='ltr'><strong>et</strong></span> <span class='ocrx_word' id='word_1_465' title='bbox 1693 1893 1794 1936; x_wconf 86' lang='lat' dir='ltr'><strong>fame</strong></span> <span class='ocrx_word' id='word_1_466' title='bbox 1815 1899 1931 1925; x_wconf 79' lang='lat' dir='ltr'><strong>enecta</strong></span> <span class='ocrx_word' id='word_1_467' title='bbox 1957 1893 1989 1924; x_wconf 84' lang='lat' dir='ltr'><strong>si</strong></span> <span class='ocrx_word' id='word_1_468' title='bbox 2011 1893 2046 1924; x_wconf 83' lang='lat' dir='ltr'><strong>in</strong></span> <span class='ocrx_word' id='word_1_469' title='bbox 2070 1893 2176 1937; x_wconf 84' lang='lat' dir='ltr'><strong>offam</strong></span> 
     </span>
     <span class='ocr_line' id='line_1_35' title="bbox 298 1945 2174 1990; baseline 0.002 -16"><span class='ocrx_word' id='word_1_470' title='bbox 298 1945 410 1988; x_wconf 73' lang='lat' dir='ltr'><strong>pultis</strong></span> <span class='ocrx_word' id='word_1_471' title='bbox 433 1945 589 1983; x_wconf 83' lang='lat' dir='ltr'><strong>inuadit,</strong></span> <span class='ocrx_word' id='word_1_472' title='bbox 614 1951 654 1977; x_wconf 88' lang='lat' dir='ltr'><strong>et</strong></span> <span class='ocrx_word' id='word_1_473' title='bbox 676 1946 712 1977; x_wconf 83' lang='lat' dir='ltr'><strong>si</strong></span> <span class='ocrx_word' id='word_1_474' title='bbox 736 1946 873 1989; x_wconf 83' lang='lat' dir='ltr'><strong>aliquid</strong></span> <span class='ocrx_word' id='word_1_475' title='bbox 894 1959 934 1977; x_wconf 73' lang='lat' dir='ltr'><strong>ex</strong></span> <span class='ocrx_word' id='word_1_476' title='bbox 957 1959 1014 1977; x_wconf 87' lang='lat' dir='ltr'><strong>ore</strong></span> <span class='ocrx_word' id='word_1_477' title='bbox 1037 1945 1178 1977; x_wconf 82' lang='lat' dir='ltr'><strong>cecidit:</strong></span> <span class='ocrx_word' id='word_1_478' title='bbox 1201 1945 1262 1976; x_wconf 79' lang='lat' dir='ltr'><strong>hoc</strong></span> <span class='ocrx_word' id='word_1_479' title='bbox 1285 1950 1322 1976; x_wconf 83' lang='lat' dir='ltr'><strong>tu</strong></span> <span class='ocrx_word' id='word_1_480' title='bbox 1345 1947 1541 1990; x_wconf 80' lang='lat' dir='ltr'><strong>auspicium</strong></span> <span class='ocrx_word' id='word_1_481' title='bbox 1558 1948 1689 1990; x_wconf 78' lang='lat' dir='ltr'><strong>putas?</strong></span> <span class='ocrx_word' id='word_1_482' title='bbox 1733 1946 1782 1977; x_wconf 90' lang='lat' dir='ltr'><strong>Id.</strong></span> <span class='ocrx_word' id='word_1_483' title='bbox 1807 1945 1847 1976; x_wconf 89' lang='lat' dir='ltr'><strong>de</strong></span> <span class='ocrx_word' id='word_1_484' title='bbox 1870 1946 1973 1987; x_wconf 76' lang='lat' dir='ltr'><strong>Legg.</strong></span> <span class='ocrx_word' id='word_1_485' title='bbox 1997 1946 2022 1982; x_wconf 90' lang='grc' dir='ltr'><strong>Ι,</strong></span> <span class='ocrx_word' id='word_1_486' title='bbox 2051 1947 2097 1985; x_wconf 83' lang='grc'><strong>15,</strong></span> <span class='ocrx_word' id='word_1_487' title='bbox 2121 1946 2174 1978; x_wconf 74' lang='grc'><strong>42.</strong></span> 
     </span>
     <span class='ocr_line' id='line_1_36' title="bbox 304 1996 2174 2042; baseline 0.003 -16"><span class='ocrx_word' id='word_1_488' title='bbox 304 1996 435 2035; x_wconf 78' lang='lat' dir='ltr'><strong>Quodsi</strong></span> <span class='ocrx_word' id='word_1_489' title='bbox 458 1997 629 2028; x_wconf 84' lang='lat' dir='ltr'><strong>iustitiast</strong></span> <span class='ocrx_word' id='word_1_490' title='bbox 651 1997 893 2042; x_wconf 77' lang='lat' dir='ltr'><strong>obtemperatio</strong></span> <span class='ocrx_word' id='word_1_491' title='bbox 916 1999 1069 2042; x_wconf 80' lang='lat' dir='ltr'><strong>legibus,</strong></span> <span class='ocrx_word' id='word_1_492' title='bbox 1094 2004 1131 2030; x_wconf 88' lang='lat' dir='ltr'><strong>et</strong></span> <span class='ocrx_word' id='word_1_493' title='bbox 1154 1999 1208 2037; x_wconf 81' lang='lat' dir='ltr'><strong>si,</strong></span> <span class='ocrx_word' id='word_1_494' title='bbox 1233 2004 1272 2030; x_wconf 89' lang='lat' dir='ltr'><strong>ut</strong></span> <span class='ocrx_word' id='word_1_495' title='bbox 1296 1998 1386 2030; x_wconf 84' lang='lat' dir='ltr'><strong>idem</strong></span> <span class='ocrx_word' id='word_1_496' title='bbox 1409 2000 1541 2038; x_wconf 83' lang='lat' dir='ltr'><strong>dicunt,</strong></span> <span class='ocrx_word' id='word_1_497' title='bbox 1569 2000 1723 2031; x_wconf 78' lang='lat' dir='ltr'><strong>utilitate</strong></span> <span class='ocrx_word' id='word_1_498' title='bbox 1745 1999 1860 2030; x_wconf 83' lang='lat' dir='ltr'><strong>omnia</strong></span> <span class='ocrx_word' id='word_1_499' title='bbox 1882 1999 2052 2031; x_wconf 82' lang='lat' dir='ltr'><strong>metienda</strong></span> <span class='ocrx_word' id='word_1_500' title='bbox 2075 2006 2174 2033; x_wconf 78' lang='lat' dir='ltr'><strong>sunt.-</strong></span> 
     </span>
     <span class='ocr_line' id='line_1_37' title="bbox 304 2050 2175 2096; baseline 0.002 -15"><span class='ocrx_word' id='word_1_501' title='bbox 304 2050 461 2092; x_wconf 79' lang='lat' dir='ltr'><strong>negleget</strong></span> <span class='ocrx_word' id='word_1_502' title='bbox 484 2050 575 2092; x_wconf 76' lang='lat' dir='ltr'><strong>leges</strong></span> <span class='ocrx_word' id='word_1_503' title='bbox 599 2056 659 2083; x_wconf 82' lang='lat' dir='ltr'><strong>ete.</strong></span> <span class='ocrx_word' id='word_1_504' title='bbox 703 2052 753 2082; x_wconf 86' lang='lat' dir='ltr'><strong>Id.</strong></span> <span class='ocrx_word' id='word_1_505' title='bbox 778 2063 854 2095; x_wconf 90' lang='lat' dir='ltr'><strong>epp.</strong></span> <span class='ocrx_word' id='word_1_506' title='bbox 879 2052 919 2083; x_wconf 84' lang='lat' dir='ltr'><strong>ad</strong></span> <span class='ocrx_word' id='word_1_507' title='bbox 942 2053 1023 2083; x_wconf 93' lang='lat' dir='ltr'><strong>Diu.</strong></span> <span class='ocrx_word' id='word_1_508' title='bbox 1047 2052 1147 2090; x_wconf 87' lang='lat' dir='ltr'><strong>XIV,</strong></span> <span class='ocrx_word' id='word_1_509' title='bbox 1186 2063 1212 2083; x_wconf 89' lang='grc'><strong>1.</strong></span> <span class='ocrx_word' id='word_1_510' title='bbox 1259 2052 1369 2092; x_wconf 81' lang='lat' dir='ltr'><strong>Quem</strong></span> <span class='ocrx_word' id='word_1_511' title='bbox 1397 2065 1460 2096; x_wconf 79' lang='lat' dir='ltr'><strong>ego</strong></span> <span class='ocrx_word' id='word_1_512' title='bbox 1483 2053 1573 2084; x_wconf 83' lang='lat' dir='ltr'><strong>diem</strong></span> <span class='ocrx_word' id='word_1_513' title='bbox 1601 2053 1633 2083; x_wconf 89' lang='lat' dir='ltr'><strong>si</strong></span> <span class='ocrx_word' id='word_1_514' title='bbox 1655 2053 1790 2090; x_wconf 88' lang='lat' dir='ltr'><strong>uidero,</strong></span> <span class='ocrx_word' id='word_1_515' title='bbox 1827 2057 1865 2084; x_wconf 84' lang='lat' dir='ltr'><strong>et</strong></span> <span class='ocrx_word' id='word_1_516' title='bbox 1888 2052 1926 2083; x_wconf 83' lang='lat' dir='ltr'><strong>si</strong></span> <span class='ocrx_word' id='word_1_517' title='bbox 1955 2052 1991 2082; x_wconf 89' lang='lat' dir='ltr'><strong>in</strong></span> <span class='ocrx_word' id='word_1_518' title='bbox 2018 2058 2175 2085; x_wconf 75' lang='lat' dir='ltr'><strong>nostrum</strong></span> 
     </span>
     <span class='ocr_line' id='line_1_38' title="bbox 305 2101 2176 2149; baseline 0.003 -16"><span class='ocrx_word' id='word_1_519' title='bbox 305 2101 504 2144; x_wconf 73' lang='lat' dir='ltr'><strong>conplexum</strong></span> <span class='ocrx_word' id='word_1_520' title='bbox 523 2115 664 2141; x_wconf 85' lang='lat' dir='ltr'><strong>uenero,</strong></span> <span class='ocrx_word' id='word_1_521' title='bbox 687 2117 727 2135; x_wconf 87' lang='lat' dir='ltr'><strong>ac</strong></span> <span class='ocrx_word' id='word_1_522' title='bbox 750 2105 780 2135; x_wconf 88' lang='lat' dir='ltr'><strong>si</strong></span> <span class='ocrx_word' id='word_1_523' title='bbox 803 2110 835 2136; x_wconf 79' lang='lat' dir='ltr'><strong>et</strong></span> <span class='ocrx_word' id='word_1_524' title='bbox 857 2117 917 2136; x_wconf 87' lang='lat' dir='ltr'><strong>uos</strong></span> <span class='ocrx_word' id='word_1_525' title='bbox 941 2111 974 2137; x_wconf 87' lang='lat' dir='ltr'><strong>et</strong></span> <span class='ocrx_word' id='word_1_526' title='bbox 995 2118 1047 2137; x_wconf 84' lang='lat' dir='ltr'><strong>me</strong></span> <span class='ocrx_word' id='word_1_527' title='bbox 1068 2105 1182 2149; x_wconf 76' lang='lat' dir='ltr'><strong>ipsum</strong></span> <span class='ocrx_word' id='word_1_528' title='bbox 1208 2117 1431 2148; x_wconf 75' lang='lat' dir='ltr'><strong>recuperaro:</strong></span> <span class='ocrx_word' id='word_1_529' title='bbox 1455 2105 1541 2136; x_wconf 86' lang='lat' dir='ltr'><strong>satis</strong></span> <span class='ocrx_word' id='word_1_530' title='bbox 1562 2117 1728 2147; x_wconf 73' lang='lat' dir='ltr'><strong>magnum</strong></span> <span class='ocrx_word' id='word_1_531' title='bbox 1749 2104 2012 2147; x_wconf 76' lang='lat' dir='ltr'><strong>1711&#39;l1ifructum</strong></span> <span class='ocrx_word' id='word_1_532' title='bbox 2034 2106 2176 2138; x_wconf 78' lang='lat' dir='ltr'><strong>uidebor</strong></span> 
     </span>
     <span class='ocr_line' id='line_1_39' title="bbox 299 2154 2175 2200; baseline 0.003 -14"><span class='ocrx_word' id='word_1_533' title='bbox 299 2154 493 2198; x_wconf 76' lang='lat' dir='ltr'><strong>percepisse</strong></span> <span class='ocrx_word' id='word_1_534' title='bbox 514 2161 545 2186; x_wconf 84' lang='lat' dir='ltr'><strong>ct</strong></span> <span class='ocrx_word' id='word_1_535' title='bbox 569 2162 707 2188; x_wconf 77' lang='lat' dir='ltr'><strong>nostrae</strong></span> <span class='ocrx_word' id='word_1_536' title='bbox 720 2158 865 2200; x_wconf 81' lang='lat' dir='ltr'><strong>pietatis</strong></span> <span class='ocrx_word' id='word_1_537' title='bbox 889 2164 921 2189; x_wconf 88' lang='lat' dir='ltr'><strong>et</strong></span> <span class='ocrx_word' id='word_1_538' title='bbox 943 2171 1046 2190; x_wconf 80' lang='lat' dir='ltr'><strong>meae.</strong></span> <span class='ocrx_word' id='word_1_539' title='bbox 1091 2157 1139 2189; x_wconf 83' lang='lat' dir='ltr'><strong>Id.</strong></span> <span class='ocrx_word' id='word_1_540' title='bbox 1166 2170 1228 2200; x_wconf 87' lang='lat' dir='ltr'><strong>pro</strong></span> <span class='ocrx_word' id='word_1_541' title='bbox 1252 2158 1359 2190; x_wconf 87' lang='lat' dir='ltr'><strong>Arch.</strong></span> <span class='ocrx_word' id='word_1_542' title='bbox 1383 2158 1468 2195; x_wconf 83' lang='lat' dir='ltr'><strong>VH,</strong></span> <span class='ocrx_word' id='word_1_543' title='bbox 1496 2158 1543 2189; x_wconf 83' lang='grc'><strong>16.</strong></span> <span class='ocrx_word' id='word_1_544' title='bbox 1575 2157 1707 2197; x_wconf 80' lang='lat' dir='ltr'><strong>Quodsi</strong></span> <span class='ocrx_word' id='word_1_545' title='bbox 1728 2169 1794 2188; x_wconf 75' lang='lat' dir='ltr'><strong>non</strong></span> <span class='ocrx_word' id='word_1_546' title='bbox 1818 2157 1873 2188; x_wconf 77' lang='lat' dir='ltr'><strong>hic</strong></span> <span class='ocrx_word' id='word_1_547' title='bbox 1896 2162 2015 2190; x_wconf 82' lang='lat' dir='ltr'><strong>tantus</strong></span> <span class='ocrx_word' id='word_1_548' title='bbox 2033 2157 2175 2200; x_wconf 67' lang='lat' dir='ltr'><strong>fructus</strong></span> 
     </span>
     <span class='ocr_line' id='line_1_40' title="bbox 306 2206 2173 2255; baseline 0.003 -18"><span class='ocrx_word' id='word_1_549' title='bbox 306 2206 560 2245; x_wconf 78' lang='lat' dir='ltr'><strong>ostenderetur,</strong></span> <span class='ocrx_word' id='word_1_550' title='bbox 598 2214 636 2239; x_wconf 83' lang='lat' dir='ltr'><strong>et</strong></span> <span class='ocrx_word' id='word_1_551' title='bbox 664 2210 703 2240; x_wconf 87' lang='lat' dir='ltr'><strong>si</strong></span> <span class='ocrx_word' id='word_1_552' title='bbox 731 2223 771 2240; x_wconf 81' lang='lat' dir='ltr'><strong>ex</strong></span> <span class='ocrx_word' id='word_1_553' title='bbox 794 2211 847 2242; x_wconf 76' lang='lat' dir='ltr'><strong>his</strong></span> <span class='ocrx_word' id='word_1_554' title='bbox 869 2212 997 2243; x_wconf 85' lang='lat' dir='ltr'><strong>studiis</strong></span> <span class='ocrx_word' id='word_1_555' title='bbox 1027 2211 1207 2243; x_wconf 76' lang='lat' dir='ltr'><strong>delectatio</strong></span> <span class='ocrx_word' id='word_1_556' title='bbox 1233 2211 1307 2242; x_wconf 81' lang='lat' dir='ltr'><strong>sola</strong></span> <span class='ocrx_word' id='word_1_557' title='bbox 1337 2217 1531 2255; x_wconf 77' lang='lat' dir='ltr'><strong>peteretur.-</strong></span> <span class='ocrx_word' id='word_1_558' title='bbox 1569 2217 1680 2242; x_wconf 86' lang='lat' dir='ltr'><strong>tamen</strong></span> <span class='ocrx_word' id='word_1_559' title='bbox 1702 2227 1744 2234; x_wconf 94' lang='lat'>—</span> <span class='ocrx_word' id='word_1_560' title='bbox 1766 2210 1979 2243; x_wconf 84' lang='lat' dir='ltr'><strong>iudicaretis.</strong></span> <span class='ocrx_word' id='word_1_561' title='bbox 2025 2211 2173 2252; x_wconf 87' lang='lat' dir='ltr'><strong>Quintus</strong></span> 
     </span>
     <span class='ocr_line' id='line_1_41' title="bbox 307 2258 2174 2307; baseline 0.003 -16"><span class='ocrx_word' id='word_1_562' title='bbox 307 2259 375 2291; x_wconf 82' lang='lat' dir='ltr'><strong>CiC.</strong></span> <span class='ocrx_word' id='word_1_563' title='bbox 403 2258 444 2289; x_wconf 82' lang='lat' dir='ltr'><strong>de</strong></span> <span class='ocrx_word' id='word_1_564' title='bbox 465 2265 534 2301; x_wconf 84' lang='lat' dir='ltr'><strong>pet.</strong></span> <span class='ocrx_word' id='word_1_565' title='bbox 559 2260 658 2291; x_wconf 87' lang='lat' dir='ltr'><strong>Cons.</strong></span> <span class='ocrx_word' id='word_1_566' title='bbox 687 2272 713 2291; x_wconf 91' lang='lat' dir='ltr'><strong>c.</strong></span> <span class='ocrx_word' id='word_1_567' title='bbox 737 2263 837 2293; x_wconf 83' lang='lat' dir='ltr'>XIV.</span> <span class='ocrx_word' id='word_1_568' title='bbox 862 2264 980 2303; x_wconf 80' lang='lat' dir='ltr'><strong>Quare</strong></span> <span class='ocrx_word' id='word_1_569' title='bbox 1002 2264 1033 2295; x_wconf 84' lang='lat' dir='ltr'><strong>si</strong></span> <span class='ocrx_word' id='word_1_570' title='bbox 1055 2264 1295 2307; x_wconf 82' lang='lat' dir='ltr'><strong>aduigilamus</strong></span> <span class='ocrx_word' id='word_1_571' title='bbox 1322 2277 1386 2307; x_wconf 84' lang='lat' dir='ltr'><strong>pro</strong></span> <span class='ocrx_word' id='word_1_572' title='bbox 1415 2264 1466 2295; x_wconf 84' lang='lat' dir='ltr'><strong>rei</strong></span> <span class='ocrx_word' id='word_1_573' title='bbox 1488 2263 1678 2306; x_wconf 78' lang='lat' dir='ltr'><strong>dignitate,</strong></span> <span class='ocrx_word' id='word_1_574' title='bbox 1717 2268 1758 2293; x_wconf 79' lang='lat' dir='ltr'><strong>et</strong></span> <span class='ocrx_word' id='word_1_575' title='bbox 1789 2263 1826 2294; x_wconf 83' lang='lat' dir='ltr'><strong>si</strong></span> <span class='ocrx_word' id='word_1_576' title='bbox 1855 2269 1989 2295; x_wconf 84' lang='lat' dir='ltr'><strong>nostros</strong></span> <span class='ocrx_word' id='word_1_577' title='bbox 2012 2265 2059 2296; x_wconf 87' lang='lat' dir='ltr'><strong>ad</strong></span> <span class='ocrx_word' id='word_1_578' title='bbox 2079 2277 2174 2297; x_wconf 81' lang='lat' dir='ltr'><strong>sum-</strong></span> 
     </span>
     <span class='ocr_line' id='line_1_42' title="bbox 305 2312 2173 2361; baseline 0.003 -17"><span class='ocrx_word' id='word_1_579' title='bbox 305 2325 399 2344; x_wconf 85' lang='lat' dir='ltr'><strong>mum</strong></span> <span class='ocrx_word' id='word_1_580' title='bbox 424 2312 578 2344; x_wconf 85' lang='lat' dir='ltr'><strong>studium</strong></span> <span class='ocrx_word' id='word_1_581' title='bbox 600 2312 776 2345; x_wconf 85' lang='lat' dir='ltr'><strong>beneuolos</strong></span> <span class='ocrx_word' id='word_1_582' title='bbox 799 2317 997 2353; x_wconf 71' lang='lat' dir='ltr'><strong>excitamus,</strong></span> <span class='ocrx_word' id='word_1_583' title='bbox 1022 2323 1061 2348; x_wconf 86' lang='lat' dir='ltr'><strong>et</strong></span> <span class='ocrx_word' id='word_1_584' title='bbox 1084 2318 1122 2348; x_wconf 91' lang='lat' dir='ltr'><strong>si</strong></span> <span class='ocrx_word' id='word_1_585' title='bbox 1143 2317 1336 2349; x_wconf 77' lang='lat' dir='ltr'><strong>hominibus</strong></span> <span class='ocrx_word' id='word_1_586' title='bbox 1354 2317 1521 2359; x_wconf 79' lang='lat' dir='ltr'><strong>gratiosis</strong></span> <span class='ocrx_word' id='word_1_587' title='bbox 1544 2316 1774 2359; x_wconf 78' lang='lat' dir='ltr'><strong>studiosisque</strong></span> <span class='ocrx_word' id='word_1_588' title='bbox 1796 2316 1907 2347; x_wconf 84' lang='lat' dir='ltr'><strong>nostri</strong></span> <span class='ocrx_word' id='word_1_589' title='bbox 1928 2328 2030 2347; x_wconf 87' lang='lat' dir='ltr'><strong>suum</strong></span> <span class='ocrx_word' id='word_1_590' title='bbox 2052 2317 2173 2361; x_wconf 83' lang='lat' dir='ltr'><strong>cuique</strong></span> 
     </span>
     <span class='ocr_line' id='line_1_43' title="bbox 305 2365 2171 2413; baseline 0.003 -16"><span class='ocrx_word' id='word_1_591' title='bbox 305 2378 430 2398; x_wconf 80' lang='lat' dir='ltr'><strong>munus</strong></span> <span class='ocrx_word' id='word_1_592' title='bbox 453 2365 694 2405; x_wconf 84' lang='lat' dir='ltr'><strong>describimus,</strong></span> <span class='ocrx_word' id='word_1_593' title='bbox 727 2373 767 2398; x_wconf 88' lang='lat' dir='ltr'><strong>et</strong></span> <span class='ocrx_word' id='word_1_594' title='bbox 789 2368 831 2399; x_wconf 84' lang='lat' dir='ltr'><strong>si</strong></span> <span class='ocrx_word' id='word_1_595' title='bbox 853 2370 1120 2411; x_wconf 75' lang='lat' dir='ltr'><strong>conpetitoribus</strong></span> <span class='ocrx_word' id='word_1_596' title='bbox 1143 2371 1275 2402; x_wconf 77' lang='lat' dir='ltr'><strong>indicia</strong></span> <span class='ocrx_word' id='word_1_597' title='bbox 1292 2369 1537 2413; x_wconf 75' lang='lat' dir='ltr'><strong>proponimus.-</strong></span> <span class='ocrx_word' id='word_1_598' title='bbox 1566 2367 1696 2412; x_wconf 70' lang='lat' dir='ltr'><strong>persici</strong></span> <span class='ocrx_word' id='word_1_599' title='bbox 1712 2374 1846 2412; x_wconf 80' lang='lat' dir='ltr'><strong>potest,</strong></span> <span class='ocrx_word' id='word_1_600' title='bbox 1882 2374 1921 2401; x_wconf 84' lang='lat' dir='ltr'><strong>ut</strong></span> <span class='ocrx_word' id='word_1_601' title='bbox 1943 2369 2088 2412; x_wconf 77' lang='lat' dir='ltr'><strong>largitio</strong></span> <span class='ocrx_word' id='word_1_602' title='bbox 2109 2375 2171 2402; x_wconf 78' lang='lat' dir='ltr'><strong>aut</strong></span> 
     </span>
    </p>
   </div>
  </div>
 </body>
</html>
