2264 2746
274 94 328 120 ‚22
906 74 1485 105 COMMENTARIUS.

1087 173 1116 206 C
1126 170 1158 206 A
1168 171 1208 206 P.
1253 172 1356 208 XVI.

366 264 396 305 §.
420 263 470 296 58.
508 256 741 301 Terentinam)
785 254 916 288 Erfurt.
938 259 972 286 et
993 254 1076 286 Bau.
1105 254 1305 286 Teretinam
1333 256 1613 287 constantis'sume
1636 255 1798 286 scribunt.
1843 255 1939 288 Alibi
1962 268 2016 287 me
2038 256 2084 288 sie
2107 257 2162 289 in-

282 316 414 349 uenisse
444 326 513 346 non
536 311 694 350 memini,
729 308 876 351 satisque
900 313 1029 339 constat
1058 307 1283 339 Terentinam
1313 318 1387 339 eam
1410 308 1538 340 tribum
1561 308 1765 351 appellatam
1790 307 1909 346 fuisse,
1947 309 2037 351 qnod
2063 310 2163 342 etiam

282 380 406 401 nomen
429 367 495 398 uiri
518 364 608 396 docti
629 376 648 395 a
675 364 821 396 Terento
845 361 1038 400 deducunt,
1073 358 1132 402 qui
1155 359 1286 391 Romae
1308 359 1401 392 locus
1424 360 1490 393 fuit
1517 368 1614 394 extra
1635 373 1751 393 muros
1775 361 1810 392 in
1833 373 1951 404 campo
1974 362 2100 393 Martio
2122 362 2165 393 ad

281 423 390 466 ripam
415 418 560 450 Tiberis.
606 417 761 450 Atinates
784 415 820 447 in
842 426 880 446 ea
903 413 1136 445 censebantur.
1183 413 1444 445 GARATONIUS.

368 473 416 504 Et
445 476 535 503 certe
566 469 828 514 expectatmnst)
875 467 1026 500 Orellius
1061 472 1153 498 certo
1183 465 1400 497 scribendum
1428 472 1542 509 putat,
1578 466 1668 509 quod
1694 465 1760 499 duo
1784 474 1874 500 certe
1905 467 2039 500 diuerso
2067 479 2166 500 sensu

277 529 328 559 vita
357 536 428 557 sese
456 523 615 566 excipere
643 534 741 566 posse
772 522 833 553 uix
863 519 988 552 credat.
1034 520 1115 552 Nou
1138 518 1258 560 uide0‚
1296 518 1378 562 quid
1402 518 1570 563 inpediat,
1607 520 1787 563 quominus
1811 527 1957 564 utroque
1979 521 2053 553 loco
2077 527 2167 554 certe

282 578 401 610 eodem
424 587 524 608 sensu
545 575 673 607 dictum
695 581 866 618 putemus.

368 630 475 662 Cuius
498 634 537 661 tu
562 628 673 661 tribas
703 628 918 660 uenditorem
940 631 973 657 et
999 630 1236 668 corruptorem
1258 629 1291 657 et
1313 631 1521 668 sequestrem
1543 626 1730 658 Plancium
1753 625 1872 669 sitisse
1894 625 2067 669 elamitas)
2113 625 2168 658 Sic

282 684 408 717 habent
437 694 553 714 omnes
582 681 680 720 libri,
717 687 768 712 set
790 691 850 723 ego
876 679 916 710 iis
942 677 1058 709 inuitis
1082 676 1265 719 legendum
1290 682 1374 720 puto
1405 684 1611 722 emptorem.-
1651 691 1730 710 nam
1754 679 1813 721 qui
1835 679 2040 722 corrumpit,
2075 679 2168 719 emit,

282 749 351 770 non
370 735 508 773 uendit3
531 734 597 766 nisi
620 734 693 776 quis
717 733 823 773 dicat,
847 731 1061 764 uenditorem
1085 729 1139 761 hic
1162 742 1225 773 pro
1246 736 1400 773 emptore
1423 732 1599 774 usurpari3
1629 732 1685 763 uel
1707 732 1770 771 sic,
1793 732 1933 774 proprie
1955 733 2170 764 uenditorem

283 801 354 822 esse
375 788 535 832 positum,
558 794 591 819 et
613 786 804 829 significari,
830 784 1005 817 Plancium
1028 783 1114 814 hanc
1136 783 1265 814 tribum
1287 782 1356 814 suis
1379 784 1646 826 conpetitoribus
1669 784 1780 827 pretio
1802 790 1937 827 accepto
1961 785 2171 824 concessisse,

284 842 376 886 quod
398 840 607 885 probabilius
631 846 690 871 est.
734 840 812 871 Huc
834 838 977 870 fortasse
1000 836 1149 880 pertinet
1171 836 1224 875 id,
1254 834 1342 879 quod
1368 835 1457 866 infra
1483 837 1530 877 [ξ.
1554 837 1621 878 45.]
1648 836 1790 875 dicitur,
1828 849 1870 868 ne
1893 837 2034 880 reficere
2057 851 2171 870 neees-

282 897 389 929 sariis
413 895 486 927 suis
509 906 610 926 snam
633 893 762 925 tribum
781 893 935 936 possint3
957 891 1045 930 siue,
1072 896 1111 921 ut
1132 890 1248 920 malim
1271 889 1355 931 legi,
1381 902 1424 921 ne
1446 890 1621 933 sufficere,
1644 896 1727 921 ete..
1754 891 1960 923 LAMBINUS.
2005 891 2076 932 Qui
2098 890 2173 933 pri-

281 960 381 981 -mum
402 948 466 979 hoe
488 947 594 989 legat,
619 952 652 976 et
674 945 848 976 Plancium
871 951 1110 987 corruptarum
1133 943 1285 974 tribuum
1309 954 1406 973 reum
1430 953 1500 973 esse
1522 942 1624 981 sciat,
1650 941 1764 974 credat
1786 950 1971 987 emptorem
1992 943 2174 986 legendum

285 1013 366 1041 esse,
394 999 484 1043 quod
508 1006 541 1031 et
563 998 731 1031 Lambino
755 998 789 1029 in
813 1004 961 1029 mentem
986 1002 1145 1034 uenerat3
1170 1001 1220 1026 set
1236 1002 1444 1039 sequestrem
1465 994 1499 1026 id
1523 1007 1592 1026 non
1614 995 1760 1038 patitur,
1785 996 1876 1037 quod
1897 1007 2033 1039 semper
2054 997 2090 1028 in
2113 996 2175 1028 hac

286 1066 324 1086 re
348 1053 473 1085 dicitur
497 1053 538 1083 de
564 1052 780 1083 conciliatore
805 1050 1053 1093 corruptionis,
1087 1048 1145 1091 qui
1167 1047 1363 1090 paciscitur,
1397 1055 1480 1091 aput
1503 1060 1603 1091 quem
1627 1049 1770 1090 pecunia
1793 1049 1993 1091 depositast‚
2029 1050 2094 1082 hoc
2115 1055 2176 1088 est,

287 1107 448 1140 uenditor
470 1105 589 1141 tribus,
614 1103 671 1145 qui
695 1103 853 1145 suffragia
875 1103 1010 1141 uendit,
1036 1113 1238 1144 quamquam
1262 1101 1353 1132 idem
1377 1101 1478 1132 etiam
1502 1101 1594 1132 emit.
1640 1102 1697 1133 Set
1721 1102 1892 1144 quomodo
1917 1102 2070 1134 Plancius
2093 1116 2178 1135 uen-

283 1161 383 1193 ditor
405 1165 438 1190 et
460 1163 632 1201 sequester
656 1158 729 1187 est?
755 1167 878 1198 nempe
901 1156 980 1197 quia
1002 1167 1064 1198 per
1087 1166 1165 1185 eum
1187 1153 1306 1185 uendit
1328 1153 1486 1196 suffragia
1508 1155 1616 1186 tribus
1633 1154 1674 1194 ei,
1702 1155 1760 1197 qui
1776 1155 1955 1197 pecuniam
1971 1155 2082 1194 dedit3
2108 1155 2176 1187 sic-

288 1219 327 1245 ut
348 1211 568 1255 perductores
592 1215 671 1241 sunt
695 1215 727 1240 et
750 1209 945 1240 uenditores
970 1215 1002 1239 et
1025 1213 1242 1249 corruptmes
1272 1207 1476 1249 puellarum.
1522 1208 1747 1239 ERNESTIL‘S.
1795 1208 1983 1250 Optumam
2006 1219 2076 1240 esse
2099 1207 2178 1239 uol-

287 1272 417 1308 gatam,
441 1275 511 1294 non
533 1262 635 1294 modo
659 1261 694 1292 id
718 1262 860 1301 euincit,
885 1260 975 1303 quod
998 1259 1167 1301 sequitur,
1191 1265 1417 1303 sequestrem,
1440 1271 1560 1290 uerum
1585 1260 1685 1290 etiam
1708 1261 1945 1303 apertissume,
1976 1261 2065 1303 quod
2090 1260 2180 1293 infra

289 1319 414 1360 legitur
438 1318 475 1348 C.
499 1316 617 1349 XVII.
641 1318 671 1356 §.
694 1315 745 1347 45.
778 1315 934 1347 Uoltinia
959 1314 1070 1346 tribus
1092 1312 1134 1344 ab
1158 1312 1220 1344 hoc
1244 1317 1428 1354 σωτηρία,-
1463 1313 1686 1344 Terentinam
1708 1312 1876 1345 habuerat
1898 1315 2065 1347 uenalem.
2100 1315 2176 1346 GA-

289 1379 491 1403 RATonws.
538 1368 708 1402 Uenditor
730 1369 837 1399 tribus
859 1367 1065 1399 'Ferentinae
1089 1370 1161 1396 erat
1183 1365 1355 1403 Plancius,
1386 1365 1460 1403 uel,
1490 1365 1580 1407 quod
1605 1365 1725 1396 eodem
1745 1377 1844 1396 sensu
1867 1366 2044 1406 dictumst,
2073 1378 2180 1399 uena-

289 1425 359 1455 lem
380 1423 544 1454 habuerat
568 1421 697 1452 tribum
719 1421 961 1459 'I'erentinam,
997 1418 1088 1462 quod
1111 1429 1185 1449 eam
1208 1417 1476 1461 conpetitoribus
1500 1417 1678 1457 concessit,
1711 1423 1892 1460 postquam
1913 1418 2093 1461 largitione
2115 1420 2179 1452 sibi

290 1488 366 1508 eam
390 1475 603 1506 deuinxerat.
649 1473 719 1506 Cfr.
746 1475 784 1504 C.
806 1474 923 1504 ΧΧΙΙ.
949 1474 979 1514 §.
1004 1473 1077 1505 54..

375 1530 468 1561 Eam
497 1528 625 1560 tribum
652 1526 811 1571 profecto
840 1527 1151 1558 seuerissumornm
1177 1524 1388 1567 praesertim
1416 1524 1593 1555 hominnm
1615 1529 1648 1554 et
1667 1523 1972 1566 grauissumorum
1994 1526 2092 1557 edere
2120 1526 2180 1559 de-

291 1582 410 1623 buisti)
455 1582 542 1612 Cum
572 1579 788 1612 seuerissumi
821 1579 889 1610 sint
916 1585 949 1610 et
977 1577 1180 1620 grauissumi
1203 1576 1375 1615 homines,
1411 1576 1470 1618 qui
1493 1581 1571 1607 sunt
1599 1575 1635 1606 in
1658 1575 1749 1606 tribu
1775 1576 1978 1617 Terentina,
2013 1589 2052 1609 eo
2075 1578 2180 1621 magis

292 1635 394 1666 edere
416 1634 502 1665 hanc
524 1634 650 1666 tribum
675 1632 838 1671 debuisti,
872 1643 938 1673 quo
964 1631 1087 1662 certius
1111 1635 1201 1669 erat,
1235 1629 1362 1661 iudices
1389 1642 1432 1661 ex
1455 1629 1512 1661 illa
1535 1628 1628 1660 tribu
1651 1628 1798 1661 delectos
1821 1641 1886 1672 pro
1908 1631 2088 1663 seueritate
2109 1644 2179 1672 sua,

294 1687 324 1718 si
346 1686 480 1718 tribulis
504 1692 681 1729 corruptos
705 1686 838 1723 scirent,
863 1684 1017 1716 onmium
1039 1695 1200 1715 maxume
1222 1689 1340 1714 contra
1362 1695 1460 1714 reum
1482 1682 1714 1714 testimonium
1738 1694 1781 1713 ex
1804 1683 1876 1725 ipsa
1898 1684 2041 1716 ueritate
2062 1685 2180 1727 perhi-

295 1740 426 1771 bituros
450 1751 531 1770 esse.
578 1739 679 1781 Quod
704 1738 840 1780 quidem
864 1736 1097 1768 testimonium
1122 1748 1161 1767 eo
1187 1736 1264 1779 plus
1288 1736 1433 1774 ualeret,
1469 1747 1535 1777 quo
1559 1735 1731 1777 grauiores
1754 1742 1834 1767 sunt
1855 1736 2025 1776 homines,
2058 1737 2118 1779 qui
2144 1738 2180 1770 in

296 1793 389 1824 tribu
412 1792 472 1823 illa
494 1798 722 1823 recensentur.
768 1790 838 1822 Cfr.
864 1791 901 1821 C.
925 1790 1059 1822 XVIII.
1086 1790 1115 1830 ξ.
1132 1789 1183 1820 45.
1214 1789 1417 1821 Tribulibus
1439 1790 1531 1821 enim
1553 1788 1726 1820 iudicibus
1749 1800 1816 1820 non
1838 1790 1937 1821 modo
1961 1791 2179 1823 seueritatem

297 1845 459 1884 illoram,
486 1846 516 1876 si
539 1847 607 1878 ista
630 1857 714 1877 uera
737 1850 830 1882 sunt,
855 1849 904 1874 set
928 1855 970 1874 ne
992 1843 1109 1874 uoltus
1133 1843 1271 1886 quidem
1286 1841 1389 1885 ferre
1406 1854 1598 1885 possemus.
1640 1841 1745 1873 Hanc
1769 1847 1806 1873 tu
1829 1842 1998 1873 rationem
2020 1855 2097 1874 cum
2110 1843 2179 1886 fu-

296 1899 414 1941 geris,
448 1911 591 1942 cumque
614 1910 667 1929 eos
691 1898 820 1929 indices
844 1896 966 1928 habere
988 1896 1159 1934 nolueris,
1194 1907 1340 1939 quornm
1363 1895 1400 1927 in
1423 1895 1527 1927 latins
1551 1895 1675 1926 delicto
1698 1907 1774 1926 cum
1797 1894 1942 1926 scientia
1964 1895 2178 1934 certissuma,

301 1957 374 1983 tum
396 1952 493 1983 dolor
513 1952 759 1995 granissumus
781 1962 851 1981 esse
875 1949 1047 1987 debuerit,
1074 1955 1155 1979 ete..

385 2004 435 2037 At
464 2002 669 2045 Uoltiniam)
714 2001 976 2043 Hagenbuchius
999 2007 1130 2032 nostras
1154 2001 1189 2033 in
1212 2000 1448 2033 dissertatione
1470 1999 1598 2032 inedita
1621 1999 1662 2030 de
1684 1999 1776 2031 tribu
1797 1998 1970 2038 Arniensi,
1998 2011 2067 2030 non
2090 2000 2181 2033 Nar-

303 2056 420 2096 niensi,
444 2057 486 2088 ad
509 2058 578 2089 Cic.
600 2068 629 2088 2.
655 2057 739 2098 Agr.
765 2066 794 2086 2.
817 2066 845 2086 0.
864 2066 914 2097 29.
938 2053 980 2085 ad
1004 2054 1036 2085 h.
1060 2053 1082 2084 l.
1108 2054 1189 2085 haec
1212 2061 1322 2086 notat:
1346 2053 1479 2096 „Quod
1503 2052 1691 2086 Uoltiniam
1715 2052 1840 2083 tribum
1865 2051 1934 2083 Cic.
1958 2063 2021 2094 pro
2045 2052 2181 2086 Plancio

303 2121 331 2140 c.
359 2110 406 2141 16.
430 2116 463 2141 et
480 2122 527 2152 17·
550 2110 697 2141 uicinam
719 2108 828 2140 facere
852 2108 988 2139 uidetur
1011 2107 1226 2146 Terentinae,
1253 2107 1409 2150 Sigonius
1432 2107 1475 2138 ad
1496 2106 1597 2138 situm
1621 2115 1755 2146 quoque
1777 2115 1835 2135 seu
1858 2104 1930 2136 loca
1953 2104 2104 2136 tribuum
2125 2117 2182 2138 re-

305 2160 388 2200 fert,
425 2161 464 2192 de
487 2164 554 2194 Iur.
577 2163 641 2193 eiu.
666 2163 765 2194 Rom.
790 2161 867 2193 Lib.
894 2162 918 2191 Ι.
946 2172 974 2191 0.
997 2160 1027 2192 5.
1051 2172 1084 2203 Ρ.
1113 2161 1160 2192 15.
1191 2160 1269 2203 (Ed.
1291 2161 1386 2202 Lips.
1415 2160 1504 2201 1715·
1528 2158 1569 2189 Τ.
1593 2158 1619 2188 I.
1642 2168 1675 2199 p.
1699 2155 1783 2197 40.):
1823 2169 1945 2188 uereor
1974 2163 2106 2198 tamen,
2138 2171 2181 2192 ne

304 2214 463 2246 subtilior
482 2215 524 2245 sit
546 2215 664 2246 haecce
687 2214 803 2257 Sigoni
826 2214 978 2245 tribuum
1002 2213 1157 2245 ordinem
1183 2213 1363 2245 enarrandi
1384 2212 1470 2243 ratio
1494 2222 1593 2253 quam
1617 2209 1774 2241 uerior.“
1818 2210 1972 2241 Eandem
1993 2217 2107 2243 tamen
2129 2224 2182 2244 se-

308 2266 377 2298 cuti
399 2272 478 2298 sunt
500 2267 686 2299 Boindinus
718 2275 750 2299 et
773 2266 987 2299 Beaufortius
1021 2268 1252 2311 (Re'pnblique
1273 2266 1444 2299 Romaine
1472 2265 1513 2295 Τ.
1538 2264 1563 2294 Ι.
1595 2274 1627 2305 p.
1653 2262 1736 2304 174.)
1765 2273 1801 2293 ac
1823 2261 1997 2295 fatendum
2022 2270 2087 2304 est,
2120 2266 2181 2298 sub

310 2319 557 2362 inperatoribus
584 2319 719 2350 deinum
748 2320 850 2351 uariis
880 2320 1090 2351 coloniarum
1119 2319 1393 2357 deductionibus,
1425 2315 1681 2358 migrationibus
1705 2315 1916 2356 singulorum
1947 2316 2089 2357 ciuium,
2122 2319 2183 2350 adq

310 2372 521 2415 optionibus,
556 2371 662 2402 libera
692 2372 836 2414 denique
868 2372 1029 2415 cuiusque
1059 2372 1221 2404 electione
1249 2371 1374 2403 sactum
1398 2380 1484 2409 esse,
1516 2374 1554 2400 ut
1576 2369 1713 2400 urbium
1736 2368 1837 2399 etiam
1859 2369 2052 2402 Italicarum
2074 2371 2181 2404 tribus
