2264 2746
243 96 297 123 168
895 91 1466 121 COMMENTARIUS.

243 166 306 197 rio.
351 166 520 209 Explosos
545 166 647 209 igitur
669 166 760 196 uides
786 170 926 196 tectores
950 166 1011 197 hos
1031 166 1244 208 Ligorianos,
1268 166 1325 197 uel
1347 166 1375 197 si
1397 166 1505 198 mauis
1530 166 1739 199 Graeuianos
1763 167 1883 199 omnis.
1928 169 2121 202 Inconcussi

245 231 325 251 uero
348 225 487 251 manent
511 218 749 250 Ciceronianus
772 224 904 259 noster,
942 219 1199 250 Beneuentanus
1225 219 1365 251 Gruteri
1390 217 1470 259 642,
1503 232 1571 259 10.,
1602 220 1776 251 Romanus
1801 219 1952 251 eiusdem
1974 221 2052 263 517,
2078 235 2120 264 7.‚

244 273 363 305 Antias
388 271 557 304 Muratori
593 270 664 300 505.
695 270 779 301 Tab.
805 271 861 302 C..
905 271 1105 302 Tectoribus
1133 283 1215 302 uero
1247 271 1318 303 istis
1346 272 1548 304 militaribus
1575 273 1730 315 antiquos
1761 284 1838 303 usos
1860 271 1962 303 fuisse
1985 272 2028 303 ad
2049 285 2122 306 ma-

243 326 355 357 chinas
378 325 511 357 bellicas
534 334 633 353 nemo
657 323 770 354 credet
796 323 962 361 Graeui03
1004 323 1174 365 quomodo
1198 324 1307 363 enim,
1347 330 1405 355 aut
1428 337 1528 366 quem
1553 326 1593 357 ad
1619 325 1720 357 finem
1744 324 1826 356 istae
1850 336 1953 367 opere
1982 326 2122 357 tectorio

241 377 369 410 fuerint
392 377 572 408 loricatae?
617 375 736 418 Longe
759 376 872 407 scitius
896 376 1159 417 Hagenbuchius
1183 376 1223 407 ad
1250 376 1396 408 Gorium
1415 377 1489 408 Etr.
1514 380 1538 417 I,
1567 379 1635 417 154,
1660 379 1709 410 80.
1733 378 1814 409 11000
1834 376 1984 409 notauit:
2005 384 2125 417 „stru—

243 438 315 463 etot·
332 429 548 474 panetarius
570 426 711 459 fortasse
734 428 840 466 idem,
877 427 935 469 qui
957 428 1030 459 aliis
1061 428 1096 459 in
1119 429 1208 460 saxis
1238 429 1346 470 iisque
1371 430 1574 462 militaribus
1599 437 1706 463 tector
1729 431 1864 461 dicitur.
1909 431 2015 462 Lecta
2039 431 2125 462 Gori

241 490 320 515 nota
348 481 450 513 subiit
484 487 650 513 tectorum
687 481 723 512 111
753 480 867 511 castris
899 492 997 511 usum
1027 480 1131 513 fuisse
1160 481 1300 513 fortasse
1331 483 1372 513 ad
1403 483 1610 523 lithostrata,
1648 495 1706 514 seu
1733 483 1928 526 pauimenta
1957 483 2125 514 tessellata

240 533 490 579 praetoriorum
514 533 749 566 construenda.
796 533 920 564 Ktotae
944 534 979 564 in
1002 545 1081 576 agro
1101 534 1279 566 Turicensi
1302 542 1477 578 repertum
1501 542 1547 567 est
1570 536 1805 578 pauimentum
1827 547 1917 566 nunc
1940 535 1976 566 111
1999 536 2125 566 biblio-

241 588 335 619 theca
362 592 476 618 nostra
499 587 604 618 ciuica
626 587 841 618 adseruatum
865 597 940 616 011111
971 587 1131 619 lateribus
1157 588 1257 619 coctis
1280 589 1447 631 Legiones
1470 590 1534 620 XI.
1561 594 1594 619 et
1615 589 1716 620 XM.
1744 588 2012 620 referentibus.“
2058 590 2124 620 Ce—

241 646 352 671 terum
375 639 470 671 uides
493 652 536 671 ex
557 640 628 672 istis
652 639 834 671 tectoribus
858 639 1060 671 militaribus
1083 652 1190 671 unum
1214 640 1378 672 duntaxat
1400 653 1577 673 remanere
1599 641 1695 672 nobis
1720 641 1964 673 Gruterianum
1991 642 2069 683 517,
2094 653 2124 683 7.

246 694 420 725 Tea-torem
442 694 722 731 Praetoricmor.J
761 692 854 723 cuius
880 703 982 734 opera
1005 691 1039 722 iu
1067 694 1181 724 castris
1204 694 1384 735 praetoriis
1409 705 1573 736 quaenam
1596 692 1719 732 fuerit,
1758 694 1885 725 nullius
1908 694 2038 737 indiget
2061 706 2125 726 ex-

239 746 429 788 positionis.
473 745 672 777 Notandum
695 752 870 788 praeterea
893 744 1054 776 aduersus
1072 747 1373 788 Hagenbuchium‚
1397 758 1468 778 11011
1491 746 1637 778 eundem
1660 745 1799 778 omnino
1824 758 1894 777 esse
1918 754 2125 781 structorem

239 810 277 829 ac
301 804 470 831 ter-torem.
514 799 717 830 0111111115.

328 851 545 892 Nescinerit)
591 850 805 891 ludendum,
850 863 931 882 num
963 851 1070 891 forte,
1116 851 1207 894 quod
1241 863 1283 883 ex
1312 851 1476 883 uarietate
1505 853 1693 895 scripturae
1721 852 1818 883 codd.
1855 852 1979 894 conligi
2000 857 2123 894 potest,

238 902 349 934 forma
374 903 523 935 breuiori
547 905 665 936 Cicero
691 905 833 936 nescirit
858 904 1040 947 scripserit.
1087 905 1140 935 Sic
1164 904 1260 936 codd.
1284 905 1484 936 auctoritate
1506 918 1569 949 pro
1594 906 1688 937 Sulla
1711 906 1748 937 C.
1772 906 1870 936 XIII.
1896 906 1925 947 ἕ.
1950 905 2000 948 59.
2025 916 2126 948 quom

240 957 290 994 1⁸3,
330 957 390 1000 qni
419 958 460 989 cle
491 958 645 989 omnibus
674 958 848 995 scierit,
884 959 925 990 de
953 959 1054 990 Sulla
1083 970 1117 990 se
1139 958 1227 989 scire
1250 959 1399 1000 negarit.
1430 970 1494 1000 pro
1525 960 1643 991 scierit
1667 958 1883 990 scribendum
1907 959 2006 990 scirit
2028 963 2124 999 puto.

239 1009 364 1040 Forma
389 1011 492 1042 scisse
514 1011 624 1042 utitur
648 1011 765 1042 Cicero
789 1010 828 1040 de
855 1011 916 1042 Or.
940 1012 966 1049 I,
994 1011 1041 1049 13,
1066 1010 1117 1041 53.
1148 1011 1201 1041 De
1223 1011 1323 1042 sirim
1344 1010 1420 1041 uide
1443 1023 1527 1053 quae
1550 1012 1669 1044 monui
1691 1012 1733 1043 ad
1758 1013 1795 1043 C.
1819 1012 1976 1044 XXXV.
2001 1011 2030 1052 §.
2052 1010 2124 1051 87.-

324 1062 434 1102 Quem
457 1065 603 1096 uilicum
626 1063 878 1108 imponeremus)
925 1064 1036 1094 Rarus
1066 1063 1120 1093 hic
1147 1063 1244 1093 uerbi
1276 1064 1463 1106 inponendi
1492 1077 1588 1104 usus,
1625 1077 1667 1096 ex
1699 1076 1765 1106 quo
1796 1075 1922 1095 nomen
1945 1064 2034 1103 eius,
2070 1063 2126 1094 cui

241 1115 321 1156 quid
345 1116 539 1157 inponitur,
573 1117 758 1155 omittitur,
783 1116 1014 1157 significatque
1037 1116 1245 1159 praeficere,
1277 1116 1374 1147 nobis
1397 1119 1576 1150 anstellen.
1596 1116 1599 1117 ⁷
1621 1119 1717 1151 Unus
1741 1123 1875 1159 praeter
1898 1117 1988 1148 hunc
2010 1117 2124 1148 locum

239 1169 422 1205 succurrit,
457 1169 492 1199 in
517 1181 582 1210 quo
607 1169 726 1199 eodem
750 1169 813 1199 1100
833 1180 933 1199 5011511
955 1175 1204 1211 usurpatumst,
1240 1169 1375 1201 Sallust.
1398 1170 1553 1212 Iugurth.
1579 1171 1616 1202 C.
1642 1171 1680 1202 C.
1718 1170 1834 1201 Simul
1855 1170 1992 1209 consul,
2024 1170 2126 1213 quasi

239 1222 335 1254 nullo
360 1222 528 1264 inposite,
561 1223 674 1252 omnia
689 1222 888 1264 prouidere.

322 1273 570 1316 Reipublicae
600 1274 736 1316 milit-os)
782 1274 836 1304 Sic
869 1273 1038 1305 quenalis
1066 1275 1133 1305 Sat.
1164 1275 1232 1312 IV,
1265 1285 1314 1316 77.
1345 1275 1554 1318 praefectum
1587 1277 1680 1308 urbis
1711 1282 1810 1306 uocat
1839 1275 1933 1307 urbis
1964 1274 2122 1306 uilicum:

238 1328 400 1369 Pegasus
428 1327 598 1359 attonitae
622 1328 760 1370 positus
784 1328 881 1359 modo
905 1327 1032 1358 uilicus
1064 1327 1159 1359 Urbi.
1198 1328 1406 1359 GRAEL‘IYS.
1452 1329 1542 1361 Uide
1573 1330 1711 1360 Salmas.
1740 1328 1782 1358 ad
1811 1327 1988 1369 Lamprid.
2018 1327 2123 1359 Alex.

240 1391 267 1410 c.
294 1381 359 1410 15..
407 1379 509 1420 Quod
541 1386 653 1411 autem
677 1381 712 1411 in
736 1381 779 1413 U.
803 1381 844 1411 L.
868 1391 1049 1410 monemur
1072 1391 1090 1410 a
1115 1381 1283 1419 Graeuio,
1318 1392 1452 1423 semper
1475 1382 1621 1413 uilicum
1645 1381 1743 1412 unico
1767 1382 1781 1412 l
1808 1381 1843 1411 in
1867 1380 1979 1422 primo
2002 1379 2124 1410 Franci

239 1431 419 1474 perscribi,
455 1432 602 1474 probant
624 1444 696 1463 eam
720 1433 922 1475 scripturam
946 1433 1073 1473 Dausq.
1099 1439 1131 1463 et
1155 1434 1324 1471 Fabret.t.,
1361 1446 1444 1476 quos
1469 1435 1548 1465 citat
1572 1433 1797 1476 Oudendorp.
1821 1433 1863 1464 ad
1887 1433 1979 1463 Suet.
2004 1431 2124 1463 Claud.

238 1485 466 1524 XXXVIII„
505 1497 605 1527 quam
636 1486 671 1516 in
694 1486 863 1529 lapidibus
888 1486 1158 1528 qualnpluruinis
1183 1486 1338 1518 uidemus
1363 1493 1489 1518 extare.
1535 1487 1599 1518 His
1623 1487 1785 1517 accedunt
1815 1485 1948 1528 optumi
1971 1490 2004 1516 et
2025 1490 2126 1515 uetu-

239 1537 388 1569 stissumi
411 1537 558 1577 codices:
584 1539 691 1569 ueluti
715 1538 917 1571 Merceriani
941 1538 975 1568 in
998 1539 1072 1569 loco
1092 1540 1257 1571 Uarronis
1283 1546 1364 1581 aput
1379 1541 1470 1571 Non.
1494 1552 1527 1571 u.
1546 1541 1716 1578 Lautum,
1740 1539 1997 1571 Camerarianus
2013 1537 2126 1570 Plauti

239 1597 320 1634 aput
343 1591 485 1621 Pareum
509 1590 545 1620 iu
569 1592 650 1622 Not.
677 1592 760 1623 Crit.
787 1591 828 1622 ad
853 1591 964 1622 Casin.
989 1592 1039 1631 II,
1072 1603 1107 1633 7,
1137 1592 1168 1623 4.
1206 1593 1257 1632 Π,
1288 1593 1325 1632 8,
1350 1593 1400 1624 24.
1428 1599 1508 1633 etc.‚
1544 1593 1762 1623 Florentinus
1786 1591 2050 1631 Pandectarum,
2083 1590 2125 1622 de

241 1656 306 1685 quo
329 1644 478 1675 Brisson.
502 1644 638 1686 Pa-rerg.
670 1645 699 1686 ξ.
723 1645 791 1676 411..
838 1645 889 1676 Ita
917 1645 1018 1676 etiam
1047 1645 1177 1687 aliquot
1201 1646 1341 1677 Suetoni
1371 1646 1468 1677 codd.
1500 1647 1522 1677 l.
1549 1658 1593 1685 0,,
1633 1646 1753 1687 quibus
1783 1644 1870 1675 adde
1898 1643 2124 1676 Barberinum

241 1696 562 1728 emendatissumum
584 1709 617 1728 n.
642 1697 731 1737 ὦῶ,
762 1698 844 1729 110111
868 1698 975 1728 codex
1001 1698 1152 1729 Cassinas
1176 1699 1333 1730 Frontini
1356 1699 1396 1730 de
1418 1699 1572 1741 Aquaed.
1595 1711 1628 1730 n.
1653 1699 1727 1731 CV.
1750 1710 1784 1741 p.
1811 1698 1879 1740 139.
1906 1697 1998 1736 Pol.,
2029 1696 2125 1727 deni-

242 1761 305 1791 que
328 1750 427 1781 Barb.
452 1750 621 1781 quenalis
645 1751 711 1789 Ill,
740 1752 825 1792 1335,
853 1751 911 1792 qui
935 1757 984 1782 est
1005 1763 1038 1782 11.
1068 1751 1175 1790 1466.,
1210 1752 1427 1794 eiusdemque
1451 1753 1517 1783 duo
1544 1753 1602 1783 alii
1624 1752 1764 1786 Barber.
1788 1753 1880 1793 2175.
1907 1750 2017 1789 ειη-8.,
2055 1749 2121 1780 alio

243 1803 314 1833 loco
340 1804 409 1842 IV,
441 1815 508 1844 77..
556 1804 613 1834 Set
642 1809 731 1835 recte
760 1804 908 1834 arbitror
931 1804 1092 1835 Manium
1115 1805 1140 1835 I.
1169 1805 1272 1847 Opin.
1301 1806 1348 1836 14.
1381 1806 1601 1847 antiquorum
1631 1804 1867 1836 consuetudini
1890 1803 2031 1845 liquidas
2053 1814 2122 1834 11011

242 1855 484 1896 geminantium
515 1856 579 1887 1100
610 1856 778 1888 tribuisse.
824 1857 928 1899 Lapis
959 1857 1097 1899 quidem
1124 1858 1224 1889 Grut.
1248 1859 1391 1890 DCXL.
1420 1871 1467 1890 10.
1499 1857 1664 1900 liquidam
1688 1858 1723 1889 in
1748 1859 1809 1890 hac
1833 1868 1916 1889 uoce
1939 1855 2121 1897 geminans,

244 1914 292 1938 est
314 1907 420 1947 idem,
457 1909 515 1950 qui
539 1921 575 1939 ca
597 1921 666 1940 non
689 1909 857 1951 geminata
884 1923 926 1941 ex
950 1911 1077 1941 schedis
1103 1911 1140 1942 F.
1165 1911 1305 1941 Iocundi
1337 1911 1513 1953 profertur
1535 1923 1554 1942 a
1576 1912 1703 1945 Murat.
1729 1911 1855 1942 CMLI.
1879 1909 1927 1941 8..
1972 1909 2030 1939 801
2052 1920 2123 1940 11011

245 1959 364 1991 desunt
394 1960 464 1992 eius
492 1962 728 2003 geminationis
758 1963 791 1993 in
816 1963 981 2006 lapidibus
1011 1964 1091 2006 ipsis
1124 1964 1300 2006 exempla,
1337 1965 1445 1995 ueluti
1475 1971 1557 2006 aput
1589 1966 1689 1996 Grut.
1721 1963 1828 1995 DCH.
1858 1962 1888 1993 5.
1912 1961 1959 1999 4.,
1995 1961 2122 1992 Murat.

245 2012 442 2044 CMXLIV.
467 2014 496 2045 6.
523 2015 776 2047 CMLXXVH.
801 2016 848 2055 8.,
875 2016 1050 2048 Maffeium
1073 2016 1108 2047 in
1131 2018 1220 2048 BIus.
1246 2019 1374 2050 Ueron.
1400 2018 1620 2049 CCCXLIX.
1644 2017 1675 2048 4.
1701 2015 1846 2047 CCCLI.
1870 2013 1916 2051 3.,
1944 2014 2125 2046 Pratillum

245 2063 287 2094 de
309 2064 364 2094 uia
386 2066 500 2107 Appia
522 2079 555 2109 p.
582 2068 651 2109 74..
698 2069 882 2100 Geminant
906 2070 1006 2100 etiam
1034 2070 1157 2101 Horati
1181 2071 1306 2102 codices
1331 2072 1356 2102 I.
1381 2072 1444 2114 Ep.
1464 2071 1511 2102 14.
1535 2082 1611 2101 011111
1635 2075 1774 2112 optumo
1798 2066 1985 2098 Bai-berino
2011 2068 2122 2109 1469..

247 2117 504 2149 GARATOML'S.
553 2121 639 2152 Cum
663 2122 758 2153 libris
783 2123 971 2164 quibusque
995 2124 1143 2165 optumis
1167 2124 1312 2155 uilicum
1336 2125 1452 2155 scribit
1468 2124 1660 2154 Bauaricus.
1706 2119 1807 2162 Quod
1823 2119 2022 2151 Fabrettum
2045 2131 2123 2152 cum

244 2169 419 2210 Dausquio
443 2171 620 2212 coniunxi,
660 2181 698 2206 ut
720 2174 844 2206 fecerat
868 2176 1155 2218 Oudendorpius,
1191 2182 1223 2206 et
1245 2177 1484 2208 consentientis
1510 2176 1645 2219 putaui,
1680 2173 1715 2205 id
1735 2178 1851 2203 contra
1874 2182 1944 2202 0550
1967 2172 2123 2213 cognoui,

247 2234 349 2264 quom
371 2228 486 2264 postea
509 2226 679 2267 egregium
702 2228 853 2258 Fabretti
877 2228 917 2258 de
940 2229 1217 2271 Aquaeductibus
1247 2229 1373 2260 librum
1398 2230 1603 2261 euoluerem.
1632 2219 1678 2258 'Is
1703 2227 1792 2257 enim
1818 2237 1851 2268 p.
1879 2224 1930 2266 98.
1963 2225 2124 2258 uillicum

247 2275 288 2306 de
310 2275 475 2307 Uarronis
498 2280 662 2311 sententia
684 2281 822 2323 probat,
847 2281 1041 2323 Dausquius
1066 2283 1221 2314 uilicum.
1268 2283 1325 2313 Set
1347 2283 1374 2314 si
1392 2283 1552 2314 Blattium
1575 2280 1724 2322 legisset,
1750 2290 1851 2321 quem
1873 2277 2028 2317 laudaui,
2052 2279 2123 2311 dis-

246 2326 434 2370 putandum
458 2328 518 2359 hac
542 2330 582 2360 de
605 2343 642 2362 re
665 2345 733 2364 non
756 2346 826 2365 esse
850 2334 1083 2366 intellexisset.
1128 2336 1226 2377 Aput
1248 2335 1360 2378 ipsum
1380 2336 1571 2367 Uarronem
1595 2333 1620 2364 l.
1645 2334 1685 2364 de
1708 2333 1751 2363 R.
1775 2333 1818 2363 R.
1843 2342 1878 2370 2,
1906 2331 1953 2362 14.
1986 2332 2122 2365 Ullicus

247 2381 329 2423 agri
351 2380 483 2413 colendi
506 2395 627 2416 caussa
650 2388 857 2419 constitutas
880 2394 983 2431 atque
1003 2389 1199 2431 appellatus
1220 2401 1241 2420 (ι
1265 2388 1364 2420 uilla.
1409 2381 1585 2419 Nimirum
1607 2385 1812 2429 antiquitus,
1845 2396 1949 2426 quom
1971 2385 2121 2427 liquidae
