2264 2746
751 130 776 159 c
796 129 823 158 A
846 130 885 160 P.
923 129 1052 159 XXIX.
1081 128 1108 170 §.
1134 135 1269 164 69—71.
1890 140 1943 168 183

73 202 260 248 cupiditati
281 202 428 235 nimium
449 209 621 247 angustus
643 204 734 237 orbis
757 211 931 237 terrarum
951 217 1022 237 esse
1043 206 1217 238 uideatur.
1239 205 1318 237 ibid.
1342 205 1380 237 C.
1404 205 1537 237 XXIII.
1555 206 1585 248 §.
1605 206 1656 238 61.
1685 206 1846 250 beneficio
1878 211 1943 241 isto

73 255 180 299 legis,
205 255 418 298 benignitate
442 257 665 289 decemuirali
687 258 778 290 nillil
799 259 922 290 utitur.
943 269 1007 301 pro
1031 257 1149 289 Flacco
1175 259 1212 290 C.
1235 259 1316 290 XII.
1341 258 1371 300 §.
1396 269 1445 300 27.
1474 271 1550 291 cum
1573 260 1710 303 quidem
1731 261 1821 292 nihil
1841 275 1862 293 a
1884 275 1942 293 su-

69 307 265 351 perioribus
296 309 536 341 continuorum
566 322 736 342 [crinorum
761 310 906 342 decretis
936 311 1126 343 decesserit.
1162 322 1225 353 pro
1255 311 1384 343 Archia
1414 312 1452 342 C.
1476 312 1554 343 VII.
1582 313 1612 354 ς.
1640 314 1688 345 16.
1719 313 1750 344 si
1777 314 1867 345 nihil
1898 315 1944 346 ad

66 360 330 403 percipiendam
351 362 593 405 colendamque
614 363 780 395 uirtutem
803 364 931 394 litteris
953 364 1219 397 adiuuarentur.
1256 376 1318 407 pro
1341 364 1472 396 Milone
1499 365 1537 396 C.
1560 366 1639 397 VII.
1663 367 1693 407 §.
1718 366 1765 397 16.
1789 367 1880 398 nillil
1904 368 1945 398 de

71 413 145 444 eius
167 418 275 444 morte
292 414 446 457 populus
469 415 662 454 consultus,
696 416 795 448 nulla
817 417 971 459 ‹sicaestio
999 417 1134 448 decreta
1164 429 1186 448 α
1209 422 1374 448 senatus-t.
1412 428 1473 459 pro
1503 418 1603 449 Rosc.
1632 418 1712 451 Am.
1744 418 1781 449 C.
1810 419 1944 450 XLIX.

74 465 105 506 ς.
133 465 202 497 145.
225 465 316 497 nihil
338 466 379 497 de
400 478 462 498 suo
481 467 692 510 patrimonio
714 470 883 512 queritur.
921 469 1069 511 Philipp.
1093 470 1141 507 ll,
1173 469 1231 507 52,
1263 481 1313 511 79.
1350 470 1439 501 nihil
1462 483 1584 513 queror
1614 471 1655 503 de
1673 471 1866 504 Dolabella.
1904 472 1945 503 de

71 523 155 548 orat.
178 517 230 556 II,
257 518 311 556 15,
335 519 387 549 55.
420 519 456 550 in
479 521 610 551 caussis
632 521 723 552 nihil
746 523 882 553 omnino
912 527 1089 553 uersatum
1112 534 1182 553 esse
1203 523 1405 565 accepimus.
1435 523 1472 553 ad
1500 523 1580 554 Diu.
1605 524 1674 563 Vl,
1708 535 1754 555 11.
1778 524 1942 556 Dolabel-

71 571 142 602 lam
163 576 266 602 antea
292 573 527 603 tantummodo
552 573 760 615 diligebam;
790 574 964 616 obligatus
987 574 1018 604 ei
1041 574 1132 605 nillil
1152 587 1257 606 eram.
1287 574 1325 605 ad
1348 576 1422 607 Att.
1446 576 1514 614 IX,
1545 577 1575 607 5.
1606 576 1839 620 optumatibus
1863 590 1944 609 uero

71 623 141 655 tuis
166 623 257 655 nillil
278 623 434 666 consido,
470 625 561 656 nillil
582 626 653 657 iam
675 639 715 658 ne
738 627 890 658 inseruio
920 626 1067 669 quidem.
1113 626 1166 657 Ex
1191 627 1308 658 Plauto
1340 634 1372 658 et
1395 628 1557 659 Terentio
1581 630 1752 661 Gesnerus
1778 630 1879 661 Thes.
1902 632 1943 662 L.

70 677 110 707 L.
134 686 218 707 uoce
241 677 332 708 nihil
352 688 386 707 n.
409 676 440 708 5.
463 688 496 719 p.
519 677 592 709 458.
617 678 773 721 exempla
794 678 924 709 adtulit.
970 678 1096 709 Similis
1128 691 1205 711 usus
1238 686 1287 711 est
1313 681 1525 723 pronominis
1557 682 1694 725 aliquid
1715 688 1747 713 ct
1772 684 1875 726 quid,
1909 684 1943 715 in

69 739 136 770 quo
159 734 286 759 temere
307 741 561 772 nonnumquam
585 730 653 762 uiri
674 731 763 762 docti
786 730 1007 762 offenderunt.
1052 730 1106 761 Sic
1128 743 1190 774 pro
1213 733 1376 764 Deiotaro
1400 735 1437 765 C.
1460 734 1557 766 XIII.
1583 734 1613 775 ς.
1637 734 1687 765 55.
1711 736 1791 767 illut
1813 750 1944 775 uereor,

68 793 110 813 ne
139 780 202 813 tibi
231 782 332 814 illum
361 795 555 816 suscensere
583 784 721 828 aliquid
747 784 929 827 suspicere.
960 795 1023 826 pro
1047 784 1095 815 M.
1121 785 1234 816 Caelio
1264 786 1302 816 C.
1321 786 1459 818 XXXI.
1507 809 1515 817 .
1542 798 1592 827 77.
1630 799 1736 830 quare
1758 789 1789 819 si
1811 791 1868 820 cui
1890 791 1945 822 ni-

67 834 177 865 mium
201 834 386 877 ezferuisse
408 836 548 868 uidetur
571 839 675 869 liuius
697 855 739 861 —
761 837 835 875 uis,
854 836 1045 879 ferocitas,
1071 838 1290 880 pertinacia5
1324 839 1355 869 si
1377 851 1475 882 quem
1500 839 1605 870 etiam
1629 840 1800 872 minorum
1824 843 1945 875 horum

67 887 206 930 aliquid
233 886 391 930 offendit.
428 899 491 927 pro
522 889 629 920 Sestio
656 890 693 921 C.
717 889 780 920 IV.
805 889 835 930 §-
863 900 910 920 10.
943 895 982 921 ut
1012 891 1082 921 iam
1103 890 1250 932 puerilis
1280 896 1341 922 tua
1364 904 1431 923 uox
1451 891 1562 934 possit
1584 892 1722 934 aliquid
1743 894 1946 936 significare

67 940 219 971 inimicis
241 941 387 979 nostris,
423 941 587 984 quidnam
616 954 693 973 cum
719 954 755 974 se
776 942 1010 974 conroborat-it
1039 941 1205 985 effectura
1234 955 1304 974 esse
1338 945 1510 976 uideatur.
1547 943 1586 973 ad
1612 955 1712 985 quem
1735 945 1847 977 locum
1869 948 1945 978 uide

60 991 301 1024 'nouissumum
323 992 500 1024 editorem.
544 993 641 1025 Addo
664 995 804 1025 Terent.
830 995 953 1026 Heaut.
973 995 1015 1033 11,
1041 1005 1076 1031 2,
1105 1006 1173 1025 111.
1199 1001 1236 1027 tu
1259 1008 1293 1027 es
1317 996 1440 1036 iudex3
1461 1009 1502 1029 ne
1525 997 1610 1040 quid
1630 1000 1863 1031 accussandus
1885 1002 1945 1040 sis,

66 1046 158 1079 uide.
187 1045 265 1076 ibid.
288 1057 320 1076 u.
348 1045 417 1077 128.
445 1046 527 1078 uide
550 1048 618 1086 sis,
643 1059 685 1079 ne
707 1047 792 1091 quid
813 1046 1002 1090 inprudens
1026 1058 1119 1078 ruas.

150 1099 200 1130 Et
224 1110 427 1141 quemquam
445 1104 554 1142 putas
568 1099 688 1143 fiiisse
710 1105 782 1131 tam
803 1100 998 1138 excordem,
1030 1101 1089 1143 qui
1113 1099 1207 1131 niuis
1229 1100 1302 1138 llis,
1335 1106 1448 1133 stante
1471 1101 1553 1134 urbe
1576 1108 1608 1134 et
1630 1103 1729 1135 curia
1752 1105 1943 1138 rediturum

65 1163 136 1190 me,
161 1152 192 1182 si
214 1152 388 1190 uiuerem,
410 1163 477 1183 non
497 1152 676 1195 putaretP)
721 1153 776 1184 Sic
797 1152 879 1184 Mss.
905 1158 938 1184 et
960 1152 1030 1183 edd.
1053 1164 1127 1195 pn,
1151 1152 1336 1183 Lambinus
1363 1154 1444 1194 [non
1467 1155 1670 1195 Lambinus,
1696 1156 1753 1198 qui
1776 1158 1943 1200 uolgatam

64 1204 228 1243 seruauit,
266 1209 315 1234 set
341 1203 545 1246 Gryphius.]
576 1204 656 1237 feeit
677 1207 831 1251 Ecquem
859 1211 981 1249 putas,
1021 1205 1110 1247 quod
1142 1204 1291 1236 seruauit
1321 1206 1500 1239 Gruterus.
1546 1209 1714 1241 Turbauit
1738 1211 1941 1243 Lambinuin

64 1257 187 1289 uitiosa
208 1256 448 1298 interpunctio,
475 1268 576 1298 quam
599 1258 686 1289 male
710 1258 860 1290 seruauit
883 1257 1072 1289 Graeuius:
1098 1258 1281 1289 timerent?
1304 1258 1353 1289 Et
1377 1272 1579 1303 quemquam
1603 1279 1645 1285 ——-
1662 1265 1831 1305 putaret?
1855 1265 1941 1306 quod

63 1322 142 1343 saue
165 1321 242 1341 cum
264 1308 538 1351 praecedentibus
561 1321 629 1341 non
653 1311 830 1343 consentit.
857 1311 1082 1342 EanSTnzs.
1127 1311 1357 1352 lutei-punctio
1382 1313 1516 1354 uolgata
1535 1325 1604 1345 non
1627 1321 1676 1345 est
1698 1326 1773 1345 011111
1795 1315 1940 1348 Ernesto

64 1363 242 1402 mutanda,
282 1361 339 1402 qui
362 1360 467 1399 dedit,
505 1363 682 1403 timerent,
718 1370 751 1396 et
774 1376 994 1407 quemquam3
1034 1374 1100 1405 (1110
1125 1362 1210 1393 facto
1235 1363 1349 1394 debuit
1378 1364 1478 1395 etiam
1501 1365 1798 1409 interrogationem
1821 1369 1941 1400 tollere

64 1422 142 1459 post
158 1419 314 1459 putaret.
357 1414 416 1444 Set
438 1419 470 1445 et
495 1427 697 1459 quemquam
718 1416 892 1458 responsio
919 1422 968 1447 est
989 1427 1066 1446 cum
1089 1414 1237 1445 formula
1253 1415 1369 1447 Tullio
1391 1417 1567 1459 familiari,
1599 1431 1699 1462 quam
1722 1432 1822 1452 nemo
1842 1422 1942 1463 igno-

65 1475 129 1501 rat.
168 1469 428 1499 GARATONIUS.
474 1467 579 1498 Recte
603 1469 807 1500 Garatonius
835 1469 1007 1510 uolgarem
1030 1468 1290 1509 interpungendi
1319 1469 1485 1502 rationem
1513 1472 1724 1503 retinendam
1756 1474 1940 1506 contendit.

64 1522 155 1555 Nam
181 1518 317 1551 Ernesti
347 1518 433 1550 ratio
460 1521 595 1562 probari
623 1528 804 1565 propterea
828 1533 897 1553 non
920 1527 1047 1564 potest,
1089 1521 1178 1562 quod
1202 1521 1393 1554 membrum
1422 1537 1625 1568 quemquam
1644 1543 1686 1548 —
1708 1539 1773 1558 non
1794 1534 1938 1571 putaret

65 1574 192 1606 sicum
222 1572 455 1610 antecedente,
490 1575 559 1606 nisi
577 1574 678 1618 forte
700 1576 888 1607 existumas
909 1592 952 1597 —
980 1587 1045 1606 non
1076 1575 1253 1613 timerent,
1286 1586 1347 1616 per
1381 1577 1536 1618 copulam
1569 1578 1802 1620 coniungitur,
1838 1593 1940 1612 unam

66 1626 272 1666 eandemque
295 1626 495 1657 sententiam
522 1628 639 1659 Cicero
665 1628 715 1659 bis
739 1628 901 1659 enuntiat.
945 1627 1071 1657 Prioris
1096 1627 1186 1657 enim
1209 1627 1353 1658 membri
1374 1628 1455 1659 haec
1478 1636 1527 1661 est
1549 1631 1730 1671 sententia,
1768 1634 1837 1665 nisi
1867 1636 1940 1666 exi-

65 1686 218 1717 stumas,
256 1691 322 1710 non
346 1681 513 1711 struxisse
535 1681 691 1713 inimicos
713 1693 802 1712 meos
824 1681 971 1712 insidias
994 1682 1089 1712 uitae
1118 1692 1228 1718 meae,
1266 1681 1357 1724 quod
1383 1694 1436 1713 me
1458 1683 1652 1716 rediturum
1675 1697 1740 1717 non
1757 1693 1938 1729 putarent,

64 1731 264 1776 posterioris
295 1732 392 1771 haec,
427 1734 497 1765 nisi
512 1740 639 1778 putas,
677 1739 749 1766 tam
770 1734 929 1766 excordes
941 1732 1075 1776 fuisse,
1113 1739 1152 1764 ut
1177 1745 1229 1765 me
1258 1734 1452 1766 rediturum
1479 1748 1544 1767 non
1561 1743 1740 1780 putarent.
1784 1740 1938 1779 Accedit,

65 1785 153 1828 quod
183 1785 246 1816 hoc
274 1784 387 1827 ipsum
413 1786 558 1818 alterum
588 1786 779 1818 membrum
804 1786 912 1817 multo
941 1785 1153 1829 paucioribus
1176 1785 1288 1817 uerbis
1314 1785 1422 1827 iisque
1443 1788 1566 1820 rectius
1590 1791 1768 1823 conlocatis
1792 1794 1937 1835 conponi

65 1838 225 1877 debebat,
254 1837 282 1868 si
306 1838 385 1877 ista,
421 1850 504 1881 quae
527 1840 684 1871 Ernestio
707 1839 840 1870 subesse
862 1839 1027 1870 sententia
1050 1837 1204 1877 uidetur,
1242 1838 1413 1870 enuntiata
1435 1847 1530 1872 esset.
1575 1843 1692 1884 Itaque
1714 1844 1778 1875 hoc
1800 1845 1937 1887 quidem

63 1891 346 1930 certissumumst,
382 1891 494 1923 uerbis
523 1898 555 1924 et
578 1904 780 1936 quemquam
800 1909 842 1916 —
864 1904 931 1924 non
958 1897 1099 1936 putaret
1123 1890 1322 1922 Ciceronem
1344 1892 1385 1923 ad
1415 1904 1453 1924 ea
1474 1895 1692 1937 respondere,
1730 1908 1814 1939 quae
1837 1899 1935 1930 modo

64 1956 83 1975 a
106 1943 219 1976 Cassio
241 1943 305 1975 sibi
330 1944 416 1975 obici
436 1956 533 1986 posse
564 1945 711 1984 dixerat,
758 1944 913 1976 inimicos
942 1950 1123 1987 propterea
1153 1943 1293 1975 fortasse
1325 1945 1415 1976 uitae
1435 1958 1514 1977 suae
1536 1949 1739 1990 pepercisse,
1784 1951 1874 1992 quod
1897 1952 1937 1983 de

64 1997 174 2029 reditu
192 1996 278 2028 nihil
292 1996 477 2028 timuerint.
522 1997 662 2029 Refutat
683 2003 795 2028 autem
818 1997 898 2028 haec
920 1997 977 2036 ita,
1004 2002 1042 2028 ut
1058 1996 1228 2028 neminem
1251 1997 1337 2029 dicat
1359 2004 1427 2030 tam
1449 1999 1623 2043 stupidum
1648 2001 1762 2041 fuisse,
1786 2003 1844 2045 qui
1866 2015 1935 2035 non

64 2049 207 2092 putarit,
244 2061 279 2081 se
302 2050 390 2082 uiuis
413 2050 578 2082 iudicibus
610 2056 718 2081 stante
740 2051 822 2081 urbe
845 2056 878 2081 et
900 2050 991 2081 curia
1013 2050 1041 2081 si
1066 2050 1199 2081 uiueret
1223 2050 1411 2082 rediturum
1437 2063 1517 2084 esse.
1561 2053 1643 2084 Illut
1665 2059 1777 2086 tamen
1803 2057 1936 2099 quaeri-

65 2108 139 2140 tur,
168 2113 251 2133 num
275 2103 392 2134 Cicero
414 2104 584 2143 refutans,
617 2114 701 2145 quae
724 2102 823 2134 modo
848 2102 995 2143 dixerat,
1033 2103 1153 2145 copula
1177 2109 1209 2134 et
1228 2103 1278 2134 uti
1303 2104 1464 2146 potuerit.
1511 2105 1613 2147 Quod
1638 2117 1840 2150 quamquam
1863 2110 1935 2141 Ga-

65 2154 216 2187 ratonius
246 2162 336 2188 recte
365 2157 491 2189 factum
521 2167 590 2187 esse
619 2155 716 2195 dicit,
750 2162 863 2188 tamen
893 2168 953 2198 ego
977 2167 1045 2187 non
1068 2161 1167 2198 puto,
1203 2167 1279 2186 cum
1308 2167 1417 2198 neque
1440 2159 1636 2201 exemplum
1657 2159 1766 2191 simile
1787 2162 1933 2194 adlatum

64 2208 124 2246 sit,
149 2219 277 2249 neque,
300 2208 335 2239 id
358 2209 447 2251 quod
470 2210 541 2252 ipsa
563 2209 702 2251 copulae
727 2209 778 2241 uis
801 2210 878 2241 satis
900 2209 1042 2249 indicat,
1065 2208 1206 2251 reperiri
1228 2219 1326 2250 posse
1350 2208 1517 2243 uideatur.
1560 2212 1676 2255 Itaque
1700 2224 1775 2244 mea
1796 2221 1934 2246 senten-

64 2261 111 2293 tia
133 2266 190 2292 aut
214 2261 470 2306 Ecquemquam
495 2268 552 2293 aut
573 2263 806 2305 Ecquemnam
832 2274 850 2293 a
874 2262 1036 2294 Cicerone
1058 2261 1220 2303 scriptum
1242 2259 1317 2292 fuit.
1363 2262 1594 2297 Confidentius
1616 2278 1855 2311 ecquemquam
1876 2280 1932 2299 re-

64 2313 274 2347 stituendum
298 2314 460 2355 dicerem,
496 2315 524 2347 si
545 2327 631 2346 unus
654 2326 743 2345 nunc
767 2315 859 2346 locus
883 2320 1106 2353 succurreret,
1141 2314 1176 2345 in
1200 2325 1265 2356 quo
1296 2316 1514 2359 ecquisquam
1534 2317 1682 2361 positum
1703 2320 1930 2362 reperiretur3

66 2378 270 2410 quamquam
299 2366 387 2398 nihil
415 2374 478 2408 est,
519 2380 578 2399 cur
604 2378 792 2411 pronomen
823 2368 901 2399 illut
931 2367 1034 2399 fuisse
1062 2367 1097 2397 in
1122 2379 1183 2397 usu
1217 2378 1386 2408 negemus.
1431 2369 1576 2401 Mutatio
1600 2377 1688 2402 certe
1710 2371 1930 2411 sacillun1ast3

65 2432 144 2452 nam
174 2420 300 2462 ubique
330 2419 402 2451 fere
424 2420 552 2453 librarii
582 2433 644 2465 pro
669 2419 797 2463 syllaba
823 2420 881 2451 illa
904 2433 939 2453 ec
962 2420 1115 2463 copulam
1140 2426 1171 2452 et
1193 2427 1250 2452 aut
1276 2421 1357 2455 llaec
1382 2428 1578 2464 posuerunt.
1623 2423 1678 2454 Sic
1702 2423 1737 2455 iu
1760 2425 1832 2455 cod.
1856 2425 1930 2457 Erf.
