2264 2746
296 83 405 113 Lvu
964 70 1495 101 PROLEGOMENA.

298 165 422 198 optume
443 155 519 185 mihi
540 155 573 183 in
593 150 780 182 emendando
807 148 866 176 hoc
886 147 956 175 loco
978 145 1134 174 Orellium
1161 144 1264 173 uideri
1290 150 1446 174 uersatum
1466 155 1546 181 esse,
1580 146 1633 184 qui
1654 145 1681 174 si
1700 146 1744 174 eis
1765 146 1970 184 argumentis,
2004 147 2115 184 quibus
2136 151 2167 175 et

296 210 417 246 poterat
445 208 475 232 ct
503 202 646 235 debebat,
676 205 740 227 tum
768 196 908 235 priorum
936 192 1092 221 editorum
1118 192 1286 220 sententias
1311 193 1490 229 refutasset,
1525 197 1593 221 tum
1619 204 1703 222 suam
1728 194 1842 233 ipsius,
1878 204 1968 232 quam
1992 193 2166 232 proposuit,

295 255 387 284 huius
408 252 468 280 loci
488 247 661 285 corrigendi
682 244 832 273 rationem
852 242 1071 276 confirmasset,
1090 239 1173 268 nihil
1193 240 1335 279 equidem
1354 239 1508 276 haberem,
1529 240 1612 279 quod
1630 241 1781 270 adderem.
1822 241 1941 270 Uerum
1961 241 1994 270 id
2013 252 2083 270 cum
2102 251 2166 269 non

296 304 336 330 515
358 303 485 333 factum,
512 296 641 332 ideoque
662 293 730 328 alii,
759 292 812 330 qui
831 288 993 330 postmodo
1016 287 1054 315 de
1073 286 1133 315 hoc
1153 288 1223 316 loco
1243 292 1387 326 egerunt,
1417 288 1447 316 ei
1466 288 1628 317 adsensum
1647 299 1736 317 suum
1756 289 1952 327 denegarint,
1986 300 2087 318 meum
2106 299 2167 328 pu-

296 350 368 379 taui.
390 360 423 376 ca
442 348 475 374 in
496 342 627 372 medium
647 340 798 378 proferre,
818 338 929 378 quibus
950 346 1039 374 quam
1059 344 1133 364 uere
1154 335 1293 364 Orellins
1314 335 1504 374 corruptelas
1525 335 1616 364 huius
1636 335 1699 364 loci
1718 337 1902 373 sustulisset,
1923 337 2165 375 intellegeretur.

367 412 412 439 Ac
446 407 579 446 prinlum
614 402 738 440 quidem
771 406 857 430 recte
892 410 997 429 omnes
1032 399 1185 434 editores,
1222 398 1276 437 qui
1310 397 1429 436 aliquid
1454 397 1547 426 adh.
1575 398 1679 428 locum
1714 399 1915 435 adnotarunt,
1949 401 2046 429 uerba
2071 401 2167 428 nostis

295 467 393 490 vetera
415 458 494 484 inter
515 463 564 486 ea,
591 460 667 489 quac
687 448 889 484 antecedunt,
925 447 1128 485 uigilandum
1146 462 1185 467 —
1205 446 1310 480 bonis,
1337 451 1369 475 et
1389 456 1465 484 quae
1485 450 1650 482 secuntur,
1678 457 1778 475 nonne
1796 463 1835 468 —
1854 449 2037 483 inniabant,
2063 447 2167 476 locum

294 517 382 548 posse
403 504 514 532 habero
534 503 693 537 negarunt.
732 497 869 526 Primum
890 495 971 523 enim
997 503 1119 533 semper
1139 493 1272 522 Romani
1301 493 1405 522 uerbis
1433 494 1514 520 nosti
1540 499 1641 522 cetera
1667 494 1719 522 uel
1743 494 1914 530 similibus,
1949 496 1981 524 id
2009 495 2091 534 quod
2107 504 2168 526 ,res

297 558 360 594 ipsa
380 554 456 585 fert,
483 554 547 576 tum
574 550 722 581 utuntur,
753 553 821 572 cum
846 548 898 572 aut
926 543 1021 572 uerba
1046 542 1124 571 alius
1151 542 1282 581 amplius
1309 542 1428 571 referre
1455 545 1507 569 aut
1533 541 1658 570 omuino
1685 541 1724 570 de
1749 552 1783 570 re
1804 543 1946 582 quapiam
1965 543 2056 583 plura
2073 542 2169 571 uerba

302 637 718 653 fl

295 708 341 734 ill&
359 711 412 731 otc.
435 703 559 736 scripsit,
583 709 637 726 non
663 704 693 725 ut
711 703 763 725 etc.
786 699 832 724 sed
855 702 886 723 ut
907 702 959 724 etc.
984 695 1138 722 excitaret?
1170 696 1227 730 Ego
1251 704 1318 721 uero
1347 696 1384 722 ita
1411 695 1577 720 scribendum
1601 694 1732 728 suspicor:
1761 695 1938 730 Uigilandum
1961 703 2000 724 est
2018 706 2120 732 semper
2137 711 2170 715 —

292 751 401 779 Dlultae
424 747 539 773 insidiae
564 749 629 770 sune
653 743 738 771 honis.
774 743 826 769 Sed
843 747 869 768 te
888 743 941 775 (aut
959 742 1065 775 Nonne)
1089 741 1118 766 id
1143 741 1214 776 quod
1238 740 1319 766 multi
1341 740 1486 765 inuideant
1503 753 1537 759 —
1555 738 1640 764 nostis
1667 743 1764 765 celero.
1800 742 1876 776 Quae
1898 743 2007 777 scripsit
2030 742 2126 777 grauis
2144 746 2170 766 ffl-

294 795 449 830 ingeniosus
464 796 560 825 poeta,
579 798 633 815 non
651 793 681 813 ut
698 794 759 814 etc..
795 786 1054 813 GARATONIUS.

363 837 472 871 „Nostri
492 835 544 861 loci
564 833 738 859 constituendi
758 832 856 865 duplex
875 831 961 856 adhuc
978 831 1151 864 potissumum
1169 830 1280 855 inualuit
1303 828 1386 855 ratio:
1418 829 1500 854 altera
1521 828 1673 853 Graeuiana
1693 828 1739 861 [de
1760 838 1809 863 qua
1827 830 1953 856 monitum
1971 840 1986 856 a
2003 839 2045 855 me
2063 830 2167 864 supra];

294 887 375 912 altera
393 880 529 910 Lambini,
555 878 698 909 Garatoni,
718 876 836 908 Weiski,
863 875 987 907 Schutzi,
1006 876 1050 909 qui
1069 875 1118 909 ipsi
1143 883 1248 908 quoque
1265 874 1362 899 leuiter
1380 873 1506 898 dissident
1523 873 1550 898 in
1568 872 1738 906 quibusdam,
1758 880 1798 899 set
1815 875 1842 900 in
1860 884 1893 900 eo
1912 875 2074 909 conspirant,
2099 875 2170 908 quod

293 930 379 957 nostis
395 931 484 951 cetera
502 927 683 956 transponimt.
718 922 833 956 Optume
853 921 960 955 quidem
977 920 1048 944 iuter
1065 919 1114 944 hos
1132 925 1249 944 uersatus
1275 923 1314 944 est
1334 917 1502 942 Garatonius.
1538 917 1671 943 Weiskius
1689 927 1704 942 e
1723 918 1846 944 Sestiana
1869 919 2014 953 profecisse
2032 919 2083 943 sibi
2100 919 2170 944 uisus

295 974 390 1000 edidit:
422 968 601 1003 L'igilandum
618 981 652 987 —
669 966 754 992 bonis.
787 966 881 991 Nostis
899 969 997 990 cetera.
1033 964 1087 989 Sed
1108 968 1135 989 te
1152 963 1181 988 id
1199 962 1270 997 quod
1289 962 1370 988 multi
1387 962 1540 988 inuideant.
1575 962 1671 987 Cetera
1697 972 1755 988 cum
1783 963 1916 995 Graenio,
1946 964 2013 989 haec
2031 968 2172 997 praeterea

294 1020 433 1045 adnotans:
457 1012 579 1040 Nostis
604 1016 721 1036 cetera
747 1011 844 1035 rectius
863 1011 890 1034 in
902 1010 965 1043 fine
979 1014 1102 1043 ponatur
1115 1013 1180 1043 post
1197 1008 1398 1033 inuideant.
1433 1006 1574 1031 Posterius
1598 1007 1747 1041 scripsit
1771 1011 1826 1039 est,
1851 1008 1962 1041 opinor,
1981 1008 2169 1034 inducendum.

295 1061 437 1089 &qu-Laius
455 1066 532 1083 uero,
557 1056 618 1090 Ul'g-
636 1070 669 1075 ,-
688 1053 772 1080 bonis,
807 1056 869 1080 Non
888 1059 914 1078 ιε
931 1069 964 1072 -
988 1054 1142 1079 inuideant,
1159 1067 1192 1073 .-.
1211 1067 1244 1073 .-.
1261 1053 1355 1079 Nostis
1373 1055 1477 1079 celera5
1497 1060 1565 1085 quoe
1581 1052 1678 1085 grauis
1695 1051 1743 1076 ille
1761 1056 1787 1076 et
1805 1052 1860 1085 ing.
1874 1057 1957 1086 poeta
1973 1052 2098 1086 scripsit,
2117 1062 2171 1078 non.

295 1113 326 1134 ut
344 1112 405 1136 etc„
423 1103 490 1128 male
509 1102 580 1135 prius
598 1100 659 1125 illut
675 1099 785 1132 scripsit
803 1098 904 1124 delens.
939 1098 1072 1123 Manutius
1090 1099 1161 1123 inter
1181 1098 1308 1122 utrumuis
1326 1095 1502 1121 inducendum
1520 1096 1672 1121 fluctuabat.
1704 1097 1801 1122 Uerum
1821 1096 1923 1121 weiski
1941 1098 1996 1123 Sed
2013 1102 2040 1121 te
2057 1098 2173 1122 arbitra-

294 1153 377 1181 rium,
402 1158 431 1174 a(
450 1155 526 1171 sensu
544 1153 644 1170 cassum
661 1148 700 1168 est
719 1145 778 1168 Non
804 1147 830 1167 te
849 1142 971 1173 Schutzi,
996 1143 1104 1176 insuper
1130 1143 1273 1167 refutatum
1296 1142 1358 1166 loco
1383 1140 1539 1170 Sextianae3
1565 1140 1734 1174 transpositio
1760 1146 1846 1166 autem
1864 1141 1904 1165 his
1923 1141 2042 1166 omnibus
2059 1142 2171 1175 probata

294 1195 384 1222 inuitis
402 1193 431 1218 fit
450 1190 594 1216 codicibus.
629 1189 658 1213 In
678 1188 827 1213 Graeuiana
847 1196 914 1212 uero
931 1187 1047 1213 lectione
1066 1196 1185 1214 maxume
1204 1186 1317 1212 offendit
1341 1185 1400 1209 illut
1417 1185 1510 1210 Nostis
1528 1189 1633 1217 cetera,
1668 1184 1725 1209 aliis
1750 1190 1839 1209 tamen
1864 1189 1960 1217 poetae
1979 1185 2067 1210 uerbis
2083 1186 2173 1211 statim

296 1239 436 1269 subiectis,
456 1244 513 1260 cum
531 1235 559 1260 in
576 1233 643 1258 locis
662 1232 788 1257 similibus
809 1237 870 1266 post
888 1231 963 1264 talia,
988 1236 1017 1256 ut
1044 1237 1250 1257 consentaneum
1274 1235 1331 1262 est,
1354 1230 1496 1254 reticentia
1522 1235 1630 1255 utantur
1654 1235 1708 1254 tum
1732 1230 1789 1263 ipse
1810 1229 1905 1254 Cicero
1924 1229 1957 1254 de
1975 1230 2058 1264 Legg.
2072 1231 2111 1262 II,
2130 1232 2172 1257 25.

296 1293 389 1319 rogum
407 1282 497 1312 ascia,
522 1288 555 1304 ne
572 1277 670 1312 polito.
705 1276 798 1302 Nostis
816 1285 885 1310 quae
903 1281 1037 1301 secuntur.
1073 1275 1248 1302 Discelmmus
1271 1274 1342 1301 enim
1361 1276 1442 1309 pueri
1459 1276 1529 1300 XII.
1566 1275 1630 1307 (cfr.
1656 1275 1821 1309 aliquatenus
1847 1275 1926 1300 etiam
1942 1284 1992 1309 pro
2009 1275 2078 1302 Rab.
2096 1275 2171 1300 Post.

298 1341 320 1355 c.
342 1337 383 1354 10.
408 1329 566 1355 moreretur,
591 1321 712 1355 inquies:
738 1329 802 1345 nom
820 1320 849 1345 id
867 1321 1017 1355 sequitur)‚·
1040 1327 1096 1346 tum
1114 1321 1214 1346 Plinius
1230 1320 1315 1354 Epist.
1332 1319 1383 1352 111,
1409 1328 1433 1352 9.
1459 1319 1504 1353 qui
1521 1333 1556 1339 —-
1573 1319 1686 1346 militem
1704 1320 1783 1344 iussit
1805 1319 1921 1345 caudam
1937 1319 1998 1353 equi
2014 1333 2048 1338 —
2065 1319 2172 1354 reliqua

299 1374 386 1400 nosti:
405 1371 450 1396 ubi
471 1369 628 1394 Schaeserus
646 1374 733 1390 rursus
751 1364 841 1389 laudat
859 1364 1018 1391 Ciceronem
1036 1367 1070 1391 ad
1087 1366 1151 1391 Diu.
1170 1366 1235 1398 VII,
1260 1365 1303 1390 28.
1328 1364 1374 1389 uhi
1391 1374 1439 1390 nec
1457 1364 1652 1398 Pelopidarum
1670 1377 1704 1384 —-
1721 1364 1794 1389 nosti
1810 1368 1908 1389 cetera.
1942 1364 1991 1389 His
2009 1364 2089 1396 igitur
2106 1373 2172 1398 per—

298 1418 385 1452 pensis
409 1416 445 1440 ita
469 1414 579 1447 primum
604 1410 739 1445 pei-sanari
764 1409 911 1434 arbitrabar
936 1410 1024 1435 Iocum
1047 1419 1111 1436 sane
1136 1410 1341 1442 difficillumum,
1363 1410 1384 1434 si
1410 1410 1559 1443 legeretur:
1593 1408 1771 1443 Uigilandum
1788 1424 1821 1428 —
1839 1407 1924 1433 bonis.
1958 1409 2051 1434 Nostis
2073 1414 2172 1435 cetera.

297 1465 406 1489 Nonne:
426 1459 470 1491 „id
489 1457 558 1491 quod
576 1454 655 1480 mulli
673 1454 834 1480 inuideanP‘
852 1453 905 1478 -Ρ
924 1464 992 1489 quae
1010 1454 1119 1488 scripsit
1135 1470 1170 1474 —
1187 1455 1342 1489 ingeniosus
1353 1459 1446 1488 poeta,
1465 1464 1519 1480 non
1539 1458 1570 1479 ut
1587 1459 1652 1480 etc..
1685 1452 1801 1479 Nonne?
1829 1453 1931 1478 scilicet
1949 1452 2000 1477 illa
2020 1453 2122 1485 nostis,
2140 1454 2170 1478 id

298 1507 368 1543 quod
387 1503 466 1530 multi
484 1501 642 1531 inaideant,
666 1499 711 1524 ubi
729 1499 862 1524 inuidiose
881 1498 1006 1523 reticeret
1023 1500 1174 1533 sequentia:
1198 1498 1330 1533 multique
1357 1505 1501 1534 expetant,
1530 1499 1640 1524 inscitia
1659 1503 1700 1523 est
1716 1502 1742 1522 te
1755 1497 1914 1531 postulare,
1946 1497 2030 1530 qualis
2047 1497 2171 1530 profecto

300 1557 387 1577 uestra
405 1549 468 1579 suit,
486 1545 637 1571 Laterensis
654 1549 681 1569 et
699 1543 787 1575 Cassi,
821 1543 864 1577 qui
883 1542 947 1568 mihi
966 1551 1049 1568 meam
1068 1543 1161 1569 soletis
1179 1544 1302 1569 inuidere
1320 1544 1482 1576 dignitatem.
1516 1543 1623 1568 Etenim
1643 1542 1713 1567 solet
1733 1548 1760 1566 et
1777 1542 1840 1567 alibi
1859 1541 2009 1566 dimidiatos
2026 1550 2118 1567 uersus
2135 1543 2171 1567 ita

299 1595 421 1624 laudare,
447 1596 475 1616 ut
494 1590 620 1615 inuidiam
638 1588 718 1613 faciat
737 1587 904 1619 aduersario,
937 1587 1020 1612 ueluti
1037 1588 1064 1613 in
1080 1588 1136 1621 ipsa
1154 1587 1278 1613 Sestiana
1296 1587 1436 1621 aliquoties
1456 1597 1479 1614 e.
1499 1588 1542 1613 55.
1560 1587 1612 1613 56..
1647 1587 1808 1612 Seruabatur
1826 1587 1861 1611 ita
1881 1587 1954 1618 loco,
1979 1586 2024 1611 ubi
2044 1587 2123 1612 codd.
2143 1587 2171 1612 id

303 1639 443 1667 vxhffient,
469 1636 555 1659 nostis
578 1638 684 1664 cetera,
715 1631 871 1656 seruabatur
895 1631 1039 1656 eorundem
1063 1641 1170 1663 nonne‚·
1197 1633 1244 1657 illo
1270 1641 1322 1658 uno
1347 1641 1405 1657 mea
1434 1633 1516 1657 lectio
1542 1632 1710 1666 premebatur
1729 1632 1913 1663 incommodo,
1941 1632 2011 1664 quod
2028 1635 2089 1665 post
2113 1631 2173 1656 illut

300 1674 391 1710 yvonis
416 1685 504 1705 cetera
535 1679 622 1704 denuo
651 1676 708 1702 Atti
740 1675 922 1701 inferebantur
946 1684 1048 1701 uersus.
1098 1676 1286 1702 Uerumtamen
1316 1678 1433 1702 consulta
1456 1677 1550 1711 Angeli
1586 1677 1704 1702 editione
1726 1676 1831 1701 Iuntina
1854 1676 1936 1702 incidi
1960 1675 2119 1709 necopinato
2143 1676 2170 1701 in

302 1728 440 1752 lectionem
459 1724 528 1748 hauc
544 1721 640 1747 nemini
659 1721 744 1746 adhuc
763 1724 944 1744 memoratam:
977 1720 1154 1754 L‘igilandum
1171 1735 1206 1741 -
1223 1718 1308 1746 honis.
1345 1723 1424 1748 „Nosti
1447 1727 1551 1752 cetera,
1578 1731 1646 1756 quae
1671 1721 1781 1755 scripsit
1796 1720 1892 1755 grauis
1909 1719 1956 1745 ille
1973 1724 2000 1744 et
2016 1720 2172 1753 ingeniosus

298 1776 393 1806 poem,
412 1767 532 1802 scripsit,
551 1775 604 1791 non
621 1770 652 1790 ut
669 1770 730 1790 etc..
764 1764 840 1789 Haec
858 1772 924 1788 uero
943 1772 995 1789 non
1013 1765 1095 1790 minus
1114 1774 1147 1792 ex
1164 1766 1228 1792 Msis
1247 1766 1326 1791 ducta
1343 1776 1414 1800 esse,
1434 1777 1511 1801 quam
1529 1775 1642 1800 sequens
1655 1770 1812 1800 praestaret
1829 1765 1946 1790 eiusdem
1963 1763 2096 1797 editionis,
2113 1765 2172 1798 quis

301 1813 476 1842 inficiabitur?
495 1812 600 1836 Locum
617 1810 696 1843 igitur
714 1809 915 1834 uexatissumum
936 1817 994 1833 cum
1011 1809 1038 1835 in
1057 1819 1087 1835 ea
1104 1819 1158 1836 non
1173 1815 1228 1835 tam
1243 1815 1391 1837 truncatum
1410 1822 1487 1846 quam
1506 1812 1585 1845 magis
1606 1811 1761 1836 concinnum
1782 1810 1899 1836 exhiberi
1917 1809 2118 1843 perspexissem,
2138 1819 2171 1835 eo

303 1860 381 1886 facile
399 1858 525 1882 adductus
542 1864 613 1886 sum,
636 1859 665 1878 ut
685 1857 824 1885 censeam,
850 1853 958 1878 Attiana
974 1853 1024 1878 ista
1048 1860 1108 1887 post
1126 1855 1199 1879 nosti
1215 1859 1304 1879 cetera
1322 1856 1464 1890 antiquitus
1482 1857 1548 1889 iam,
1579 1861 1639 1881 ante
1659 1855 1763 1880 codices
1781 1859 1900 1885 nostros,
1924 1853 2021 1878 inserta
2040 1854 2119 1879 fuisse
2139 1863 2172 1880 ex

303 1906 359 1938 ipsa
385 1901 508 1927 Sextiana
532 1909 546 1924 a
564 1898 741 1923 Grammatico
769 1898 845 1923 nimis
870 1897 1005 1930 diligente.
1039 1897 1182 1932 Egregium
1211 1908 1277 1925 uero
1302 1900 1387 1933 ipsum
1410 1901 1469 1926 illut
1488 1901 1560 1926 nosti
1584 1910 1633 1934 pro
1662 1901 1747 1925 nostis
1763 1899 1796 1923 ad
1813 1907 1892 1924 unum
1909 1898 2037 1931 Cassium,
2053 1899 2172 1933 inparem

306 1946 442 1974 Ciceronis
460 1944 576 1969 inuidum
594 1944 720 1975 refertur,
749 1951 862 1976 quocum
886 1941 944 1967 solo
969 1951 1036 1968 nunc
1060 1943 1204 1969 altercatur
1228 1949 1326 1971 orator.
1359 1944 1485 1969 Attamen
1509 1954 1660 1979 aegerrume
1685 1952 1802 1969 caremus
1827 1942 1874 1968 illo
1893 1951 1997 1975 nonne,
2016 1943 2044 1968 in
2060 1943 2172 1977 reliquis

306 1992 425 2019 omuibus
443 1989 523 2014 obuio
535 2008 541 2019 ‚
566 1988 614 2012 etsi
632 1988 658 2012 in
676 1987 764 2012 multis
785 1990 924 2019 corrupt03
948 1986 976 2010 id
999 1991 1086 2013 autem
1103 1988 1147 2013 uel
1173 1997 1248 2021 casu,
1272 1989 1316 2014 uel
1335 1989 1406 2022 quod
1424 1998 1515 2022 parum
1538 1989 1702 2014 intellectum
1721 1993 1803 2019 esset,
1821 1987 1853 2012 ab
1872 1987 1984 2021 Angelio
2001 1988 2173 2020 praetermis-

305 2047 360 2063 sum
373 2057 378 2067 ,
397 2044 451 2060 non
470 2033 548 2058 modo
567 2041 643 2057 sensu
662 2033 713 2057 iam
730 2037 790 2057 ante
808 2031 925 2056 indicato
944 2035 1050 2064 optume
1069 2033 1167 2057 seruari
1186 2038 1289 2067 potest,
1314 2040 1354 2059 set
1377 2034 1471 2065 etiam,
1488 2038 1518 2058 ut
1536 2038 1592 2058 tota
1611 2032 1725 2057 clausula
1745 2032 1875 2057 Cicerone
1894 2040 1957 2057 uere
1975 2031 2053 2065 digna
2071 2032 2174 2065 euadat,

305 2081 386 2107 debet
404 2077 523 2104 retineri.
558 2077 596 2101 Ita
616 2085 679 2109 ergo
697 2076 779 2101 uerba
798 2075 923 2110 deinceps
942 2081 1018 2101 erunt
1035 2077 1231 2103 constituenda:
1249 2087 1318 2113 quae
1335 2077 1384 2104 ille
1401 2092 1434 2097 —
1451 2077 1508 2103 suis
1520 2076 1657 2111 praecipit
1667 2076 1755 2110 filiis:

517 2120 694 2155 l'igilandunz
712 2124 751 2145 est
767 2129 885 2154 semper‚·
903 2120 1006 2146 multae
1023 2121 1141 2147 insidiae
1159 2128 1222 2148 sunt
1240 2123 1327 2149 honis.

374 2167 454 2194 Nosti
471 2171 568 2192 cetera.
601 2163 719 2190 Nonne?
736 2174 803 2199 quae
821 2165 930 2199 scripsit
944 2166 1040 2200 grauis
1057 2166 1104 2192 ille
1123 2172 1149 2192 et
1166 2167 1323 2201 ingeniosus
1335 2171 1429 2201 poeta,
1446 2175 1500 2191 non
1517 2170 1548 2190 ut
1566 2171 1627 2193 etc..
1656 2167 1761 2197 Nonne,
1779 2164 1837 2189 scil.
1855 2163 1948 2190 nosti?
1965 2165 2046 2190 Immo
2065 2170 2173 2198 optume

307 2221 337 2239 tu
355 2213 439 2244 nosti,
465 2210 549 2241 Cassi,
575 2209 655 2234 homo
673 2209 793 2235 nimirum
812 2211 930 2243 erudite,
957 2215 984 2235 et
1001 2211 1045 2244 qui
1061 2211 1120 2236 Atti
1136 2212 1237 2237 fabulas
1254 2213 1338 2247 probe
1358 2210 1454 2243 calles,
1478 2209 1603 2235 inuidiam
1622 2210 1701 2235 etiam
1717 2210 1790 2234 illam
1808 2214 1836 2234 et
1851 2210 1994 2241 inscitiam,
2019 2219 2128 2243 quarum
2145 2211 2172 2236 in

309 2256 478 2292 sequentibus
496 2259 576 2288 poeta
593 2253 719 2278 meminit.
753 2255 849 2279 Nonne
867 2260 955 2280 autem
971 2256 1007 2281 ita
1025 2256 1103 2290 plane
1121 2256 1236 2290 positum
1254 2262 1327 2283 extat
1343 2264 1392 2290 pro
1411 2255 1491 2280 Caec.
1518 2264 1540 2280 c.
1561 2255 1617 2281 15.:
1647 2256 1746 2280 L'erunz
1763 2254 1804 2279 ita
1823 2259 1879 2286 est,
1901 2255 1942 2279 uti
1959 2254 2034 2279 dicis.
2072 2257 2108 2280 Te
2125 2256 2174 2280 do-

309 2305 406 2328 iectum
424 2299 503 2325 debeo
522 2297 687 2332 intellegere,
705 2298 812 2323 etiamsi
829 2303 918 2324 tactus
936 2309 990 2324 non
1000 2299 1100 2334 fueris.
1130 2299 1248 2325 Nonne?
1267 2302 1329 2336 Age
1346 2309 1417 2325 nunc
1435 2305 1495 2324 etc..
1521 2299 1657 2324 Posterius
1675 2299 1789 2332 denique
1806 2298 1923 2332 scripsit,
1942 2301 1990 2325 etsi
2008 2299 2040 2324 ab
2058 2299 2173 2333 Angelio

311 2346 505 2375 confirmatum,
525 2343 651 2377 originem
669 2342 753 2367 debet
772 2343 867 2368 caussis
886 2352 900 2368 a
919 2344 1065 2370 Garatonio
1084 2344 1190 2377 adlatis,
1209 2355 1297 2380 neque
1314 2345 1425 2379 posthac
1442 2344 1492 2370 erit
1509 2344 1691 2375 retinendum,
1710 2352 1768 2369 cum
1785 2343 1926 2369 oratoriam
1944 2344 1997 2369 uim
2013 2344 2111 2370 nullam
2127 2344 2171 2369 hic

311 2391 409 2416 habeat
425 2387 532 2414 iteratio
548 2387 626 2412 uerbi
644 2396 696 2413 non
715 2388 829 2414 ornantis
846 2397 934 2422 neque
952 2398 1008 2415 rem
1028 2389 1196 2423 extollentis,
1220 2396 1261 2416 set
1280 2390 1449 2416 uecessarii.“
1484 2389 1684 2416 ORELLIL'S.
