2264 2746
788 123 894 152 CAP.
932 122 1006 151 XV.
1047 120 1074 162 §-
1103 127 1149 155 36.
1179 129 1225 156 37.
1892 137 1947 162 121

148 198 185 232 A
215 198 257 239 Q.
287 198 487 239 Hortensio)
543 196 614 239 Qui
643 207 792 229 caussam
822 198 890 240 egit
918 197 1034 230 Planci
1063 204 1141 230 ante
1170 198 1380 230 Ciceronem.
1415 198 1630 233 MANUTIUS.
1675 202 1762 234 Cum
1790 204 1944 238 Manutio

62 252 229 283 consentit
253 251 469 282 Garatonius.

144 304 209 336 Cui
234 310 340 335 tumst
363 310 502 336 senatus
524 302 704 346 adsensus)
748 303 918 335 Particula
940 310 1015 336 tum
1036 303 1078 335 ad
1100 303 1179 336 illut
1200 309 1335 347 tempus
1357 303 1583 346 referendast,
1616 318 1682 349 quo
1705 314 1839 341 senatus
1861 321 1944 342 con-

59 356 188 388 sultum
209 356 377 388 factumst.

145 409 396 454 Cuiuscumque
419 411 530 442 tribus
553 410 705 453 largitor
728 417 831 451 esset,
866 417 899 443 et
920 424 987 455 per
1009 412 1098 443 hanc
1120 411 1390 449 consensionem,
1426 423 1513 454 quae
1537 413 1651 455 magis
1680 413 1817 447 honeste
1839 428 1943 459 quam

58 475 139 496 uere
163 464 331 495 sodalitas
353 465 611 501 nominaretur,
636 476 739 506 quum
763 464 906 507 quisque
929 465 1058 496 tribum
1082 464 1179 506 turpi
1202 464 1391 506 largitione
1418 471 1662 508 corrumperet,
1685 478 1761 498 eum
1783 480 1942 500 maxume

57 515 102 546 iis
131 515 343 554 hominihus,
375 517 436 560 qui
466 518 539 548 eius
569 516 679 547 tribus
710 523 839 555 essent,
873 529 943 549 esse
972 516 1103 559 notum)
1150 517 1204 547 Sic
1227 516 1317 548 hunc
1346 516 1458 546 locum
1483 528 1525 547 ex
1549 517 1621 548 cod.
1645 517 1718 549 Erf.
1742 520 1941 552 auctoritate

55 567 200 599 restitui.
245 568 356 610 Uolgo
379 575 457 600 ante
477 569 664 600 Graeuium
688 580 769 612 pro:
794 575 827 601 et
843 581 909 613 per
927 569 1015 600 hanc
1039 571 1303 608 consensionem,
1327 580 1414 612 quae
1437 570 1551 611 magis
1574 571 1710 602 honeste
1735 584 1838 615 (jucun
1859 585 1941 605 uere

53 621 125 652 sod.
147 620 371 653 scribebatur:
399 628 431 654 et
449 634 512 666 per
534 623 788 654 consensionem
812 622 1098 665 magistratuum,
1122 635 1209 665 quae
1232 623 1369 654 honeste
1394 622 1482 653 sod..
1527 622 1580 653 De
1595 635 1657 664 qua
1673 624 1840 666 scriptura
1861 637 1939 657 mo·-

52 672 129 704 nuit
155 673 349 705 Ernestius:
382 675 506 714 „Haec
533 682 583 707 est
610 675 710 706 lectio
734 675 887 716 uolgata3
923 685 1024 716 quam
1048 684 1124 705 cum
1150 675 1299 706 Graeuio
1332 686 1349 706 e
1372 674 1437 706 Ms-
1464 672 1538 705 Erf.
1563 676 1790 716 correximus,
1824 678 1936 721 primo

52 724 197 756 delendo
228 732 260 758 et
293 727 408 768 [quam
431 729 588 772 copulam
610 740 672 760 nec
694 727 768 759 Erf.
794 727 920 758 omittit
943 738 1004 758 nec
1028 726 1228 768 Graeuius],
1260 727 1484 768 addendoque
1507 728 1614 766 hanc,
1647 728 1769 760 deinde
1793 730 1936 762 delendo

51 778 343 821 magistratuum,
375 780 466 822 quod
488 782 604 824 inepta
625 781 734 824 glossa
756 780 888 811 addidit
921 780 1039 821 [immo
1064 791 1106 811 ex
1129 781 1244 823 magis
1267 782 1412 820 ortum],
1449 779 1595 821 denique
1617 787 1694 822 post
1717 783 1852 816 honeste
1875 783 1938 815 ad-

51 830 162 862 dendo
191 834 306 875 magis
336 846 439 877 quam
462 847 561 874 uere,·
594 844 797 875 quamquam
826 833 908 863 haec
936 833 1067 864 ultuma
1091 833 1187 864 nobis
1211 833 1358 874 aliquam
1387 832 1613 874 suspicionem
1636 833 1764 875 glossae
1786 843 1938 868 mouent.

50 884 172 916 Uoluit
202 884 315 916 dicere
341 893 495 918 senatus:
537 886 565 918 si
591 897 653 928 per
684 886 865 916 coitionem
896 885 1030 927 largitio
1061 884 1147 917 faeta
1177 892 1210 917 et
1236 886 1344 917 tribus
1374 890 1533 927 corrupta
1562 891 1664 924 esset3
1700 886 1788 918 dixit
1810 889 1934 930 primo,

48 936 173 976 uerbo,
205 937 296 980 quod
322 944 355 969 et
376 938 412 970 in
438 939 643 971 deteriorem
664 944 795 982 partem
820 937 959 977 dicitur,
994 939 1264 977 consensionem3
1298 938 1420 969 deinde
1442 949 1514 968 eam
1540 937 1682 970 honesto
1706 940 1810 971 uerbo
1835 943 1935 974 soda-

48 989 185 1022 litatem
206 991 371 1034 appellari
393 992 428 1023 in
451 993 541 1034 lege,
573 1003 647 1022 cum
672 992 714 1023 sit
736 991 877 1034 proprie
900 991 1074 1021 consensio
1098 992 1153 1022 uel
1177 991 1289 1023 coitio.
1335 991 1421 1022 Mox
1447 997 1682 1034 corrumperet
1705 998 1754 1023 est
1779 1004 1936 1025 corrum-

48 1053 131 1084 pere
160 1043 282 1083 uellet,
318 1050 480 1084 tentaret3
520 1043 586 1075 nisi
609 1043 790 1085 legendum
823 1044 1052 1086 corrupisset.-
1088 1055 1166 1075 nam
1188 1044 1224 1074 in
1247 1043 1465 1086 sequentibus
1490 1049 1538 1074 est
1562 1044 1604 1074 de
1627 1045 1846 1087 corruptione
1868 1046 1934 1077 iam

46 1092 177 1125 facta.“
220 1096 300 1127 Non
331 1097 443 1130 minus
474 1109 575 1140 quam
597 1096 774 1128 Ernestius
805 1097 933 1127 errauit
956 1096 1125 1135 Orcllius,
1164 1097 1222 1139 qui
1246 1097 1337 1128 idem
1362 1102 1395 1128 et
1418 1096 1573 1139 copulam
1596 1104 1673 1139 post
1696 1105 1782 1130 esset
1809 1099 1933 1138 omisit,

46 1146 242 1178 arctissume
271 1149 442 1192 iungenda
468 1150 573 1182 uerba
603 1151 847 1192 cuiuscumque
878 1150 989 1182 tribus
1030 1151 1183 1193 largitor
1212 1156 1299 1182 esset
1315 1162 1382 1193 per
1404 1151 1493 1182 hanc
1516 1152 1769 1184 consensionem
1791 1159 1933 1183 conten-

47 1198 140 1230 dens.
183 1200 293 1243 Atqui
316 1214 455 1246 prorsus
477 1202 664 1234 necessaria
686 1201 807 1243 copula
829 1207 862 1233 et
886 1209 952 1241 est,
989 1214 1065 1233 cum
1089 1203 1156 1234 duo
1181 1203 1315 1233 diuersa
1337 1203 1488 1234 membra
1521 1204 1588 1235 sint
1614 1216 1698 1246 quae
1720 1205 1934 1247 coniungun-

46 1256 118 1288 tur,
143 1253 387 1300 cuiuscumque
407 1257 517 1288 tribus
541 1256 692 1299 largitor
714 1261 818 1293 esset,
841 1261 874 1286 et
890 1268 956 1299 per
979 1257 1068 1287 hane
1090 1256 1359 1294 consensionem,
1383 1268 1470 1298 quae
1491 1274 1534 1280 —
1556 1258 1805 1296 nominaretur,
1828 1270 1931 1301 quam

47 1305 190 1349 quisque
212 1308 341 1341 tribum
363 1310 460 1353 turpi
483 1309 673 1352 largitione
697 1313 948 1351 corrumperet,
975 1307 1121 1349 ideoque
1144 1314 1314 1339 structura
1336 1308 1521 1339 uerborum
1546 1309 1626 1340 haec
1648 1309 1708 1341 sit:
1743 1321 1838 1349 eum,
1871 1317 1929 1353 qui

43 1358 184 1390 alicuius
207 1360 315 1393 tribus
338 1362 480 1404 largitor
500 1366 601 1399 esset,
633 1366 666 1391 et
689 1360 746 1402 qui
769 1360 916 1402 aliquam
943 1360 1070 1391 tribum
1094 1373 1156 1403 per
1178 1360 1433 1392 consensionem
1457 1362 1549 1404 turpi
1572 1362 1751 1404 largitione
1773 1375 1930 1395 corrum-

43 1417 151 1454 peret.
195 1412 293 1444 Prius
318 1414 376 1455 qui
401 1413 560 1452 faciebat,
586 1412 621 1443 in
644 1413 794 1445 ambitus
818 1413 945 1444 crimen
970 1413 1182 1452 incurrebat,
1206 1414 1374 1456 posterius
1399 1414 1456 1456 qui
1479 1415 1713 1455 conmittebat,
1744 1418 1927 1449 sodalicio-

44 1476 122 1496 rum
143 1476 220 1496 reus
244 1465 354 1497 fiebat.
399 1466 489 1499 Uide
519 1477 604 1508 quae
632 1466 717 1497 hanc
748 1466 783 1496 in
807 1477 879 1496 rem
902 1466 1034 1508 Proleg.
1060 1468 1100 1498 L.
1126 1467 1185 1497 III.
1211 1467 1248 1497 C.
1273 1467 1333 1497 III.
1362 1468 1391 1508 ς.
1417 1478 1446 1498 2.
1470 1479 1503 1509 p.
1527 1468 1686 1499 LXXIV
1710 1480 1782 1511 sqq.
1808 1468 1928 1512 dispu-

41 1518 124 1550 taui.
166 1518 274 1550 Porro
298 1518 400 1551 falsus
425 1526 474 1551 est
495 1519 691 1559 Ernestius,
715 1518 805 1561 quod
827 1531 890 1561 pro
915 1525 1147 1562 corrumperet
1169 1519 1539 1562 plusquamperfectum
1564 1521 1773 1563 corrupisset
1794 1534 1928 1566 ponen-

43 1572 126 1604 dum
148 1570 251 1603 fuisse
275 1572 414 1602 censuit.
460 1572 582 1604 Refert
605 1572 742 1609 Cicero,
778 1571 859 1612 quid
885 1571 1027 1601 senserit
1050 1578 1200 1610 senatus,
1238 1571 1331 1602 cuius
1355 1572 1462 1603 oratio
1488 1572 1613 1603 directa
1636 1573 1716 1604 haec
1738 1573 1842 1606 fuerit
1864 1587 1926 1606 ne-

43 1630 182 1656 cessest:
218 1625 462 1669 cuiuscumque
491 1625 602 1657 tribus
625 1624 777 1667 largitor
800 1629 868 1662 est,
903 1630 935 1655 et
959 1637 1060 1667 qnam
1085 1625 1228 1667 quisque
1252 1624 1380 1656 tribum
1403 1644 1444 1650 —
1470 1627 1679 1669 corrumpit,
1713 1628 1742 1659 is
1765 1640 1924 1660 maxume

41 1678 86 1710 iis
106 1695 150 1700 —
179 1682 230 1709 est
258 1684 368 1710 notus.
415 1677 547 1720 Quodsi
574 1677 610 1708 in
640 1677 793 1708 oratione
826 1676 952 1707 directa
986 1676 1185 1707 indicatiuos
1216 1677 1402 1719 praesentis
1433 1684 1504 1709 erat
1532 1680 1681 1722 positus,
1712 1680 1747 1711 in
1771 1681 1924 1712 oratione

41 1730 179 1771 obliqua
203 1730 425 1772 praecedente
447 1737 601 1773 ternpore
624 1729 772 1761 notionis
795 1729 997 1772 praeteritae
1021 1735 1282 1761 consentaneum
1308 1736 1394 1770 erat,
1427 1737 1465 1762 ut
1488 1732 1719 1764 coniunctiuos
1745 1732 1923 1775 inperfecti

39 1788 237 1826 poneretur.
1624 1828 1628 1832 .

123 1836 173 1868 Et
192 1847 257 1878 per
278 1837 367 1868 hanc
391 1836 660 1874 consensionem,
695 1849 781 1880 quae
803 1837 917 1879 magis
940 1836 1077 1868 honeste
1101 1848 1204 1879 quam
1227 1848 1308 1867 uere
1330 1837 1497 1869 sodalitas
1518 1838 1765 1879 nominaretur)
1808 1839 1922 1872 Athe-

40 1889 92 1922 nis
121 1889 222 1920 etiam
252 1889 415 1931 quaedam
446 1888 584 1920 suerunt
608 1889 750 1921 σπουδαὶ
775 1890 942 1931 ἑταιρειῶν
965 1887 1024 1921 ἐπ’
1048 1886 1166 1932 (ἶρχιὶς,
1202 1895 1238 1920 ut
1258 1889 1353 1920 Plato
1381 1890 1520 1921 tradidit
1542 1891 1577 1921 in
1602 1891 1786 1923 Theaeteto
1811 1893 1841 1933 ἕ.
1867 1893 1918 1934 78.

38 1940 239 1975 Heindorf..
280 1942 541 1973 GARATONIUS.
586 1942 676 1973 Male
707 1942 883 1973 Schutzius
911 1942 944 1972 in
970 1942 1042 1973 Ind.
1067 1943 1142 1973 Lat.
1172 1943 1424 1974 consensionem
1454 1943 1599 1985 explicat
1622 1944 1726 1975 uerbo
1751 1946 1919 1979 coitionis,

37 1994 126 2028 Uide
148 1994 280 2037 Proleg.
308 1996 350 2027 L.
374 1996 434 2026 III.
463 1995 500 2026 C.
524 1995 584 2026 Ill.
612 1996 641 2037 ς.
669 2006 698 2027 2.
725 2007 758 2038 p.
782 1996 923 2027 LXXV
946 2007 1014 2037 sq..
1060 1995 1285 2026 Con-sensione
1314 1995 1368 2025 hic
1392 2007 1446 2026 eos
1475 1995 1673 2037 significari,
1720 2009 1803 2039 quos
1837 2009 1917 2030 can-

38 2046 144 2078 didati
167 2046 231 2078 sibi
255 2048 297 2079 ad
322 2047 557 2090 consequenda
580 2049 700 2090 populi
723 2048 881 2090 suffragia
906 2048 1155 2087 conciliassent,
1187 2060 1255 2078 uuo
1279 2048 1384 2078 uerbo
1408 2049 1553 2088 sodalis,
1581 2061 1623 2080 ex
1646 2050 1800 2081 membro
1823 2051 1917 2082 adie-

38 2106 91 2131 cto
115 2112 202 2143 quae
222 2118 265 2124 —
286 2102 525 2133 nominaretur
552 2101 729 2132 manifesto
759 2107 910 2143 apparet.
957 2101 1122 2131 Similiter
1152 2112 1249 2131 sensu
1281 2101 1546 2143 conspiratiom's
1574 2102 1717 2132 uerbum
1739 2102 1816 2133 illut
1839 2114 1915 2135 cum

36 2152 118 2184 alibi
141 2159 339 2195 usurpatur,
364 2160 437 2185 tum
460 2154 495 2185 in
519 2155 622 2186 Uerr.
642 2155 689 2193 V,
714 2166 744 2196 9.
791 2154 941 2186 ZVulline
963 2160 1075 2186 motus
1098 2154 1134 2185 in
1158 2153 1281 2184 Sicilia
1307 2165 1486 2185 seruorum
1500 2161 1664 2197 praetore
1692 2155 1809 2194 Uerre,
1833 2157 1914 2188 nul-

36 2207 134 2239 laene
151 2207 383 2239 consensiones
393 2206 518 2250 factae
541 2208 732 2239 uidentur?

122 2259 173 2291 Iis
196 2259 404 2301 hominibus,
435 2261 495 2303 qui
517 2261 591 2291 eius
616 2260 725 2291 trihus
749 2259 871 2301 essent)

34 2311 193 2343 liciorum
215 2322 292 2342 reus
315 2318 399 2352 erat,
423 2314 574 2345 minume
598 2312 752 2344 omnibus
776 2312 883 2343 tribus
909 2312 1112 2355 cuiuspiam,
1138 2323 1237 2353 quam
1260 2310 1351 2343 serre
1373 2312 1565 2356 cupiuerat,
1595 2313 1788 2344 hominibus
1811 2325 1912 2345 num-

917 2258 955 2290 Id
979 2265 1028 2290 est
1051 2258 1108 2296 iis,
1134 2257 1191 2300 qui
1214 2269 1281 2289 non
1306 2265 1384 2290 sunt
1406 2259 1570 2302 corrupti.
1615 2261 1703 2291 Nam
1729 2260 1787 2302 qui
1813 2261 1912 2293 soda-

33 2376 107 2397 mos
130 2363 279 2395 dederat.

119 2416 290 2449 Acerbum
304 2418 440 2449 omnin.)
455 2431 566 2462 genus
583 2418 706 2461 iudici)
724 2418 794 2450 Cur
806 2418 963 2450 acerbum
980 2418 1034 2457 sit,
1050 2417 1122 2460 ipse
1133 2416 1252 2448 Cicero
1269 2419 1306 2450 C.
1320 2418 1419 2450 XVI.
1436 2419 1464 2459 ξ.
1482 2418 1532 2450 40.
1549 2418 1734 2451 accuratius
1750 2419 1906 2462 explicat.

1454 2475 1490 2501 28
