2264 2746
272 98 306 122 12
916 85 959 113 Μ.
994 82 1158 112 TULLI
1183 82 1467 112 CICERONIS
1494 84 1694 114 ORATIO

273 164 429 208 squalore
454 168 487 194 et
508 162 602 194 luctu
623 158 810 202 supplicem
830 157 940 190 uobis.
983 157 1033 190 Hi
1061 163 1112 189 tot
1136 157 1264 199 equites
1295 157 1460 198 Romani,
1484 164 1535 190 tot
1564 159 1695 191 tribuni
1717 160 1856 192 aerarii:
1892 172 1972 193 nam
2007 161 2143 205 plebem

274 231 294 250 a
314 216 439 249 iudicio
464 214 668 250 dimisimus,
703 221 788 252 quae
816 217 935 242 cuncta
957 210 1101 242 comitiis
1124 209 1250 241 adfuit:
1275 209 1357 252 quid
1379 210 1528 251 roboris,
1560 211 1642 254 quid
1665 211 1836 254 dignitatis
1859 213 1958 246 huius
1985 215 2145 257 petitioni

276 270 495 304 adtulerunt?
539 267 619 298 Non
642 263 733 294 enim
757 263 885 295 tribum
908 263 1146 302 Terentinam,
1170 261 1212 293 de
1235 274 1301 304 qua
1323 262 1432 295 dicam
1454 264 1519 296 alio
1541 265 1634 305 loco,
1666 271 1716 297 set
1739 265 1953 307 dignitatem,
1983 274 2033 299 set
2063 279 2146 300 ocu-

275 325 389 356 lorum
412 321 616 356 coniectum,
645 322 696 347 set
716 316 859 348 solidam
882 322 915 348 et
937 316 1110 347 robustam
1134 321 1166 347 et
1188 314 1363 347 adsiduam
1387 316 1613 360 frequentiam
1634 318 1876 362 praebuerunt.
1920 320 2047 352 Nostra
2067 332 2147 352 mu-

276 376 399 419 nicipia
423 370 657 404 coniunctione
684 369 785 400 etiam
806 369 988 401 uicinitatis
1012 369 1233 401 uehementer
1254 376 1450 402 mouentur.

232 451 265 476 22
362 445 424 477 ΙΧ.
463 440 588 472 Omnia
611 450 696 483 quae
719 437 792 469 dico
817 438 858 469 de
871 438 1018 477 Plancio,
1044 437 1117 469 dico
1141 443 1302 481 expertus
1324 437 1362 468 in
1380 437 1494 470 nobis:
1517 451 1631 472 sumus
1654 440 1744 472 enim
1767 439 1915 472 finitumi
1937 439 2145 473 Atinatibus.

277 494 494 532 Laudandast
525 493 582 524 uel
611 492 712 524 etiam
739 492 881 523 amanda
905 491 1077 530 uicinitas,
1105 490 1253 522 retinens
1276 496 1428 522 ueterem
1451 490 1545 524 illam
1569 492 1659 525 offici
1679 493 1862 531 rationem,
1894 504 1963 524 non
1984 491 2149 525 infuscata

276 547 530 586 maleuolentia,
555 558 625 577 non
647 545 783 577 adsueta
804 544 1008 582 mendaciis,
1031 555 1100 575 non
1126 542 1256 583 sucosa,
1279 555 1349 575 non
1370 543 1494 584 fallax,
1517 556 1586 576 non
1609 546 1741 578 erudita
1763 546 1904 578 artificio
1923 544 2147 577 simulationis

276 604 332 636 nel
353 599 545 633 suburbano
575 598 632 630 uel
663 597 763 629 etiam
786 598 926 629 urbano.
972 597 1083 628 Nemo
1112 597 1263 640 Arpinas
1297 609 1368 629 non
1390 597 1526 629 Plancio
1549 597 1696 638 studuit,
1724 611 1825 631 nemo
1849 600 2015 637 Soranus,
2045 609 2146 629 nemo

278 655 446 692 Cassinas,
469 662 569 683 nemo
590 650 756 692 Aquinas.
802 651 944 682 Tractus
967 650 1025 681 ille
1049 649 1316 689 celeberrumus,
1348 649 1581 689 Uenafranus,
1608 650 1798 691 AlliFanus,
1823 657 1894 683 tota
1917 650 2063 692 denique
2084 661 2150 681 no—

277 715 345 741 stra
366 707 426 738 illa
447 715 564 748 aspera
587 710 620 735 et
642 709 820 735 montuosa
847 709 880 734 et
902 703 1010 735 fidelis
1041 709 1074 734 et
1102 703 1249 745 simplex
1269 709 1302 733 et
1323 702 1453 734 fautrix
1476 715 1615 734 suorum
1638 703 1738 755 regio,
1754 715 1789 735 se
1811 704 1911 735 huius
1938 704 2068 735 honore
2091 715 2150 735 or-
2186 716 2198 721 ²

276 761 367 800 nari,
391 771 426 791 se
447 757 563 800 augeri
586 757 748 800 dignitate
769 755 1005 788 arbitrabatur.
1047 756 1227 799 Isdemque
1249 767 1340 787 nunc
1362 767 1381 787 a
1402 755 1596 798 municipiis
1619 755 1740 788 adsunt
1763 756 1891 799 equites
1913 756 2059 788 Romani
2083 768 2150 800 pu-

279 946 444 975 titudinem
462 953 559 982 usque
581 942 618 971 ad
633 942 748 971 uidetis
766 941 800 970 in
818 942 861 970 Pa
879 941 989 970 lacuna
1005 944 1051 968 est
1071 939 1162 968 unius
1177 940 1286 977 lineae,
1307 950 1407 978 neque
1425 944 1528 969 tamen
1549 940 1710 978 quicquam
1731 949 1838 968 eorum
1853 939 2053 977 desideratur,
2071 950 2148 979 quae

278 994 313 1022 in
334 993 444 1022 ceteris
465 990 623 1020 codicibus
644 994 759 1018 extant.
780 1004 818 1012 —-
865 989 1037 1027 supplicem
1063 987 1166 1027 uobis)
1186 988 1233 1016 Lc
1253 990 1406 1026 supplices
1426 990 1523 1024 notis,
1550 988 1588 1026 23
1608 989 1785 1025 supplicem.
1806 987 1914 1017 Nobis.
1934 1003 1973 1009 —

350 1046 407 1084 Hi)
428 1045 458 1072 D
480 1045 534 1072 liii.
555 1058 592 1064 —
630 1041 753 1082 aerarii)
773 1043 799 1070 E
821 1043 940 1077 aerari,
962 1042 1015 1070 Ma
1033 1043 1180 1077 aer-elini,
1206 1041 1261 1070 Mb
1282 1043 1429 1077 aericini,
1455 1042 1516 1077 Mc,
1561 1040 1620 1076 Lb‚
1647 1045 1678 1068 ct
1713 1040 1740 1067 O
1768 1042 1913 1076 aeritini,
1945 1041 1976 1068 D
2009 1043 2149 1077 aeritini,

276 1095 321 1123 Le
345 1094 478 1127 aerium,
498 1091 545 1118 La
558 1092 741 1118 animalium
761 1100 829 1118 cum
851 1089 889 1127 gl.
909 1090 1085 1124 altinatini,
1107 1089 1130 1117 C
1149 1089 1350 1125 Altinatinii,
1372 1089 1404 1117 H
1422 1089 1595 1123 Atinatini,
1615 1087 1642 1115 T
1665 1087 1856 1123 Actinalini,
1877 1098 1912 1115 ου
1929 1092 1959 1116 et
1972 1089 2011 1126 23
2024 1090 2150 1124 aretini,

276 1141 317 1170 F1
340 1145 370 1168 et
389 1149 406 1168 2
431 1139 575 1174 Atatini,
595 1136 676 1166 Pith.
697 1139 852 1165 caeretini.
871 1151 908 1158 —
946 1136 1128 1174 dimisimus)
1147 1137 1190 1165 F1
1212 1137 1387 1166 diuisimuS.
1407 1152 1445 1158 -
1483 1133 1592 1174 adfuit)
1619 1134 1663 1171 E,
1689 1135 1755 1171 Mb,
1775 1136 1845 1172 Mc,
1858 1141 1888 1165 et
1908 1136 1938 1164 D
1959 1134 2070 1174 affuit,
2097 1136 2150 1165 Ma

277 1194 307 1217 et
325 1199 344 1226 χ
358 1198 369 1216 1
391 1187 505 1225 abjicit.
529 1200 566 1206 —
604 1183 786 1223 attulerunt)
807 1184 832 1212 C
853 1184 1006 1212 attulerit.
1026 1199 1063 1205 —

351 1239 445 1278 enim)
465 1239 510 1267 La
532 1248 589 1265 om.
609 1253 647 1258 -
684 1235 812 1276 tribum)
831 1237 874 1265 Pa
895 1241 926 1265 et
944 1245 986 1274 χι
1016 1237 1152 1273 tribuni,
1177 1237 1202 1266 C
1234 1237 1397 1266 tribunum
1414 1252 1452 1258 —-·
1491 1235 1704 1275 Terentinam)
1729 1236 1754 1264 B
1784 1241 1815 1265 et
1842 1236 1869 1264 E
1896 1235 1939 1275 (et
1964 1236 2000 1264 hi
2026 1235 2149 1274 quidem

278 1287 482 1324 constanter),
502 1286 574 1321 Mb,
596 1286 657 1320 Mc,
677 1285 725 1320 D,
748 1284 793 1321 O,
813 1295 848 1320 ς,
869 1289 900 1312 et
919 1294 954 1322 χι
989 1285 1181 1321 Teretinam,
1201 1286 1255 1314 Ma
1275 1287 1496 1319 terentianum,
1516 1283 1562 1311 La
1582 1286 1778 1319 tetenimam,
1798 1283 1847 1311 Lb
1872 1284 2095 1312 Terrentinam.
2113 1299 2150 1305 —

277 1333 468 1373 dignitatem)
488 1343 506 1371 χ
524 1332 590 1371 (sic)
611 1334 784 1360 ueritatem.
803 1347 841 1352 —
879 1332 932 1360 sed
956 1332 1131 1371 oculorum)
1160 1333 1245 1361 L'ict.
1266 1333 1285 1360 b
1306 1332 1339 1359 111
1367 1331 1474 1359 00(1100
1494 1343 1509 1359 c
1528 1341 1586 1370 pro
1605 1331 1660 1359 secl
1675 1337 1781 1360 extare
1807 1341 1868 1359 non
1894 1331 2024 1360 monuit.
2043 1346 2080 1354 ·-
2118 1337 2149 1360 et

276 1383 434 1411 robustam
455 1386 486 1409 et
505 1378 664 1418 assiduam)
684 1380 737 1408 Ma
759 1385 788 1407 et
807 1380 971 1408 adsiduam
992 1385 1021 1407 et
1041 1380 1207 1409 robustam.
1227 1394 1265 1400 —·
1302 1378 1525 1418 praebuerunt)
1548 1388 1583 1416 χι
1606 1383 1637 1406 et
1656 1379 1674 1407 3
1689 1378 1876 1408 tribuerunt.
1893 1392 1933 1399 —-

352 1435 468 1462 Nostra
486 1431 668 1472 municipia)
690 1432 740 1460 Sic
762 1432 788 1460 B
809 1438 839 1461 et
859 1432 884 1460 E
896 1444 904 1470 3
925 1433 1021 1462 ceteri
1040 1434 1110 1463 Iam
1129 1435 1311 1470 municipia.
1329 1447 1367 1453 —
1405 1430 1637 1471 coniunctione)
1662 1441 1696 1470 χι
1720 1433 1930 1460 conuentione.
1949 1446 1988 1452 —
2021 1441 2149 1460 mouen-

278 1481 341 1521 tur)
362 1482 386 1511 C
407 1477 583 1513 monentur,
604 1488 630 1519 ψ
649 1486 796 1508 mouetur.
816 1496 853 1502 —

354 1535 387 1564 C.
409 1534 467 1562 IX.
506 1532 531 1572 §.
552 1544 597 1562 22.
636 1533 670 1561 in
689 1532 793 1572 nobis)
813 1534 855 1562 Pa
876 1535 910 1562 in
929 1533 1024 1562 nobis.
1042 1548 1081 1555 —
1108 1532 1203 1573 enim)
1221 1534 1254 1562 H
1274 1543 1392 1567 omnes,
1420 1533 1458 1571 23
1479 1542 1537 1560 om.
1556 1547 1594 1553 —
1621 1530 1814 1570 Atinatibus)
1832 1532 1885 1560 Mc
1905 1531 2149 1562 amantibus.—

277 1582 447 1612 Laudanda
467 1580 523 1620 est)
542 1581 589 1608 La
609 1586 639 1609 et
673 1581 714 1609 F1
737 1581 899 1609 laudanda
919 1587 964 1609 est
983 1583 1080 1615 enim,
1101 1581 1150 1608 Lb
1170 1581 1341 1609 laudanda.
1361 1596 1399 1603 ·—-
1437 1578 1572 1618 amanda)
1597 1588 1633 1617 χ1
1655 1589 1714 1607 0111.
1734 1594 1772 1599 -
1808 1579 1964 1618 uicinitas)
1990 1579 2040 1607 Lb
2067 1581 2150 1608 uici-

279 1633 362 1660 nitas
383 1636 434 1659 esc.
455 1645 492 1651 —
529 1628 625 1668 illam)
647 1629 697 1657 Sic
717 1628 757 1664 B,
778 1627 834 1663 Lc,
854 1627 895 1663 Η,
917 1633 947 1656 et
967 1636 993 1665 ψ
1014 1629 1122 1662 illius;
1142 1628 1238 1656 ceteri
1260 1638 1328 1656 cum
1343 1627 1447 1666 Eybio
1465 1628 1560 1655 illum.
1580 1642 1617 1648 -
1648 1625 1812 1666 rationem)
1834 1627 1884 1655 Sic
1899 1636 1954 1665 ego
1975 1627 2151 1665 emendaui;

279 1679 304 1706 B
325 1683 471 1713 mentem,
493 1676 516 1705 C
537 1686 687 1712 amorem,
707 1675 803 1703 ceteri
826 1685 894 1703 cum
914 1675 1018 1713 Eybio
1046 1686 1165 1704 morem.
1183 1691 1222 1697 ·—·
1258 1686 1321 1704 11011
1350 1673 1512 1713 infuscata)
1539 1675 1601 1710 Mc,
1627 1674 1683 1710 La,
1715 1679 1746 1702 et
1770 1682 1797 1712 ψ
1822 1676 1856 1703 in
1893 1685 1954 1702 non
1979 1674 2150 1713 infuscata,

282 1725 306 1753 C
327 1735 387 1753 non
413 1723 575 1763 offuscata.
594 1739 633 1745 —
670 1721 898 1761 maleuolentia)
918 1722 955 1758 Ε,
976 1723 1038 1758 Ma,
1058 1723 1124 1758 Mb,
1143 1724 1206 1758 Mc,
1225 1723 1266 1759 D,
1288 1724 1326 1760 O,
1348 1723 1387 1758 G,
1407 1723 1469 1758 Br„
1489 1727 1520 1750 ct
1539 1721 1637 1750 codex
1657 1721 1765 1751 Lamb.
1787 1722 2010 1751 maliuolentia.
2025 1737 2062 1742 —
2098 1722 2150 1751 fu-

285 1771 364 1810 cosa)
385 1772 434 1799 Sic
454 1772 478 1799 B
499 1776 530 1799 et
548 1772 591 1808 E;
611 1771 708 1800 ceteri
719 1771 850 1810 fucata.
868 1784 906 1791 -—-
943 1769 995 1797 uel
1015 1769 1108 1798 etiam
1127 1769 1258 1809 urbano)
1278 1770 1398 1809 Eybius
1419 1771 1471 1798 uel
1488 1769 1616 1797 urbano.
1635 1784 1672 1791 —-

360 1823 503 1860 Soranus)
521 1824 559 1860 E,
579 1825 640 1860 Ma,
659 1824 726 1860 Mb,
744 1824 794 1859 Pa,
815 1823 870 1859 Pb,
890 1823 942 1859 Pe,
963 1823 1004 1858 D,
1025 1823 1063 1859 O,
1085 1823 1120 1858 C,
1139 1833 1167 1858 ς,
1195 1832 1249 1860 χι,
1281 1830 1317 1860 ψ,
1338 1829 1370 1852 et
1389 1823 1414 1850 F
1441 1821 1510 1861 (sic)
1537 1823 1696 1859 Sopanus,
1722 1823 1775 1852 Mc
1794 1823 1951 1859 soparius,
1982 1821 2010 1849 T
2036 1822 2150 1860 Yelpa-

285 1881 352 1902 nuS.
371 1885 407 1891 —
446 1870 595 1908 Cassinas)
617 1871 667 1899 Sic
688 1872 721 1907 B,
740 1872 804 1907 Ma,
823 1871 889 1907 Mb,
908 1871 971 1907 Mc,
990 1871 1047 1907 La,
1066 1871 1118 1906 Pa,
1139 1871 1191 1905 Pe,
1210 1870 1251 1905 D,
1280 1870 1318 1906 O,
1340 1870 1379 1906 G,
1400 1870 1434 1906 C,
1455 1876 1485 1898 et
1505 1869 1529 1897 F
1556 1868 1642 1908 (sic);
1668 1869 1765 1898 ceteri
1784 1869 1923 1898 Casinas.
1941 1884 1980 1890 —
2018 1869 2151 1899 Tractus
2169 1907 2173 1910 ῃ

284 1919 351 1956 1110)
379 1917 428 1945 Sic
455 1918 479 1946 B
501 1923 531 1946 et
550 1918 593 1956 E;
624 1919 685 1954 Ma,
704 1919 770 1955 Mb,
790 1920 851 1955 Mc,
872 1918 929 1954 La,
948 1918 1008 1954 Lb‚
1029 1919 1086 1953 Le,
1108 1918 1159 1953 Pa,
1178 1917 1234 1953 Pb,
1253 1918 1305 1953 Pc,
1324 1919 1367 1954 D,
1388 1919 1429 1954 O,
1450 1918 1521 1954 Ox„
1543 1916 1582 1952 G,
1603 1921 1634 1944 et
1652 1917 1702 1945 ΒΓ.
1723 1921 1805 1944 totus
1823 1917 1899 1950 ille;
1926 1916 2011 1953 Uict.
2032 1927 2048 1945 a
2067 1923 2150 1946 totu-s·

284 1967 337 1994 ille
364 1971 499 1998 tracum,
532 1966 565 1993 id
585 1966 666 2004 quod
691 1965 787 1994 ceteri
812 1966 888 1994 libri
914 1965 1016 1994 uideri
1042 1970 1171 2004 possunt
1197 1964 1319 1993 habere.
1339 1981 1377 1988 —-
1416 1963 1623 2002 Uenafranus)
1648 1964 1699 1999 Pa,
1717 1963 1759 1999 D,
1780 1968 1810 1991 et
1831 1963 1855 1991 C
1887 1963 2094 2002 Uenesranus.
2112 1978 2171 2001 ’‘'.

285 2012 452 2050 AJh'fanus)
472 2012 498 2039 E
520 2014 687 2051 allisanus,
707 2015 769 2050 Mc,
788 2014 840 2050 Pa,
858 2013 899 2050 D,
919 2018 950 2041 et
971 2012 996 2041 C
1017 2012 1188 2050 Alifanus,
1208 2020 1234 2050 ψ
1254 2013 1322 2041 Alli
1339 2023 1446 2041 tanus.
1463 2027 1502 2033 —-
1539 2017 1605 2040 tota
1630 2010 1774 2050 denique)
1800 2011 1845 2039 Pb
1880 2017 1911 2040 et
1939 2011 1981 2039 Pc
2019 2011 2151 2050 denique

287 2066 363 2090 tota.
381 2075 418 2081 —
456 2066 561 2088 nostra
579 2061 645 2100 illa)
665 2063 690 2090 E
712 2073 733 2089 a
753 2067 858 2090 nostra
877 2062 944 2094 ita,
969 2061 1023 2089 Ma
1043 2065 1074 2088 et
1099 2060 1141 2088 Pa
1166 2061 1222 2088 illa
1250 2065 1372 2093 nostra,
1402 2060 1433 2087 D
1456 2065 1561 2088 uestra
1585 2060 1651 2088 illa.
1669 2074 1708 2080 —
1744 2057 1917 2097 montuosa)
1944 2059 1977 2087 H
2001 2065 2150 2093 montosa,

288 2108 325 2145 χῖ)
345 2107 486 2135 modio-sa.
506 2122 544 2128 —
563 2113 591 2135 et
612 2107 738 2147 fautrix)
758 2110 803 2138 Pb
823 2114 881 2138 aut
891 2108 1031 2146 fautrix.
1051 2123 1089 2128 —
1108 2106 1153 2146 se)
1173 2107 1200 2135 E
1220 2108 1281 2136 sed.
1300 2122 1338 2129 —
1356 2106 1448 2135 huius
1469 2106 1587 2135 honore
1607 2105 1722 2145 ornari)
1748 2107 1792 2135 Pb
1813 2112 1844 2135 et
1862 2108 1905 2136 Pe
1930 2105 2024 2134 liuius
2042 2108 2152 2135 ornari

289 2154 416 2189 honore,
437 2154 466 2181 D
492 2153 603 2182 honore
622 2154 715 2183 liuius
737 2159 852 2185 ornari.
871 2171 908 2179 -
945 2154 1164 2193 arbitrabatur)
1183 2155 1238 2191 La,
1258 2155 1315 2191 Lc,
1332 2154 1375 2190 D,
1394 2154 1455 2189 BL,
1473 2154 1515 2190 H,
1536 2159 1567 2182 et
1586 2161 1612 2192 ψ
1631 2154 1876 2183 arbitrabantur.
1895 2169 1932 2176 —-
2126 2189 2139 2193 μ
2162 2146 2165 2151 ¹

363 2205 546 2244 Iisdemque)
566 2207 612 2235 La
631 2213 723 2246 atque
742 2219 810 2237 cum
830 2209 868 2248 gl.
888 2209 1072 2247 iisdemque,
1091 2209 1144 2237 Mc
1164 2209 1273 2236 iisdem
1292 2213 1402 2245 atque,
1421 2207 1463 2235 Pa
1482 2208 1508 2234 is
1528 2207 1674 2245 (lenique,
1694 2214 1720 2245 ψ
1741 2209 1780 2235 iis
1800 2207 1946 2245 denique,
1965 2206 2014 2234 Fl
2034 2206 2150 2245 hisque.

291 2271 328 2276 —
348 2255 442 2293 nunc)
461 2256 515 2283 Ma
534 2265 603 2283 non.
623 2270 661 2276 —
698 2254 726 2294 a)
746 2256 783 2291 E,
804 2258 864 2293 Mc,
884 2257 940 2293 La,
962 2257 1018 2292 Lc,
1039 2257 1074 2293 C,
1093 2256 1135 2292 H,
1154 2265 1190 2294 ψ,
1211 2256 1235 2283 F
1248 2265 1272 2291 1,
1291 2260 1323 2283 et
1342 2254 1394 2283 Br.
1413 2263 1468 2288 οτι-ς
1486 2253 1548 2289 Ma,
1567 2254 1632 2289 Mb,
1652 2254 1711 2290 Lb‚
1731 2254 1786 2289 Pb,
1806 2254 1858 2289 Pc,
1876 2254 1919 2290 D,
1939 2252 1977 2289 Ο,
1998 2252 2037 2289 G,
2057 2263 2102 2290 ov,
2121 2263 2149 2293 ς,

293 2308 323 2330 et
350 2312 385 2340 χι
407 2312 441 2336 ε,-
476 2302 518 2330 Pa
538 2308 601 2336 est;
633 2303 670 2340 χ3
696 2309 732 2331 et.
753 2318 789 2325 -
826 2304 955 2343 equites)
974 2305 1026 2333 Mc
1047 2314 1104 2332 om.
1125 2319 1162 2326 —
1200 2302 1334 2332 Romani
1351 2301 1476 2340 publice
1502 2300 1583 2340 cum)
1602 2303 1662 2337 Ma,
1683 2313 1727 2338 ov,
1747 2312 1774 2337 ς,
1799 2311 1834 2340 χι
1847 2323 1854 2337 ,
1873 2306 1905 2330 et
1921 2301 1940 2330 3
1966 2312 1991 2330 r.
2006 2311 2041 2338 ῃ.
2061 2311 2150 2341 cuni,-

293 2350 323 2377 D
344 2359 377 2377 re
393 2359 424 2386 p.
444 2359 532 2383 cum;
551 2350 598 2378 La
617 2356 648 2378 et
667 2350 715 2377 Lb
735 2352 781 2378 rei
796 2351 939 2387 publicae
960 2362 1045 2389 cum,
1072 2357 1118 2381 set
1137 2351 1170 2380 iu
1189 2351 1237 2381 La
1254 2349 1496 2390 superscriptum
1515 2351 1637 2378 romani
1651 2350 1785 2388 plurimi
1791 2359 1803 2383 ,-
1829 2349 1893 2385 Mb,
1913 2348 1970 2385 Lc,
1987 2353 2018 2378 et
2037 2349 2070 2378 H
2086 2348 2149 2378 Ro—

289 2398 375 2426 mani
390 2397 523 2433 plurimi
543 2406 630 2432 cum5
650 2397 702 2426 Mc
724 2401 755 2425 et
774 2397 818 2427 F2
845 2398 979 2428 Romani
997 2410 1076 2429 cum.
1095 2415 1132 2422 —
