2279 2766
677 766 1396 820 PRAEFATHO.

110 971 437 1038 Quemadmodum
472 982 608 1016 multae
641 980 692 1015 Μ.
721 980 822 1014 Tulli
856 981 1038 1015 orationes
1071 992 1138 1026 per
1174 982 1278 1026 Casp.
1308 979 1549 1014 Garatonium
1582 991 1603 1013 a
1628 981 1788 1022 mendis,
1842 981 1970 1026 quibus

109 1064 341 1098 librariorum
373 1060 601 1106 neglegentia
635 1059 783 1093 uitiatae
819 1065 941 1103 erant,
984 1064 1133 1104 optume
1159 1065 1333 1104 purgatae
1359 1064 1443 1092 sunt
1471 1064 1505 1092 et
1531 1058 1575 1092 ad
1601 1058 1791 1103 pristinam
1818 1058 1971 1094 sormam

105 1138 257 1183 propius
290 1136 480 1178 adductae,
521 1135 571 1168 ita
605 1134 693 1167 haec
727 1134 853 1177 etiam,
898 1145 989 1179 quae
1023 1146 1090 1179 pro
1119 1134 1184 1166 Cn.
1210 1133 1358 1166 Plancio
1393 1133 1565 1175 lmbitast,
1605 1131 1783 1176 plurumis
1822 1133 1859 1166 in
1886 1133 1971 1168 locis

103 1211 246 1255 egregio
281 1209 513 1244 emendatast·
580 1207 692 1252 Quod
725 1220 942 1253 quamquam
973 1207 1140 1241 Bauarici
1175 1208 1419 1253 potissumum
1456 1206 1589 1238 codicis
1623 1218 1691 1250 ope
1723 1206 1858 1240 sactum
1895 1220 1972 1241 esse

103 1290 261 1327 constat,
306 1289 427 1317 tamen
460 1283 538 1327 ipse
573 1283 682 1315 etiam
716 1281 938 1315 Garatonius
971 1287 1008 1316 et
1042 1282 1167 1326 ingeni
1205 1281 1262 1315 sui
1296 1281 1486 1326 sagacitate
1521 1285 1555 1313 et
1589 1280 1776 1314 doctrinae
1808 1281 1972 1314 ubertate

102 1358 299 1393 multorum
332 1357 497 1391 locorum
530 1367 628 1389 nunc
661 1356 750 1389 uitia
786 1356 947 1389 correxit
979 1355 1165 1400 praeclare
1192 1366 1290 1388 nunc
1319 1354 1539 1388 sententiam
1566 1354 1814 1388 obscuriorem
1843 1355 1969 1399 expla-

103 1433 205 1466 nauit
237 1432 390 1477 egregie.
441 1431 530 1465 Eius
564 1437 684 1465 autem
719 1430 830 1464 editio
863 1429 1102 1474 Neapolitana
1135 1435 1170 1462 et
1197 1429 1316 1462 Curae
1352 1428 1531 1462 secundae
1565 1440 1675 1473 quom
1701 1425 1744 1471 'jn
1774 1429 1971 1461 Germania

104 1507 319 1539 rarissumae
346 1511 483 1549 essent,
518 1518 686 1551 magnam
712 1509 799 1549 aput
824 1503 1028 1549 philologos
1057 1503 1262 1536 Germanos
1290 1503 1441 1548 gratiam
1469 1503 1552 1535 iniit
1578 1501 1629 1534 Io.
1660 1502 1764 1546 Casp.
1796 1501 1967 1542 Orellius,

108 1580 171 1624 qui
204 1590 296 1612 anno
330 1579 438 1612 huius
473 1579 605 1612 saeculi
640 1579 852 1612 uicensumo
880 1582 983 1610 sexto
1011 1576 1104 1609 hanc
1132 1577 1335 1610 orationem
1363 1587 1443 1609 cum
1470 1576 1611 1620 integro
1646 1576 1717 1608 uiri
1744 1575 1838 1608 illius
1867 1586 1967 1606 com—

107 1653 285 1686 mentario
313 1652 431 1686 denuo
458 1653 708 1686 excudendam
735 1652 928 1685 curauerit.
979 1649 1108 1696 Neque
1141 1656 1262 1684 tamen
1290 1651 1320 1683 is
1349 1650 1434 1683 satis
1461 1649 1607 1692 habuit,
1649 1649 1766 1682 solum
1793 1645 1968 1680 Garatoni

108 1724 409 1759 commentarium
434 1726 567 1761 iterum
594 1726 780 1772 euolgare‚
814 1731 869 1759 set
896 1736 988 1770 quae
1013 1730 1069 1758 est
1095 1725 1172 1758 eius
1201 1725 1388 1757 doctrinae
1417 1724 1537 1768 copia,
1572 1723 1617 1756 de
1644 1735 1708 1756 suo
1730 1721 1836 1756 etiam
1861 1717 1965 1750 addi—-

107 1800 161 1833 dit
185 1797 377 1832 nonnullas
404 1798 670 1845 adnotationes,
712 1800 910 1846 selegitque
944 1810 989 1832 cx
1016 1797 1230 1832 scholiastae
1255 1797 1486 1832 Ambrosiani
1518 1796 1812 1841 reliquorumque
1845 1791 1964 1823 inter-

105 1878 251 1919 pretum
277 1871 522 1905 recentiorum
548 1874 830 1917 commentariis,
868 1885 959 1919 quae
986 1872 1031 1906 ad
1056 1872 1336 1918 intellegendam
1361 1873 1457 1906 hane
1484 1872 1682 1906 orationem
1709 1864 1845 1910 aliquid
1871 1875 1962 1897 con-

106 1947 205 1981 ferre
230 1945 453 1979 uiderentur.

206 2018 452 2053 Nihilominus
481 2030 559 2052 eam
584 2019 706 2053 multis
731 2021 953 2066 inquinatam
981 2020 1197 2066 corruptelis
1222 2021 1471 2067 plurumisque
1497 2020 1532 2052 in
1556 2014 1644 2048 locis
1671 2023 1753 2046 110111
1769 2018 1868 2047 recte
1894 2024 1962 2046 ex-

106 2095 286 2140 planatam
320 2104 429 2138 quoin
461 2093 652 2134 uidissem,
695 2105 770 2127 non
803 2095 910 2128 modo
937 2095 1034 2140 quod
1060 2096 1131 2128 iam
1158 2101 1297 2140 septem
1332 2095 1459 2128 abhinc
1483 2089 1588 2123 annis
1613 2087 1857 2122 recensendae
1885 2087 1962 2120 eius

109 2167 300 2202 consilium
327 2179 492 2213 ceperam
517 2179 592 2201 non
618 2168 748 2212 abieci,
791 2174 845 2202 set
868 2168 1090 2203 indefessum
1123 2169 1244 2214 potius
1271 2169 1428 2202 studium
1453 2164 1539 2198 inde
1571 2162 1614 2195 ab
1639 2161 1701 2195 illo
1729 2167 1895 2206 tempore
1920 2161 1960 2194 in

112 2241 335 2275 emendanda
367 2252 408 2274 ea
442 2247 478 2275 et
508 2241 719 2287 explicanda
756 2242 973 2286 consumpsi.
1025 2241 1077 2276 Ac
1117 2244 1274 2287 primum
1316 2239 1459 2286 quidem
1499 2237 1713 2271 uarietatem
1751 2234 1964 2279 lectionum,

112 2326 202 2360 quae
227 2326 248 2348 a
270 2314 454 2360 prioribus
481 2315 678 2350 editoribus
713 2327 758 2349 ex
784 2316 966 2350 codicibus
993 2322 1158 2351 enotatae
1194 2320 1314 2358 erant,
1353 2313 1571 2347 Lambinum
1604 2310 1705 2353 dico,
1748 2310 1964 2353 Gruterum,
