2264 2746
305 91 448 122 LXXIV
964 87 986 113 P
1008 86 1034 113 R
1057 86 1084 113 O
1106 85 1133 112 L
1155 85 1180 112 Ε
1203 85 1231 112 G
1253 86 1281 113 O
1302 86 1337 113 M
1357 86 1382 114 Ε
1407 86 1433 114 N
1454 87 1490 114 Α.

1191 157 1217 198 §.
1237 166 1262 190 ⁴2.

913 230 973 262 De
1002 231 1185 263 crimine
1219 231 1542 264 sodaliciorum.

376 318 561 351 Quamquam
582 313 664 336 recte
684 306 842 336 Manutius
862 306 895 334 in
915 313 1090 345 argumento
1112 307 1202 335 huius
1224 307 1389 343 orationis,
1417 308 1669 346 quemadmodum
1689 307 1863 347 perduellio
1884 318 2058 336 maxumum
2078 307 2161 336 inter

302 361 463 392 maiestatis
485 357 609 386 crimina
629 356 738 391 fucrit,
759 355 801 383 ita
821 355 966 383 sodalicia
987 356 1206 393 grauissumum
1227 355 1357 383 ambitus
1379 354 1494 383 crimen
1515 356 1609 384 fuisse
1630 357 1765 392 monuit,
1791 362 1892 385 tamen
1912 366 1951 384 ex
1971 365 2006 383 eo
2026 355 2162 383 nondum

304 414 444 450 apparet,
473 404 623 443 quomodo
650 402 796 431 sodalicia
815 402 851 430 ab
879 402 995 430 ambitu
1017 402 1231 441 discreparint.
1272 402 1426 439 Quaedam
1455 403 1491 431 de
1519 403 1578 431 isto
1601 403 1778 432 discrimine
1800 405 1832 433 C.
1855 403 1997 441 Sigonius
2019 402 2055 430 de
2076 402 2163 430 Iudi-

304 460 357 487 ciis
380 457 447 485 Lib.
470 453 507 481 ll.
528 462 551 479 c.
572 452 617 479 30.
638 461 667 489 p.
691 450 769 487 1784.
798 449 890 478 Thes.
916 450 1027 478 Graeu.
1048 455 1132 478 recte
1153 450 1286 487 monuit;
1314 460 1390 489 quae
1417 461 1475 489 quo
1502 451 1596 489 magis
1616 452 1773 491 plerisque
1793 452 1869 480 uiris
1890 451 1987 479 doctis
2007 450 2164 488 incognita

304 511 388 539 sunt,
409 514 443 530 eo
464 500 564 528 minus
584 499 717 526 alienum
738 497 847 536 putaui
868 497 919 525 hic
939 504 1090 536 repetere.

376 551 518 586 „Praeter
538 547 690 585 profusam
711 546 929 584 benignitatem
950 545 1116 575 adhibitast
1135 546 1167 574 in
1189 545 1338 581 comitiis,
1359 545 1485 573 ultumis
1505 556 1646 575 maxmne
1665 547 1712 575 rei
1732 558 1761 587 p.
1782 546 1990 585 temporibus,
2011 545 2095 584 quasi
2117 544 2164 573 uis

303 598 454 640 quaedam,
475 605 550 633 quae
571 594 640 632 quia
660 593 812 621 sodalibus
833 593 996 621 contractis
1019 594 1231 630 adhibebatur,
1252 593 1379 632 proprio
1400 594 1525 623 nomine
1545 595 1762 624 sodaliciorum
1782 600 1827 623 est
1847 594 2007 632 appellata.
2038 592 2163 620 sodales

302 653 399 675 autem
420 644 478 671 hoc
498 643 531 670 iu
551 643 618 670 loco
640 646 725 669 eraut
745 641 830 679 quasi
851 641 986 669 eiusdem
1011 640 1154 669 factionis
1177 647 1207 669 et
1227 640 1381 669 coitionis.
1422 641 1453 668 Si
1475 642 1542 679 quis
1563 648 1665 671 autem
1685 643 1808 671 tribulis
1830 642 2017 670 decuriassct
2037 645 2067 668 et
2087 649 2164 668 eon-

301 692 480 731 scripsisset,
496 695 529 718 ut
543 693 753 726 corrumperet
768 688 925 727 populum,
938 689 1080 727 quoniam
1098 689 1296 717 multitudine
1312 699 1420 726 cogere
1436 690 1606 726 uidebatur,
1614 690 1662 718 uis
1678 690 1859 727 uidebatur3
1876 689 2018 727 quoniam
2033 686 2164 727 pecunia

302 739 520 774 contendebat,
548 738 583 765 ad
609 737 754 765 ambitum
782 736 965 774 pertinebat.
1004 737 1101 764 Erant
1122 742 1221 765 tamen
1242 736 1387 765 sodalieia
1407 737 1443 764 ab
1464 737 1579 766 ambitu
1600 738 1732 766 diuersa.
1771 737 1851 765 Nam
1877 737 1911 764 in
1932 735 2087 765 sodaliciis
2107 744 2164 773 per

302 788 412 817 sodalis
433 786 604 814 decuriatos
625 790 655 812 ct
675 783 866 821 conscriptos
886 793 934 812 res
955 785 1108 822 agebatur,
1132 785 1164 813 iu
1185 785 1301 813 ambitu
1321 786 1551 823 persequcstris
1573 791 1603 814 et
1624 785 1784 813 diuisores.
1823 784 1929 821 Itaque
1949 783 2098 822 scriptum
2118 787 2164 810 est

301 841 374 874 aput
390 833 565 870 Asconium,
585 833 733 862 Milonem
754 831 859 858 eodem
880 836 1018 869 temporo
1039 831 1076 860 de
1095 832 1211 860 ambitu
1233 838 1262 860 et
1277 832 1313 862 de
1327 832 1482 860 sodaliciis
1499 838 1573 871 aput
1588 832 1727 861 diuersos
1748 830 1936 870 quaesitores
1951 835 1982 858 et
1996 841 2012 858 a
2032 829 2162 858 diuersis

302 882 541 913 aceussatoribus
561 890 626 907 esse
645 879 839 918 postulatum.
878 878 920 906 Et
937 880 1139 908 Mamertinus
1161 880 1240 908 dixit
1260 880 1297 908 ad
1316 880 1467 908 Iulianum
1488 881 1711 918 inperatorem:
1745 879 1798 906 An
1817 889 1906 913 uero,
1931 880 1959 906 si
1981 878 2164 906 centurialis

302 932 434 961 comitiis
454 929 698 957 consuleremus
718 938 824 962 essem,
848 927 1015 965 gloriosius
1041 928 1119 957 milii
1146 930 1286 956 uniuersi
1306 930 1417 965 populi
1437 929 1598 967 suffragiis
1626 928 1802 956 declaratus
1830 926 1976 954 uiderer?
2003 927 2166 959 JIinume5

301 979 451 1017 siquidem
471 978 563 1004 etiam
583 975 646 1003 illis
662 974 774 1011 priscis
795 975 980 1012 temporibus
1000 975 1167 1003 multorum
1187 975 1306 1004 ambitu
1323 976 1396 1013 fuit
1417 987 1544 1014 campus
1564 976 1700 1013 infamis.
1730 975 1817 1002 „Nota
1837 975 2009 1002 clluisorum
2020 975 2166 1012 flagitia,

303 1033 391 1054 nolae
411 1023 578 1053 libellorum
595 1024 805 1060 praestigiae,
833 1029 898 1050 tum
918 1033 1079 1060 operarum
1100 1024 1144 1052 acl
1161 1025 1226 1051 uim
1245 1030 1273 1052 et
1292 1025 1470 1052 seditionem
1497 1034 1606 1052 manus
1634 1029 1761 1060 enzptae.
1800 1022 1982 1050 Sodalitatcs
2011 1022 2101 1050 ctiam
2128 1021 2165 1050 ad

303 1073 448 1103 ambitum
469 1071 633 1110 pertinere,
656 1070 790 1097 ostendit
806 1070 916 1098 Cicero
936 1080 993 1108 pro
1014 1071 1139 1098 Plancio
1161 1069 1208 1109 (C.
1225 1071 1300 1099 XV.
1322 1070 1349 1110 §
1369 1071 1438 1111 37.),
1461 1083 1529 1101 cuin
1550 1071 1642 1100 dicit:
1661 1071 1731 1098 Iloc
1751 1072 1852 1108 igitur
1872 1073 2040 1098 sensimus:
2061 1071 2166 1098 cuius-

304 1131 430 1159 cumque
451 1119 548 1148 tribus
568 1119 702 1154 largitor
721 1124 812 1152 esset,
839 1124 867 1145 et
882 1128 941 1155 per
967 1117 1049 1145 llanc
1068 1120 1308 1153 consensionem,
1336 1130 1414 1158 quae
1433 1123 1536 1158 magis
1555 1119 1677 1148 honeste
1697 1128 1789 1156 (suam
1809 1128 1880 1145 uere
1899 1118 2048 1146 sodalitas
2068 1119 2168 1145 uomi—

303 1174 446 1203 naretur,
467 1176 560 1205 quam
579 1167 706 1202 quisque
726 1163 840 1192 tribum
861 1166 948 1202 turpi
967 1165 1132 1202 latgitiorze
1153 1173 1377 1203 corrumperet,
1399 1179 1466 1196 eum
1486 1177 1627 1195 maxume
1646 1167 1685 1194 iis
1705 1164 1888 1197 hominibus,
1910 1167 1963 1202 qui
1983 1167 2047 1193 eius
2067 1165 2166 1192 tribus

301 1222 414 1249 essent,
435 1225 495 1242 esse
515 1218 628 1240 nollem·
667 1211 717 1239 Ad
738 1211 799 1239 uim
820 1216 920 1239 autem
940 1217 1107 1250 spectasse,
1136 1223 1204 1241 cum
1223 1214 1308 1242 addit
1328 1214 1375 1254 (C.
1396 1215 1520 1243 XVIII.
1541 1212 1567 1253 §
1588 1212 1664 1251 45.):
1697 1213 1882 1240 Decurialio
1902 1213 2082 1246 tribulium,
2109 1213 2164 1242 (le-

302 1265 426 1300 scriplio
441 1263 566 1298 populi,
601 1258 758 1298 suffiwgia
777 1260 942 1297 largitione
963 1260 1108 1288 (leuincta
1128 1263 1321 1289 seueritatem
1341 1268 1481 1295 senaim,
1515 1269 1543 1290 et
1573 1262 1719 1289 bonorum
1738 1262 1873 1288 omnium
1894 1262 1957 1288 uim
1977 1272 2014 1289 ac
2035 1261 2167 1290 dolorem

303 1313 485 1340 excitarunt.
524 1310 612 1336 Ilaec
633 1308 704 1336 (loce
722 1323 776 1343 —‚
796 1307 970 1335 decuriasse
990 1308 1177 1341 Plancium,
1211 1311 1439 1346 conscripsisse,
1466 1316 1649 1348 sequestrem
1669 1308 1791 1346 juisse,
1813 1310 2052 1346 pronuntiasse,
2080 1309 2165 1338 diui-

303 1361 385 1387 sisse.
423 1356 604 1385 Decuriatio
626 1354 716 1390 enim,
738 1359 768 1382 et
789 1354 956 1392 descriptio
976 1355 1086 1393 populi
1106 1355 1143 1383 ad
1162 1356 1225 1384 uim
1246 1356 1386 1384 adhiberi
1407 1357 1540 1393 solebat3
1560 1362 1595 1385 ut
1613 1367 1670 1395 pro
1691 1355 1790 1384 Sestio
1811 1355 1859 1395 (C.
1874 1356 1950 1384 XV.
1969 1355 1996 1395 §.
2016 1355 2074 1395 34.)
2095 1368 2165 1385 cum

304 1408 431 1435 uicatim
451 1406 585 1433 homines
606 1402 877 1437 conscriberentur,
898 1403 1148 1438 clecuriarentur,
1170 1405 1214 1431 acl
1232 1405 1311 1438 uim,
1331 1405 1374 1432 acl
1391 1415 1517 1438 manus,
1538 1406 1581 1433 acl
1598 1404 1737 1438 caedem,
1765 1404 1809 1432 ad
1826 1404 2028 1441 direptionem
2047 1405 2164 1432 incita—

303 1459 419 1482 rentur.
446 1463 502 1491 pro
530 1451 619 1479 domo
641 1449 688 1489 (C.
710 1450 749 1478 V.
771 1449 893 1489 §.13.):
921 1460 1005 1486 cum,
1040 1450 1209 1487 desperatis
1236 1452 1380 1486 ducibus,
1409 1453 1581 1481 decuriatos
1607 1463 1644 1480 ac
1670 1452 1835 1488 descriptos
1861 1451 1989 1480 haberes
2015 1453 2166 1480 exercitus

298 1503 498 1540 perditorum.
519 1505 548 1527 et
569 1499 601 1526 in
622 1498 660 1526 H.
681 1497 777 1526 PhiL:
798 1499 887 1525 euius
907 1499 1000 1525 etiam
1011 1498 1194 1536 familiares
1215 1499 1250 1527 de
1270 1501 1305 1527 ui
1324 1501 1519 1528 condemnati
1537 1505 1626 1532 sunt,
1647 1500 1729 1537 quod
1746 1500 1795 1526 tui
1813 1500 1906 1527 nimis
1925 1499 2056 1527 studiosi
2072 1497 2165 1536 fuis-

304 1555 379 1578 sent.
401 1553 432 1576 et
450 1558 506 1586 pro
532 1546 657 1575 Plancio
679 1544 725 1584 (C.
747 1544 840 1572 XIX.
862 1543 888 1583 §.
908 1544 983 1582 ssiG.):
1016 1547 1081 1584 Ego
1101 1547 1272 1575 Plancium
1292 1553 1319 1575 et
1341 1549 1441 1584 ipsum
1457 1549 1633 1585 gratiosum
1652 1557 1713 1574 esse
1734 1547 1801 1575 (lieo
1822 1552 1850 1575 el
1870 1547 2012 1575 habuisse
2031 1547 2065 1574 in
2080 1547 2164 1583 peti-

305 1600 385 1625 tione
405 1597 514 1624 multos
534 1595 659 1632 cupidos
680 1595 730 1621 sui
745 1595 923 1630 g1·aliosos;
950 1604 1022 1631 quos
1043 1600 1077 1622 tu
1097 1597 1125 1623 si
1143 1594 1256 1623 sodalis
1276 1605 1385 1629 uocas,
1420 1596 1586 1632 officiosam
1605 1595 1773 1623 amicitiam
1795 1596 1916 1622 nomine
1935 1595 2082 1632 inquinas
2101 1595 2165 1622 cri-

307 1647 430 1672 nu'aoso.
457 1648 487 1670 et
512 1641 538 1682 §.
559 1644 618 1678 475
645 1641 714 1669 lam
740 1647 775 1669 ut
800 1651 854 1678 ego
881 1642 982 1676 doceo,
1006 1643 1181 1679 gratiosum
1209 1644 1243 1670 in
1269 1652 1326 1670 sua
1356 1642 1438 1670 tribu
1459 1643 1629 1672 Plancium
1650 1654 1705 1670 -—.·
1732 1643 1777 1670 sic
1804 1648 1839 1669 tu
1865 1642 1953 1678 doce,
1982 1647 2165 1680 sequestrem.

300 1692 418 1728 fuisse,
440 1691 590 1727 largitum
609 1699 685 1722 esse,
705 1690 936 1725 conscripsisse,
957 1688 1080 1717 tribulis
1100 1690 1303 1718 decuriasse&

381 1739 464 1766 Haec
487 1736 647 1774 Sigonius,
668 1735 793 1774 quibus,
815 1745 873 1773 quo
893 1735 1016 1773 planior
1035 1746 1083 1764 res
1104 1736 1170 1772 fiat,
1191 1736 1265 1765 haec
1286 1736 1421 1765 addenda
1441 1742 1525 1776 puto.
1565 1737 1724 1773 Ambitus,
1751 1742 1896 1766 monente
1916 1737 2026 1772 Festo,
2047 1737 2163 1765 crimen

309 1785 450 1813 adfectati
469 1784 596 1812 honoris
616 1783 684 1812 suit.
723 1783 829 1820 Itaque
856 1782 888 1810 in
915 1783 1045 1812 ambitus
1073 1784 1189 1813 crimen
1214 1785 1398 1821 uocabatur,
1431 1785 1616 1823 quicumque
1644 1785 1766 1814 inlicito
1786 1786 1875 1814 modo
1896 1785 2104 1821 laborauerat,
2128 1789 2164 1813 ut

309 1832 422 1867 honos,
443 1843 530 1870 quem
552 1832 691 1870 petebat,
710 1829 770 1857 sibi
792 1830 993 1860 mandaretur.

383 1881 411 1908 Is
432 1880 536 1907 modus
558 1879 673 1917 duplex
692 1877 892 1916 potissumum
912 1878 986 1907 fuit:
1013 1884 1064 1908 aut
1085 1880 1165 1908 enim
1186 1880 1249 1909 sola
1268 1880 1447 1918 largitione,
1473 1880 1506 1908 id
1526 1884 1571 1908 est
1590 1879 1721 1908 nummis
1742 1879 1850 1908 aliisue
1871 1879 2067 1916 muneribus,
2087 1889 2164 1918 quae

310 1928 425 1966 populo
447 1927 623 1955 diuidebant
644 1925 847 1954 diuidendaue
867 1926 1030 1963 curabant,
1062 1928 1202 1966 suffragia
1223 1929 1287 1957 eius
1309 1929 1541 1965 deuinciebant,
1575 1933 1627 1956 aut
1652 1927 1731 1964 uim,
1765 1937 1853 1966 quam
1875 1927 1971 1966 ipsam
1990 1927 2050 1958 sibi
2070 1926 2164 1965 largi-

310 1976 393 2003 tione
416 1975 573 2013 parabant,
593 1974 629 2001 ad
650 1973 911 2011 consequendum,
931 1984 1020 2012 quem
1039 1975 1201 2011 uolebant,
1221 1975 1370 2005 honorem
1390 1977 1584 2005 adhibebant.

389 2023 441 2050 Uis
462 2027 561 2050 autem
582 2022 762 2049 cernebatur
783 2020 817 2048 in
837 2030 889 2057 eo,
920 2021 1001 2060 quod
1028 2023 1104 2050 certi
1132 2023 1252 2062 quidam
1273 2024 1431 2061 homines,
1459 2024 1576 2053 sodales
1597 2022 1689 2058 dicti,
1718 2032 1793 2061 quos
1819 2022 1974 2051 candidati
1999 2022 2164 2061 largitione

310 2075 519 2108 corruperant,
539 2069 765 2097 multitudinem
785 2070 941 2107 cogebant,
961 2075 996 2098 ut
1015 2070 1053 2107 ei,
1073 2081 1090 2099 a
1110 2081 1169 2109 quo
1191 2077 1276 2101 erant
1297 2072 1445 2111 corrupti,
1464 2071 1613 2100 honorem
1634 2070 1776 2099 deferret.
1816 2070 1851 2099 Id
1872 2082 1931 2109 quo
1952 2071 2074 2100 facilius
2093 2070 2164 2099 fieri

310 2123 427 2156 posset,
454 2117 583 2145 tribules
611 2127 627 2144 a
652 2116 810 2145 candidato
838 2117 1072 2148 decuriabantur
1098 2120 1292 2158 populusque
1317 2120 1562 2155 describebatur,
1596 2119 1640 2148 ita
1665 2122 1701 2146 ut
1726 2118 1894 2157 unicuique
1913 2119 2061 2147 sodalium
2081 2123 2165 2147 certa

312 2175 380 2203 pars
403 2164 498 2192 tribus
520 2169 549 2192 et
568 2164 677 2202 populi
697 2165 919 2203 adsignaretur,
953 2167 1038 2195 euius
1058 2172 1093 2196 ut
1113 2167 1251 2205 suffragia
1271 2169 1448 2198 candidatus
1466 2169 1576 2202 ferret,
1608 2175 1800 2205 quocumque
1819 2166 1910 2194 modo
1931 2167 2049 2195 efficere
2069 2165 2165 2194 debe-

312 2212 392 2240 bant.
431 2211 512 2239 Uide
539 2222 613 2252 quae
638 2211 671 2240 iu
699 2212 866 2244 Commcnt.
895 2215 932 2244 ad
963 2215 1058 2244 uerba
1090 2215 1125 2245 C.
1151 2215 1276 2245 XVIII.
1312 2215 1339 2257 §.
1366 2217 1412 2246 45.
1451 2216 1621 2245 decuriatio
1654 2214 1831 2251 tribulium,
1864 2214 2028 2252 descriptio
2054 2214 2166 2252 populi

311 2259 463 2288 adnotaui.
1459 2289 1464 2293 ,

386 2307 491 2344 Itaque
510 2307 543 2335 in
564 2306 735 2336 istiusmodi
756 2309 904 2346 comitiis,
936 2311 969 2340 in
990 2311 1098 2350 quibus
1119 2311 1273 2340 candidati
1293 2311 1442 2340 sodalium
1462 2320 1554 2349 opera
1574 2308 1611 2338 ad
1631 2308 1862 2348 consequendos
1881 2308 2014 2338 honores
2033 2309 2164 2338 uteban-

314 2362 379 2391 tur,
404 2355 569 2383 multitudo
597 2365 659 2383 non
685 2360 746 2384 tam
773 2358 903 2395 acceptis
932 2359 1062 2388 nummis
1090 2359 1216 2397 adduci,
1246 2370 1334 2399 quam
1360 2358 1394 2388 ui
1414 2358 1481 2396 cogi
1501 2357 1634 2393 solebat,
1662 2362 1698 2386 ut
1725 2357 1908 2394 candidatis,
1936 2357 1989 2396 qui
2009 2357 2162 2386 sodalibus

315 2404 494 2438 utebantur,
514 2402 677 2438 honorem,
704 2413 791 2441 quem
811 2405 970 2442 petebant,
996 2406 1159 2437 mandaret.
