2264 2746
280 79 316 106 62
939 63 1505 95 COMMENTARIUS.

283 148 361 180 dam
384 153 417 179 et
439 145 636 178 oratorium.
682 144 731 175 Ita
753 142 780 174 I.
803 141 844 172 ad
869 140 949 173 Diu.
975 151 1003 183 9.
1028 151 1098 171 11011
1122 137 1163 168 de
1188 137 1361 169 sententiis
1383 138 1534 169 iudicum
1557 137 1592 168 111
1614 137 1651 168 P.
1677 136 1852 175 Clodium,
1877 143 1927 169 set
1947 137 2103 168 uirorum
2127 135 2164 166 in

282 213 321 234 re
345 199 481 244 publica
503 198 707 241 principum.
752 196 824 227 Illa
841 194 949 238 furia
970 192 1191 225 muliebrilmz
1217 192 1482 234 religionum—
1498 192 1730 235 inpunitatem
1753 196 1803 222 est
1826 191 1968 222 illorum
1986 189 2164 222 sententiis

285 255 486 291 adsecutus,
525 251 584 293 qui
612 261 689 280 cum
719 248 879 279 tribunus
906 247 1016 291 plebis
1034 257 1164 289 poenas
1187 257 1209 276 a
1232 245 1394 276 seditioso
1419 246 1494 277 ciue
1521 257 1587 288 per
1609 243 1710 275 bonos
1734 244 1822 275 ciuis
1851 244 1981 274 izulieio
2004 242 2167 285 persequi

285 308 407 346 uellet,
446 303 635 345 exemplum
660 301 994 345 praeclarissumum
1025 300 1060 330 in
1077 304 1259 342 posterum
1282 298 1513 330 uinclicanclae
1535 298 1715 329 seditionis
1738 297 1778 327 cle
1802 308 1838 327 re
1852 295 1997 338 publica
2020 295 2169 326 sustule-
2192 326 2198 332 ,

287 365 389 398 runt,-
413 359 567 398 idemque
584 360 706 397 postea
730 360 792 385 etc.
837 352 964 384 Similis
988 357 1125 394 porrost
1146 349 1312 393 professio
1335 363 1399 394 pro
1422 351 1554 383 Milone
1573 361 1602 381 2.
1648 349 1868 392 Quamquam.
1891 349 1926 379 in
1950 349 2014 380 luzo
2036 359 2168 387 caussa,

287 412 437 447 iudices,
464 408 503 439 T.
527 407 624 439 Anni
648 407 828 439 tribunatu
849 405 1016 448 rebusque
1042 403 1196 435 omnibus
1217 417 1282 447 pro
1306 404 1418 436 salute
1442 404 1492 435 rei
1510 403 1672 447 publicae
1692 404 1802 446 gestis
1835 402 1883 433 acl
1909 402 2014 433 luu'us
2049 401 2168 432 crimi-

287 465 341 496 nis
365 461 594 504 defensionem
617 472 683 491 non
707 460 897 491 abutemur.
942 458 1029 490 Nisi
1053 460 1156 487 etc-“.
1202 458 1335 489 Uereor
1357 463 1492 495 tamen,
1517 462 1555 487 ut
1577 461 1815 497 argumentum
1839 466 1857 484 a
1881 453 2066 485 Garatonio
2088 463 2173 495 pro-

287 516 392 547 latum
414 512 492 544 satis
518 518 652 543 tueatur
675 512 877 554 scripturam
902 516 1129 542 censes-naun.
1174 510 1246 552 Ego
1274 515 1311 540 ut
1334 509 1498 540 reicerem
1522 508 1695 549 uolgatum
1720 513 2001 546 consecuturum,
2030 505 2082 537 his
2107 517 2173 549 po-

287 568 466 599 tissumum
489 565 611 596 caussis
636 571 811 596 conmotus
835 576 926 603 sum,
953 563 1042 605 quod
1067 563 1218 605 primum
1243 563 1477 605 inpunitatem
1500 562 1659 604 consequi
1684 572 1753 591 non
1776 560 1913 591 uidetur
1936 572 1975 591 eo
1997 570 2096 591 sensu
2119 557 2174 589 di-

289 626 379 650 ctum
403 630 490 657 esse,
515 624 553 649 ut
576 619 680 650 unius
707 617 764 649 uel
786 617 871 648 certi
894 617 1076 648 cuiusdam
1098 616 1218 647 (teliz-ti
1240 616 1377 647 ueniam
1403 615 1597 657 inpetrare,
1620 618 1685 652 set,
1710 619 1748 643 ut
1770 613 1805 643 in
1829 614 1892 656 Ep.
1917 613 1957 644 ad
1978 614 2058 644 Diu.
2082 612 2117 651 I,
2141 622 2172 654 9.

286 667 522 716 inpunitatem
551 671 714 714 adsequi,
752 670 864 712 potius
897 670 1091 701 libertatem
1121 668 1213 700 nihil
1234 680 1300 699 non
1331 668 1459 710 inpune
1473 666 1638 709 faciendi
1661 667 1820 710 consequi
1846 666 2031 697 denotaret.
2077 665 2175 696 Patet

286 731 417 764 autem,
444 723 598 755 futurum
622 730 756 765 tempus
780 728 1041 755 consecuturum
1065 721 1093 752 si
1116 721 1319 759 retineatur,
1348 720 1549 751 Ciceronem
1573 718 1637 749 hoc
1661 718 1789 759 dicere,
1813 730 1848 750 se
1872 730 1941 749 11011
1963 725 2093 761 putare,
2116 715 2175 748 fu-

286 783 404 809 turum
428 788 513 815 esse,
555 783 592 807 ut
615 776 768 807 Plancius
792 781 934 818 propter
957 787 1015 806 sua
1040 775 1075 805 in
1099 786 1134 806 se
1156 774 1278 805 merita
1301 772 1478 815 inpunitus
1508 783 1551 802 ex
1575 772 1639 803 1100
1664 771 1790 803 iudicio
1815 771 1974 802 discedat.
2018 770 2171 810 Accedit,

286 829 378 872 quod
407 836 624 861 consecutum
648 841 687 860 eo
713 841 778 871 quo
807 828 880 859 dixi
903 840 1003 859 sensu
1026 827 1310 859 accommodatius
1344 832 1393 856 est
1415 824 1708 863 antecedentibus,
1747 825 1782 855 in
1807 825 1927 867 quibus
1951 835 2027 855 cum
2052 823 2170 855 Cicero

286 881 428 913 dixisset
450 882 640 922 Plancium,
680 882 738 925 qui
763 882 906 912 salutem
929 893 1023 912 suam
1046 888 1139 911 tanta
1161 879 1398 911 beneuolentia
1423 878 1580 916 texisset,
1618 877 1772 908 omnium
1795 878 1946 908 minume
1978 877 2132 908 debuisse
2156 887 2176 907 a

285 935 468 966 Laterense
494 936 672 974 accussari,
712 935 757 966 ita
783 935 847 966 hoc
870 934 996 965 iudices
1028 934 1247 976 interpretari
1276 937 1451 975 poterant,
1495 942 1533 961 ac
1555 930 1583 961 si
1607 931 1725 961 Cicero
1750 931 1924 962 Plancium
1947 937 2089 973 propter
2110 929 2174 962 ista

285 989 408 1019 merita
432 990 571 1019 omnino
596 990 631 1020 in
654 989 705 1020 ius
729 988 920 1019 uocandum
944 999 1012 1018 non
1037 998 1107 1017 esse
1134 992 1280 1030 putaret.
1326 985 1444 1025 Itaque
1468 984 1553 1015 hanc
1579 995 1621 1013 ne
1645 995 1739 1014 suam
1765 995 1835 1014 esse
1858 984 2060 1014 sententiam
2081 983 2174 1015 iudi-

2260 825 2264 861 l

2260 878 2264 924 ἶ

285 1047 414 1079 carent,
439 1047 516 1071 ante
540 1042 652 1073 omnia
676 1053 794 1072 cauere
819 1041 969 1079 debebat,
994 1040 1140 1081 ideoque
1163 1039 1197 1070 id
1221 1039 1333 1081 ips-um
1358 1037 1478 1075 dicere,
1504 1036 1595 1078 quod
1619 1037 1730 1068 uerbis
1755 1037 1988 1080 inpunitatem
2013 1049 2174 1070 consecu-

284 1099 358 1125 tum
381 1094 597 1135 significatur.
643 1094 802 1135 Denique
826 1100 1046 1135 optumorum
1069 1091 1174 1122 malui
1199 1102 1299 1132 quam
1322 1102 1559 1133 pessumoruin
1587 1090 1741 1120 codicum
1764 1090 1999 1120 auctoritatem
2021 1090 2129 1132 sequi.

370 1147 433 1179 Sin
458 1148 572 1179 omnia
588 1148 812 1190 praestitero)
840 1145 1029 1177 Elficaciter
1046 1146 1257 1189 praestitero
1281 1156 1355 1186 pro,
1379 1144 1488 1174 inesse
1512 1143 1547 1174 in
1566 1154 1604 1174 eo
1631 1143 1920 1174 demonstrauero.
1945 1143 2170 1175 ERNESTIFS.

369 1201 536 1243 Reliquos
562 1200 693 1231 labores
717 1216 759 1222 —
782 1198 916 1240 ceteris)
961 1198 1055 1229 Facit
1078 1198 1132 1229 hic
1156 1198 1247 1228 locus
1272 1196 1401 1238 aliquid
1427 1196 1468 1226 ad
1493 1195 1681 1227 eruendum
1706 1196 1886 1227 discrimen
1910 1197 2095 1227 uerborum
2118 1209 2173 1229 re-

288 1253 376 1284 licus
409 1259 441 1283 et
473 1259 623 1291 reterns,
667 1252 707 1282 de
733 1262 798 1293 quo
826 1256 922 1281 acute
946 1250 1105 1281 disseruit
1129 1250 1166 1281 C.
1190 1249 1328 1280 Beierus
1353 1249 1388 1280 111
1411 1248 1556 1280 Misce—ll.
1582 1249 1667 1280 Crit.
1693 1249 1732 1280 ab
1757 1249 2005 1281 Friedemanno
2033 1256 2066 1282 et
2091 1251 2174 1282 See-

286 1304 389 1335 bodio
415 1305 523 1335 editis.
555 1306 646 1336 1322.
672 1305 750 1337 Uol.
772 1304 796 1334 I.
819 1309 906 1346 part.
931 1304 957 1333 Ι.
981 1314 1015 1345 p.
1041 1302 1096 1333 181
1122 1320 1163 1325 -
1191 1301 1260 1333 188.

372 1358 432 1390 Ad
463 1358 612 1400 reliquos
644 1358 796 1395 labores,
838 1369 920 1399 quos
945 1357 980 1388 in
1004 1357 1068 1388 luzo
1093 1368 1216 1387 caussa
1247 1355 1395 1386 maiores
1418 1355 1568 1398 suscipio
1592 1367 1696 1398 quam
1719 1355 1754 1387 in
1777 1355 1917 1393 ceteris,
1957 1355 2062 1386 etiam
2083 1357 2172 1389 lianc

285 1411 479 1442 molestiam
501 1410 657 1453 adsumo)
702 1410 786 1448 Pro,
811 1410 892 1440 haec
916 1410 1070 1441 molestia
1093 1408 1237 1447 accedit,
1263 1408 1364 1450 paulo
1390 1407 1518 1438 durius.
1564 1411 1649 1438 Nam
1673 1419 1742 1438 non
1765 1419 1824 1438 sua
1846 1413 1967 1450 sponte
1990 1408 2075 1440 hanc
2097 1421 2175 1441 mo-

286 1463 417 1493 lestiam
441 1462 563 1501 subiit,
587 1469 637 1493 set
660 1463 796 1493 aliunde
817 1463 962 1494 accessit.
1008 1463 1066 1494 An
1089 1461 1224 1504 scripsit
1247 1463 1335 1493 lianc
1358 1461 1549 1492 molestiam
1575 1462 1696 1492 sumo?
1719 1467 1757 1491 ut
1779 1461 1878 1500 alibi,
1902 1463 2017 1494 animo
2040 1464 2175 1507 sumpsi

286 1516 454 1554 dolorem,
501 1515 522 1546 i.
547 1528 575 1546 e.
603 1516 709 1547 hausi.
741 1516 852 1559 prima
879 1515 1009 1558 syllaba
1039 1514 1137 1546 facile
1161 1525 1204 1545 ex
1228 1514 1359 1544 ultuma
1392 1513 1623 1555 praecedentis
1648 1513 1744 1544 uerbi
1767 1515 1856 1546 nasci
1879 1515 2002 1557 potuit.
2048 1515 2174 1547 ERNE-

288 1578 404 1599 STIUS.
451 1568 600 1600 Tantum
623 1569 724 1607 abest,
753 1576 790 1600 ut
812 1570 875 1601 ista
899 1568 1087 1600 mutatione
1110 1569 1202 1599 locus
1227 1567 1434 1609 corrigatur,
1460 1572 1498 1596 ut
1523 1566 1701 1598 manifesto
1726 1574 1974 1609 corrumpatur,
1999 1578 2076 1599 cum
2099 1569 2173 1600 elo-

287 1621 376 1652 cutio
399 1623 592 1654 molestiam
615 1635 747 1655 sumere
771 1634 809 1653 eo
835 1634 900 1664 quo
925 1621 1101 1653 Ernestius
1124 1633 1222 1652 sensu
1246 1621 1320 1651 uolt
1342 1631 1529 1661 numquam
1552 1620 1595 1651 sit
1621 1626 1790 1662 usurpata.
1836 1621 1935 1652 Mhil
1959 1621 2070 1652 uerius
2093 1623 2172 1654 uol-

287 1680 360 1715 gata
384 1674 593 1716 scripturast.
638 1677 728 1707 Nam
752 1676 809 1717 qui
833 1687 981 1706 caussam
1004 1674 1152 1716 aliquam
1175 1674 1331 1715 suscipit,
1370 1672 1397 1703 is
1422 1671 1574 1714 profecto
1598 1680 1688 1704 recte
1712 1674 1836 1704 dicitur
1865 1674 1963 1705 ctiam
1988 1675 2169 1717 molestias,

290 1739 372 1768 quae
405 1734 483 1758 sunt
506 1740 581 1758 cum
605 1740 718 1759 caussa
745 1729 959 1766 coniunctae,
995 1728 1074 1758 licet
1094 1727 1220 1758 inuitus
1244 1726 1358 1763 faciat,
1391 1725 1531 1767 insuper
1555 1727 1734 1769 suscipere.
1781 1727 1898 1768 Itaque
1921 1727 1955 1757 in
1979 1728 2084 1759 uerbo
2107 1732 2172 1762 ad-

289 1792 383 1811 sumo
406 1781 611 1823 praepositio
635 1782 683 1813 acl
703 1794 863 1813 maxume
887 1780 1086 1823 urgendast,
1129 1779 1360 1822 significatque
1387 1784 1497 1809 totum
1521 1779 1664 1809 uerbum
1688 1779 1736 1810 nil
1760 1780 1824 1810 nisi
1847 1781 1987 1824 insuper
2009 1783 2169 1826 suscipio.

289 1833 480 1865 Simillumo
498 1845 597 1865 sensu
615 1833 741 1865 dictum
758 1841 838 1866 esta
855 1835 923 1866 Cic.
940 1833 981 1864 ad
1004 1834 1077 1865 Att.
1093 1833 1136 1872 Π,
1165 1845 1211 1875 19.
1236 1844 1299 1875 ego
1322 1837 1408 1875 aput
1432 1832 1591 1874 inprobos
1613 1845 1723 1864 meam
1744 1834 1960 1865 retinuissem
1984 1835 2169 1878 inuidiam,

289 1886 439 1918 alienam
460 1888 736 1930 adsmnpsissem.
761 1894 793 1918 et
815 1888 857 1918 II.
882 1887 916 1917 in
941 1886 1035 1917 Rull.
1061 1887 1098 1917 C.
1117 1886 1272 1917 XXXV.
1302 1885 1331 1926 ξ.
1357 1897 1406 1926 97.
1435 1885 1569 1924 Quibus
1593 1886 1691 1917 rebus
1713 1887 1797 1918 elati
1823 1892 1855 1917 et
1878 1887 1996 1930 inflati
2010 1887 2169 1930 fortasse

290 1950 357 1970 non
380 1941 562 1978 continuo,
585 1945 635 1972 set
658 1946 747 1972 certe
771 1941 801 1972 si
821 1941 969 1984 paulum
991 1939 1249 1983 adsumpserint
1273 1939 1460 1970 uetustatis
1485 1952 1527 1971 ac
1550 1939 1700 1978 roboris,
1725 1951 1792 1971 non
1815 1939 2090 1974 continebuntur,

1123 2029 1151 2062 C
1169 2027 1200 2062 A
1214 2029 1254 2061 P.
1289 2028 1334 2061 ΙΙ.

378 2098 407 2139 §.
431 2098 460 2129 4.
505 2099 722 2143 Quamquam
745 2118 787 2123 --
811 2100 1006 2143 conturbat)
1052 2100 1257 2131 Indicatiuos
1288 2111 1365 2130 cum
1394 2099 1429 2130 in
1455 2098 1601 2142 optumis
1634 2098 1802 2130 codicibus
1833 2099 1892 2137 sit,
1931 2100 2064 2142 locique
2087 2112 2166 2133 sen-

289 2150 413 2181 tentiae
437 2152 567 2192 egregie
591 2153 789 2192 conueniat,
814 2159 941 2184 temere
965 2153 1050 2196 agit,
1076 2153 1134 2195 qui
1161 2165 1236 2184 cum
1261 2153 1453 2184 Goerenzio
1477 2152 1516 2183 ad
1543 2152 1611 2184 Cic.
1638 2152 1678 2182 de
1701 2153 1804 2194 Legg.
1828 2154 1887 2191 Ill,
1913 2153 1941 2191 3,
1972 2154 2020 2186 18.
2043 2166 2077 2197 p.
2092 2155 2164 2196 258,

290 2203 467 2235 conturbet
489 2204 702 2235 scribendum
729 2212 835 2248 putat.
882 2207 985 2238 Errat
1007 2213 1118 2237 autem
1147 2206 1320 2243 Orellius,
1347 2205 1387 2236 ad
1412 2206 1501 2237 hunc
1523 2205 1633 2235 locum
1656 2217 1816 2236 monens:
1844 2206 2103 2244 „subiunctiuos
2128 2207 2165 2239 in

289 2254 351 2285 hac
373 2256 489 2286 saltem
515 2258 772 2297 constructione,
797 2259 855 2289 ubi
879 2259 1035 2302 apodosis
1063 2259 1165 2298 deest,
1194 2265 1226 2290 et
1250 2271 1457 2302 quamquam
1479 2258 1665 2299 permutari
1692 2257 1763 2288 sere
1786 2260 1891 2301 possit
1915 2271 1991 2291 cum
2013 2260 2165 2302 particu-

288 2307 330 2339 lis
356 2314 468 2340 tamen
492 2309 546 2339 uel
570 2322 708 2348 uerum,
734 2311 844 2342 locum
867 2312 1004 2343 omnino
1028 2324 1097 2343 11011
1121 2312 1266 2342 11at>et.“
1312 2313 1399 2343 Nam
1423 2311 1470 2341 sic
1493 2310 1611 2341 Cicero
1636 2311 1697 2342 hac
1719 2311 1791 2353 ipsa
1815 2312 1967 2343 oratione
1994 2324 2020 2344 c.
2043 2313 2161 2345 XXII.

290 2361 319 2402 §.
337 2361 388 2392 55.
414 2374 621 2405 quamquam
644 2375 686 2394 ne
708 2363 746 2393 icl
768 2359 906 2406 quidem
928 2365 1157 2408 suspicionem
1179 2365 1337 2397 coitionis
1359 2363 1527 2396 habuerit.
1572 2363 1674 2395 Adde
1698 2364 1739 2395 de
1756 2365 1840 2396 Har.
1865 2366 1969 2409 Resp.
1987 2366 2083 2406 VIII,
2112 2376 2160 2407 17.
