2264 2746
15 2427 20 2486 l

641 101 873 132 RERUM
908 101 986 131 ET
1026 99 1413 130 UERBORUM.
1901 113 1954 139 251

100 177 304 217 Inter-polatio
338 183 406 207 orta
438 188 478 207 ex
512 188 609 217 praua
641 177 895 217 interpunctione
920 176 995 205 LX.

175 225 227 254 115}
253 235 296 263 sq.
328 235 388 258 170.
410 225 663 264 interpolationis
691 225 898 265 suspicionem
918 233 996 262 quae

173 273 260 301 codd.
281 273 452 311 scripturae
471 283 596 302 mouere
617 274 748 302 debcant
776 282 913 310 quaeque
933 281 995 299 uon

173 321 305 349 debeant
332 320 452 348 XXIX
479 331 541 359 sqq.
568 321 634 350 eius
654 320 859 350 remouendae
881 319 996 358 duplex

172 368 375 407 potissumum
396 368 475 396 ratio
491 368 622 398 XXIX.

99 416 314 455 Interpunetio
351 425 446 453 praua
479 425 582 445 caussa
616 415 891 454 interpolationum
921 413 994 444 LX.

175 463 227 492 164
247 472 290 500 sq.
314 471 374 497 170.

98 510 207 538 Inuidi'
227 509 421 538 substautiue
445 511 506 539 155.

95 557 167 593 lpse
193 566 366 594 pronomen
393 562 483 594 auget
510 557 667 585 interdum
694 558 922 596 oppositionem
951 557 995 585 65.

170 603 333 632 transitum
362 604 437 632 facit
456 604 500 633 68.
521 605 724 643 praeponitur
744 605 899 634 interdum
920 615 995 644 pro-

170 651 292 679 nomini
311 652 468 690 personali
492 653 542 687 157
564 662 607 690 sq.

98 699 164 727 lter
178 705 285 737 petere
304 701 358 737 237
375 710 419 738 sq.

97 747 196 774 ludex
215 757 328 775 nomen
349 757 411 775 uon
431 752 535 785 potest
555 747 731 775 conlcctiue
762 746 905 785 usurpari
935 746 995 774 134.

96 794 220 824 ludices
240 795 457 823 discernuntur
485 805 502 823 a
521 799 628 823 senatu
649 799 679 822 ct
699 795 816 832 populo
844 795 934 822 Rom.
962 792 997 821 66

172 853 214 881 sq.
242 846 286 881 98.
314 842 451 870 iudicum
478 842 597 870 notatio
626 842 724 880 qualis
752 842 849 870 fucrit
874 840 995 869 LXIII.

171 891 308 919 iudicum
335 890 525 918 alternorum
551 890 681 918 reiectio
712 900 749 917 cx
776 890 843 927 Iege
869 888 997 916 Uatinia

173 946 235 966 120.
255 939 374 966 iudices
394 943 425 966 et
445 939 591 966 uidelicet
612 942 787 976 permutata
816 937 875 965 185.
905 937 997 964 imlcx

170 987 272 1013 iniens
292 985 390 1023 qualis
411 986 452 1014 sit
471 985 515 1014 65.

96 1031 218 1061 Iudices
246 1033 366 1061 editicii
394 1033 447 1071 qui
479 1032 598 1062 fuerint
624 1032 798 1061 LXXVII.
835 1032 904 1060 coll.
936 1041 996 1068 119.

172 1090 234 1117 127.
254 1081 336 1109 uude
357 1085 387 1109 et
401 1081 554 1119 quomodo
575 1081 668 1109 electi
688 1080 806 1109 fuerint
821 1078 994 1108 LXXVII.

171 1128 204 1156 in
225 1139 285 1166 quo
306 1128 426 1156 iudicio
447 1129 655 1158 iudicauerint
675 1128 750 1157 ibid.

96 1175 148 1204 Ius
169 1176 292 1213 suffragi
311 1176 577 1214 praefecturarum
597 1180 643 1215 89.

96 1223 275 1258 quentius,
301 1224 419 1262 primus
440 1225 478 1253 de
496 1225 589 1263 plebe
609 1224 716 1252 aedilis
738 1223 855 1250 curulis
878 1221 938 1250 155.

99 1270 277 1299 queututis
297 1271 437 1308 conlegia
456 1281 512 1309 per
532 1270 702 1308 municipia
727 1270 788 1298 105.

98 1364 127 1391 L
148 1369 179 1392 et
199 1365 219 1392 I
236 1363 359 1393 litterae
378 1370 570 1404 permutatae
592 1375 637 1403 77.

98 1411 264 1440 Labicana
285 1418 316 1441 et
336 1414 504 1442 Lauicana
523 1413 703 1450 (uicinitas)
723 1422 767 1451 92.

96 1461 293 1489 Lac-ramula
314 1461 388 1499 quid
408 1461 560 1498 significet
583 1471 644 1499 192.

95 1507 210 1536 Lamia.
229 1507 280 1535 De
302 1508 367 1536 eius
386 1509 588 1547 praenomine
609 1514 639 1536 et
657 1508 782 1538 nomine
801 1508 911 1547 gentili
932 1517 994 1546 219.

95 1555 290 1591 Laterensis,
310 1561 483 1585 accussator
503 1557 621 1593 Planci,
641 1558 770 1586 fortasse
790 1556 887 1585 tribui
908 1556 996 1584 Mae-

170 1603 235 1631 ciae
264 1609 329 1632 erat
357 1604 530 1643 adscriptus
562 1606 622 1634 124,
650 1606 777 1643 plenum
798 1604 863 1632 eins
883 1613 995 1631 nomen

170 1661 186 1678 e
199 1651 323 1678 Uelleio
344 1652 389 1680 84.
411 1651 532 1689 quaudo
554 1652 694 1690 coeperit
713 1652 904 1681 tribunatum
925 1651 994 1688 ple-

168 1698 217 1726 bis
245 1704 352 1736 petere
380 1698 423 1734 76.
452 1699 513 1727 146.
552 1705 695 1738 quaestor
715 1700 775 1728 fuit
796 1698 928 1737 Cyrenis
950 1698 993 1733 76.

169 1746 278 1774 acerbe
298 1746 454 1775 inridetur
473 1758 490 1776 a
513 1747 664 1776 Cicerone
688 1747 748 1775 166.
771 1753 800 1776 et
821 1745 993 1785 reprehen-

171 1794 255 1822 ditur
276 1805 292 1822 a
312 1795 356 1823 M.
378 1795 484 1823 Caelio
505 1795 578 1823 ibid.

93 1842 183 1870 Laus
202 1843 377 1871 aedilitatis
399 1852 450 1881 199
471 1853 514 1881 sq.

94 1890 280 1928 Legationes
305 1892 418 1918 reicere
447 1900 507 1919 111.
539 1891 725 1928 Legationes
752 1894 931 1928 corruptum
960 1890 992 1917 in

169 1938 301 1975 legiones
321 1938 399 1965 XX.

95 1986 211 2023 Legem
234 1987 361 2014 seis-cere
392 1988 452 2016 118.
484 1986 582 2025 legem
608 1986 773 2014 sciscentes
800 1994 816 2012 a
844 1994 903 2021 quo
930 1983 992 2010 sint

172 2032 265 2060 electi
283 2033 358 2061 ibid.

96 2081 204 2118 Leges.
243 2079 341 2117 Leges
368 2081 500 2109 ambitus
520 2081 583 2110 204.
613 2081 664 2108 lex
693 2079 832 2107 censoria
854 2088 913 2115 117·
942 2078 993 2105 lex

172 2127 306 2156 Gabinia
336 2137 396 2157 111.
431 2128 510 2156 Iulia
537 2127 588 2167 (de
622 2139 694 2166 agro
724 2128 878 2165 Campano
910 2126 993 2154 (liui-

171 2175 293 2211 dundo)
312 2174 372 2202 146.
392 2175 525 2204 Licinia.
547 2176 618 2204 Uid.
637 2177 704 2205 Lex
725 2178 862 2204 Licinia.
886 2175 992 2202 Serui—

168 2223 212 2251 lia
241 2233 302 2259 127.
332 2232 392 2261 129.
423 2225 483 2252 130.
513 2224 694 2262 Sempronia
720 2224 776 2260 (de
803 2223 993 2262 publicanis)

172 2271 311 2301 108.coll.
331 2280 392 2307 117.
408 2271 513 2300 Tullia
528 2272 564 2300 de
581 2272 699 2300 ambitu
714 2272 777 2300 204.
794 2271 920 2300 Uatinia
931 2280 992 2300 120.

95 2320 193 2357 Leges
213 2319 375 2347 incendere
394 2319 455 2348 235.

93 2368 214 2405 Legum
233 2367 411 2394 incendium
430 2368 495 2396 235.

96 2415 165 2442 Lex
186 2413 311 2442 Licinia
331 2413 367 2441 de
387 2414 542 2444 sodaliciis
562 2417 692 2445 LXXII
719 2429 781 2456 sqq.
814 2420 873 2447 118.
894 2418 955 2446 lata
976 2428 991 2445 a

1127 175 1171 205 M.
1192 174 1319 203 Licinio
1347 175 1457 205 Crasso
1484 176 1525 206 II.
1553 187 1614 206 eos.
1643 177 1800 208 LXXIII.
1827 187 1953 210 auctore

1127 227 1236 251 senatu
1256 223 1397 251 LXXV.
1423 233 1484 253 120.
1519 225 1594 263 quid
1621 235 1655 254 ea
1680 226 1831 255 sancitum
1857 227 1953 256 suerit

1130 269 1288 299 LXXVI.
1306 271 1424 308 qualem
1438 282 1565 309 poenam
1581 274 1777 303 constituerit
1792 274 1823 302 in
1838 274 1952 302 sodali-

1131 317 1250 346 ciorum
1265 328 1334 346 rcos
1348 319 1497 347 LXXIX
1509 331 1551 358 sq.
1570 332 1629 359 qua
1642 331 1676 350 re
1691 332 1708 350 a
1724 322 1834 350 ceteris
1853 322 1951 349 ambi-

1130 371 1180 395 tus
1206 365 1325 403 legibus
1359 366 1541 405 discreparit
1568 369 1716 397 LXXIV
1749 379 1813 407 sqq.
1843 379 1877 397 ea
1904 369 1952 397 bis

1129 418 1274 453 poterant
1300 413 1451 451 postulari
1480 416 1531 452 qui
1553 415 1702 445 honorem
1723 416 1952 445 adfectaueraut

1130 461 1272 490 LXXV.

1054 509 1148 540 Liber
1168 513 1199 536 et
1218 509 1336 536 solutas
1356 516 1447 545 saepe
1467 507 1568 546 iungit
1589 509 1699 538 Cicero
1723 511 1781 540 184.

1053 557 1210 586 Liberalis
1230 555 1429 591 mancipibus
1456 565 1516 592 172.

1051 604 1194 634 Licinius
1216 603 1342 632 Crassus
1363 603 1460 641 legem
1482 603 1556 632 tulit
1576 603 1612 631 de
1633 605 1789 634 sodaliciis
1816 606 1855 634 II.
1876 617 1952 635 con-

1127 652 1175 680 sul
1195 650 1353 679 LXXIII.
1389 656 1420 679 et
1447 652 1545 689 pluris
1586 652 1659 680 alias
1687 653 1724 681 ad
1751 645 1954 682 coercendum

1129 698 1278 727 ambitum
1298 698 1371 727 ibid.
1392 699 1517 727 comitia
1537 698 1650 728 habere
1671 701 1792 739 eoepit,
1830 702 1861 728 in
1883 702 1953 739 qui-

1129 748 1186 775 bus
1210 745 1354 774 Plancius
1374 746 1482 774 aedilis
1503 746 1603 774 faetus
1625 752 1671 775 est
1690 748 1815 776 LXIX.
1840 751 1891 777 1340
1911 760 1953 787 sq.

1056 796 1199 824 Lictores
1220 798 1364 832 quaestor
1385 793 1417 822 iu
1437 794 1513 822 urbe
1534 804 1596 823 nou
1617 794 1748 824 habebat
1768 798 1829 824 242.

1057 843 1197 871 Litterae
1217 846 1248 869 et
1269 848 1466 869 monumenta
1492 852 1582 880 saepe
1608 853 1624 870 a
1647 843 1798 872 Cicerone
1822 845 1953 872 coninu-

1131 893 1243 926 guntur
1270 888 1333 915 234.
1373 889 1496 916 litterae
1519 891 1657 927 produnt
1685 899 1883 920 monumenta
1916 903 1953 920 an

1133 934 1233 973 possit
1253 940 1337 962 recte
1359 935 1420 962 dici
1440 936 1504 964 234.

1737 987 1910 1015 locutiones
1939 997 1955 1015 a

1133 1031 1221 1058 Rom.
1242 1038 1304 1056 non
1324 1034 1486 1066 usurpatae
1507 1041 1543 1058 eo
1564 1042 1654 1060 sensu
1676 1043 1735 1071 quo
1756 1036 1840 1062 locus
1867 1046 1955 1073 eque-

1133 1083 1196 1104 sler
1217 1075 1332 1103 dicitur
1352 1076 1423 1103 LV.

1053 1124 1208 1152 Labi-ielis
1229 1122 1303 1160 quid
1324 1122 1476 1159 significet
1497 1124 1541 1152 63.

1054 1172 1140 1201 Ludi
1163 1172 1276 1208 parali
1297 1179 1340 1207 77.
1374 1171 1443 1198 lmli
1469 1171 1501 1198 in
1530 1172 1616 1200 codd.
1647 1181 1824 1213 corruptum
1852 1178 1883 1206 in
1903 1180 1953 1206 ιά-

1129 1219 1211 1246 (Ιίι-ιέ
1233 1227 1276 1253 77.
1304 1217 1337 1244 in
1358 1218 1439 1245 locos
1457 1219 1520 1247 205.

1055 1265 1200 1294 Lutatius
1220 1264 1363 1299 Catulus,
1385 1265 1441 1301 Q„
1467 1266 1623 1304 triplicem
1646 1268 1678 1297 in
1701 1272 1877 1300 consulatus
1898 1284 1953 1310 pe-

1129 1313 1241 1341 titione
1260 1312 1414 1349 repulsam
1436 1313 1508 1341 tulit
1532 1317 1574 1351 75.
1598 1316 1724 1345 tandem
1745 1327 1813 1347 cum
1835 1319 1868 1348 C.
1884 1321 1952 1348 Ma-

1129 1360 1177 1388 rio
1199 1360 1306 1388 consul
1327 1360 1426 1389 faetus
1446 1361 1520 1389 ibid.

1482 1410 1524 1436 M.

1054 1466 1182 1494 Maecia
1202 1465 1301 1493 tribus
1332 1467 1391 1494 125.
1432 1466 1467 1493 dc
1496 1467 1648 1505 scriptura
1675 1479 1702 1496 u.
1730 1470 1856 1497 illaecia
1878 1469 1950 1497 ibid.

1055 1513 1157 1541 Malli·
1189 1519 1220 1542 et
1240 1513 1363 1541 slffanlii
1391 1514 1434 1549 73.
1458 1515 1501 1550 75.

1054 1559 1180 1587 Mallius
1200 1561 1380 1595 Maxumus,
1407 1562 1513 1589 consul
1537 1564 1579 1598 75.

1056 983 1158 1010 Locus
1186 982 1362 1010 consularis
1398 987 1428 1010 et
1460 984 1479 1011 l.
1501 987 1697 1021 praetorius,

1054 1607 1220 1644 ,llam-spes
1255 1610 1307 1647 qui
1335 1610 1397 1637 sint
1428 1620 1488 1647 172.

1126 1655 1249 1683 confusi
1270 1657 1345 1685 ibid.

1053 1702 1211 1730 Marianae
1232 1704 1451 1742 inscriptiones
1472 1705 1582 1733 XCIII
1606 1716 1670 1744 sqq.

1532 1614 1689 1648 mancipes
1723 1616 1753 1639 et
1780 1614 1949 1649 municipes

1052 1750 1185 1786 Marius,
1214 1751 1264 1788 C.‚
1293 1752 1430 1780 deiectus
1457 1753 1614 1780 aedilitate
1642 1753 1743 1781 curuli
1773 1759 1803 1782 et
1828 1754 1949 1792 plebeia

1129 1799 1182 1827 1514
1201 1809 1244 1837 sq.
1272 1800 1319 1827 bis
1340 1800 1545 1838 triumphauit
1571 1801 1629 1828 1433.
1656 1801 1805 1839 templum
1825 1802 1948 1830 IIonori

1126 1850 1157 1874 et
1172 1846 1291 1875 Uirtuti
1307 1848 1500 1876 consecrauit
1518 1848 1594 1876 XCI
1610 1858 1653 1885 sq.
1683 1848 1719 1875 de
1737 1849 1802 1877 eius
1819 1850 1889 1887 fuga
1903 1860 1949 1888 97.

1125 1895 1270 1932 frequens
1285 1900 1315 1923 et
1331 1895 1504 1923 honorifica
1518 1895 1583 1922 eius
1604 1900 1677 1933 aput
1688 1896 1752 1924 Cic.
1772 1898 1887 1925 mentio
1904 1908 1948 1935 97.

1051 1942 1244 1970 Mausoleum
1263 1943 1397 1980 Augusti
1418 1943 1521 1972 XCV.

1051 1990 1161 2018 Melita
1181 1995 1326 2028 quantum
1348 1990 1439 2019 distet
1461 1991 1496 2018 ab
1518 1990 1606 2018 Italia
1628 1992 1692 2029 259.

1053 2038 1236 2066 Jl'eminis-se
1257 2043 1288 2066 et
1307 2040 1466 2066 recordari·
1489 2042 1549 2067 181.

1053 2085 1258 2112 [Mendacium
1278 2087 1311 2113 in
1332 2087 1493 2113 maledicto
1513 2088 1693 2123 inpunitum
1717 2088 1777 2116 105.

1052 2133 1198 2160 Metellus
1220 2132 1360 2161 Creticus
1380 2142 1425 2170 99.
1446 2133 1630 2162 Numidicus
1651 2135 1714 2163 225.
1735 2135 1790 2164 226
1809 2144 1852 2172 sq.

1051 2181 1178 2208 ,Ualero
1199 2182 1233 2207 in
1253 2191 1361 2217 operas
1385 2182 1444 2218 159.

1051 2227 1209 2255 Jllodestia
1229 2229 1425 2256 inimieorum
1448 2229 1508 2257 184.

1051 2276 1163 2303 J'lsIoliri
1182 2278 1214 2303 in
1236 2287 1268 2303 re
1283 2286 1315 2312 J).
1335 2274 1380 2312 (in
1400 2285 1463 2303 reni
1484 2274 1528 2313 p.)
1552 2276 1611 2304 114.

1051 2325 1213 2352 Mento-slis
1234 2328 1265 2351 et
1285 2329 1461 2351 montuosus
1481 2333 1517 2361 9ο
1536 2334 1578 2362 sq.

1051 2371 1290 2398 ,Uonunzenlum
1310 2371 1373 2398 234.
1401 2378 1598 2400 monumenta
1624 2372 1659 2400 cle
1679 2374 1758 2400 airis
1777 2381 1834 2410 pro
1856 2372 1944 2400 libris

1125 2429 1161 2445 an
1190 2418 1250 2446 dici
1277 2419 1377 2457 possit
1403 2420 1464 2448 234.
1500 2427 1695 2448 monumenta
1723 2425 1752 2448 et
1779 2422 1902 2448 litterae
1928 2431 1944 2447 a

1475 2469 1533 2498 44*
