2264 2746
838 112 875 141 L.
903 113 940 141 II.
987 113 1020 141 C.
1045 113 1067 141 I.
1113 110 1138 152 §.
1161 122 1201 142 io.
1225 121 1266 141 11.
1883 117 1980 146 XLV

105 186 201 215 unrici
222 186 428 214 omitteretur.
480 187 584 225 Itaque
605 187 655 215 hic
677 187 761 216 loeus
783 187 874 216 simul
896 199 930 216 ea
951 188 1126 223 confirmat,
1165 198 1242 226 quae
1270 198 1361 226 supra
1389 188 1425 216 de
1446 189 1470 217 B
1492 194 1522 217 et
1543 190 1568 217 E
1591 190 1710 228 origine
1738 195 1768 219 et
1797 193 1980 228 cognatione

104 234 312 272 exposuimus.
352 234 495 272 Denique
517 235 596 272 quod
618 236 641 262 B
663 235 775 264 honore
798 236 930 271 omittit⁷
958 236 1170 274 inpedimento
1193 236 1283 264 etiam
1306 241 1389 274 patet
1411 247 1491 272 esse,
1513 238 1693 276 quominus,
1723 238 1756 266 id
1777 239 1859 276 quod
1878 241 1981 278 suspi-

106 282 165 310 cati
186 282 308 320 qnidam
329 287 416 318 sunt,
444 293 554 310 nomen
576 285 769 320 municipum
790 294 846 321 pro
876 283 1132 322 interpretatione
1160 284 1244 312 noeis
1272 284 1429 313 homimem
1458 285 1614 314 habeatnr.
1655 287 1733 315 {Nam
1763 287 1787 314 si
1816 287 1845 314 in
1874 288 1981 315 codiee

105 330 248 368 principe
265 331 423 358 homiuum
438 341 562 358 suorum
583 332 732 369 seriptum
748 337 778 358 et.
794 341 886 368 super
903 331 1059 360 homiuum
1082 332 1214 371 positum
1231 333 1423 368 municipum
1448 333 1563 368 suisset,
1585 345 1646 362 non
1664 335 1766 372 potuit
1781 340 1907 372 recepto
1922 345 1980 363 no-

105 379 188 406 mine
204 380 394 415 munii-lpum
409 384 439 406 et
453 379 612 406 hominum
631 384 661 406 et
677 379 790 406 honore
805 379 956 406 excidere.
980 379 1137 407 Postremo
1158 379 1194 407 ad
1211 379 1393 407 sententiam
1410 390 1504 408 meam
1522 382 1770 419 conprobandam
1786 382 1844 409 hoe
1860 393 1982 420 quoque

106 427 189 462 facit,
210 427 290 465 qnod
307 436 417 453 nomeu
438 426 594 462 lio-spitum
616 427 646 454 111
668 426 802 454 familiae
821 427 928 454 tertiae
943 427 1100 455 codicibus
1121 427 1213 454 alium
1232 427 1333 454 locum
1351 431 1440 463 atque
1461 431 1654 465 munit-istum
1670 430 1701 457 in
1719 431 1742 458 B
1760 436 1790 457 et
1803 431 1824 457 E
1841 435 1980 468 occupat.

180 475 271 502 Alter
291 474 391 509 loeus,
426 473 457 500 in
479 484 538 511 quo
560 474 722 502 diuersitas
744 474 930 511 scripturae,
969 485 1045 512 quae
1067 475 1097 502 in
1119 474 1277 502 codicibus
1299 478 1360 507 est,
1390 473 1525 502 eiusdem
1547 476 1610 503 sere
1632 478 1750 513 generis
1772 483 1817 506 est
1837 484 1927 516 atque
1948 478 1981 506 in

107 532 159 557 eo,
187 532 275 559 quem
296 521 386 549 modo
407 521 552 557 tractaui,
578 522 692 559 legitur
722 522 755 549 C.
776 522 920 550 XXVH.
947 520 974 560 §.
995 522 1056 558 66„
1089 527 1119 549 et
1146 526 1216 549 aute
1239 521 1392 549 Οτι-11111111
1414 521 1446 549 111
1467 523 1607 551 omnibus
1630 524 1818 553 editionibus
1839 527 1882 554 sic
1903 526 1981 554 seri-

106 574 176 607 ptus
197 570 333 597 extabat:

179 618 263 645 ,Yam
287 624 489 655 posteaquam
515 618 613 649 sensi,
640 617 790 653 populum
816 618 990 645 Romanum
1018 628 1108 646 aures
1128 616 1310 652 hebetior-ew,
1338 618 1441 645 oeulos
1463 628 1550 645 aeres
1570 624 1663 656 alque
1683 627 1789 648 acutos
1816 621 1982 650 hahere.-

105 665 226 701 destiti,
247 666 324 704 {julil
343 666 378 692 tle
398 676 443 691 ule
463 665 607 692 (tusliluri
627 671 723 692 essent
744 664 894 699 homiues,
916 666 1060 701 cogitare.

180 713 282 751 Atque
304 718 349 740 cst
369 712 443 740 haec
465 722 535 739 sane
557 711 692 739 onmium
714 712 778 739 sere
800 712 939 739 codicum
961 710 1092 738 familiae
1121 712 1230 739 tertiae
1251 713 1422 751 scriptura,
1451 713 1510 741 nisi
1533 712 1614 751 quod
1635 719 1797 751 quattuor,
1826 717 1894 752 Ma,
1924 716 1980 759 Le,

107 761 154 797 D,
183 766 211 789 ct
233 762 280 796 ll,
309 761 402 788 uerba
423 767 515 798 alque
535 767 642 788 (leutos
663 759 818 787 omittunt,
858 759 967 796 Neque
989 759 1146 796 quisquam
1168 761 1342 788 mutandam
1364 762 1447 788 illam
1469 761 1620 798 uolgatam
1643 762 1842 800 scripturam,
1870 763 1901 791 in
1923 775 1980 801 qua

107 809 186 837 nihil
209 810 348 847 profecto
371 807 546 835 offensionis
568 813 627 842 est,
648 812 786 845 putaret,
808 806 867 833 nisi
889 806 1089 834 uehementer
1109 808 1374 845 praestantissumi
1396 809 1486 844 libri,
1508 810 1532 836 B
1554 814 1583 836 et
1604 809 1640 845 E,
1661 810 1697 837 ab
1719 820 1752 838 ea
1773 810 1980 840 dissentirent.

108 857 133 885 Ii
156 857 236 884 enim
258 867 314 894 pro
335 855 438 883 uerbis
459 857 560 883 oeulos·
584 865 670 883 aeres
698 861 791 891 alque
820 861 926 881 acutos
947 854 1060 882 Imber-e
1080 855 1219 883 scribunt
1241 857 1344 884 oeulos
1370 863 1475 884 aulem
1495 867 1556 884 estse
1579 859 1662 885 acris
1685 864 1777 895 atque
1798 865 1922 891 siculos,-
1951 864 1982 886 et

111 904 272 933 Bauarieus
301 903 422 941 quidem
450 914 507 941 pro
529 903 677 940 populum
699 903 871 929 Romanum
899 901 991 929 habet
1012 904 1129 939 populo
1150 904 1307 938 Romano,
1336 904 1529 932 Ersurtcusis
1551 905 1725 943 conpendio
1748 916 1783 942 st·
1810 906 1846 932 R.
1875 906 1980 934 utitur.

110 952 248 979 Orellius
270 956 392 978 auetorc
415 950 600 983 (ΖΜ-11101110,
622 948 708 976 cuius
730 949 766 976 ad
788 949 869 976 hune
890 950 991 977 locum
1014 950 1243 979 adnotationem
1266 953 1296 980 in
1319 953 1412 980 imum
1434 952 1600 990 marginem
1620 952 1716 980 reieci
1733 951 1774 990 *),
1803 953 1868 980 sine
1890 954 1981 981 dubi—

110 1000 226 1028 tatione
248 999 345 1026 locum
368 998 448 1025 hunc
470 998 510 1025 ita
531 996 752 1032 conformanit,
774 997 1027 1034 quemadmodum
1050 998 1079 1025 in
1102 999 1126 1025 Β
1149 1004 1179 1026 et
1200 999 1225 1026 E
1247 1000 1382 1038 scriptus
1405 1001 1527 1038 legitur.
1568 1001 1672 1038 Atque
1693 1000 1768 1038 ipse,
1789 1001 1814 1027 si
1835 1001 1982 1029 alterutra

109 1047 257 1085 scriptura
285 1045 404 1072 admitti
434 1044 603 1080 debuisset,
634 1054 698 1072 eam
720 1044 866 1072 continuo
895 1045 1108 1083 recipiundam
1137 1047 1309 1083 duxissem,
1337 1059 1411 1087 quae
1434 1049 1464 1076 in
1485 1050 1509 1076 B
1531 1054 1561 1076 et
1582 1049 1607 1076 E
1635 1054 1698 1083 est,
1727 1058 1857 1086 quorum
1884 1048 1981 1075 multo

108 1095 250 1123 maiorem
278 1103 364 1130 quan]
393 1093 584 1130 reliquormn
612 1093 751 1120 codicum
787 1093 1001 1121 auctoritatem
1035 1100 1155 1122 constet
1183 1106 1256 1123 esse.
1297 1096 1415 1125 Uerum
1443 1108 1510 1125 cum
1539 1097 1593 1124 uix
1620 1097 1760 1134 intellegi
1787 1096 1900 1134 possit,
1929 1096 1982 1134 qui

107 1143 217 1172 factum
239 1141 294 1175 sit,
315 1145 363 1174 ut,
392 1140 416 1168 si
439 1140 469 1168 in
492 1141 597 1168 codice
617 1141 760 1179 principe
781 1141 947 1178 scriptura,
983 1152 1069 1179 quam
1096 1143 1120 1170 Β
1148 1148 1177 1170 et
1198 1143 1223 1170 E
1245 1145 1409 1182 praebent,
1440 1145 1608 1180 extitisset,
1639 1155 1673 1172 ea
1700 1144 1730 1171 in
1760 1154 1828 1172 eum
1849 1145 1982 1180 modum,

107 1202 166 1229 quo
188 1188 319 1217 familiae
340 1188 448 1215 tertiae
470 1188 590 1216 codices
612 1189 767 1223 scribunt,
789 1193 975 1223 mutaretur,
998 1189 1056 1216 nisi
1079 1191 1146 1227 quis
1168 1191 1264 1227 dicat,
1286 1194 1453 1220 uerborum
1474 1200 1575 1220 aulem
1599 1204 1659 1221 esse
1680 1193 1796 1221 litteras
1818 1198 1881 1221 tum
1904 1199 1982 1222 tem-

105 1237 198 1277 poris,
220 1248 279 1274 quo
301 1235 397 1263 codex
417 1236 561 1275 princeps
583 1248 599 1265 a
619 1236 848 1275 neglegentiore
869 1236 924 1263 illo
947 1236 1075 1265 librario
1098 1238 1270 1277 descriptus
1292 1241 1341 1275 sit,
1363 1241 1422 1268 iam
1445 1240 1589 1268 euanidas
1611 1240 1715 1272 fuisse,
1736 1240 1866 1278 ideoque
1888 1241 1923 1268 ab
1945 1251 1980 1269 eo

106 1284 302 1322 integrandae
324 1283 472 1311 orationis
493 1295 596 1313 caussa
626 1285 737 1313 habere
766 1294 830 1311 esse
851 1284 1003 1312 additum:
1039 1286 1128 1313 facile
1157 1288 1224 1325 quis
1252 1288 1284 1316 in
1312 1299 1375 1316 eam
1407 1288 1587 1326 opinionem
1614 1288 1745 1323 incidat,
1779 1294 1813 1315 ut
1841 1294 1981 1317 neutram

105 1332 288 1370 scripturam
308 1332 470 1369 genuinam
490 1337 595 1371 putet,
617 1337 646 1360 et
667 1332 698 1359 111
720 1332 825 1360 codiee
846 1332 989 1370 principe
1010 1332 1051 1360 ita
1072 1333 1174 1362 locum
1196 1335 1277 1364 hunc
1298 1337 1447 1375 seriptum
1468 1336 1562 1364 fuisse
1584 1336 1733 1364 eonieiat:
1754 1336 1839 1363 ivam
1857 1343 1981 1373 paslm-

107 1391 200 1419 quatu,
225 1381 307 1408 sensi
329 1382 439 1417 populi
458 1382 593 1409 Romani
621 1383 708 1408 auris
728 1381 912 1413 hebetiores,
942 1381 1045 1407 oeulos
1065 1383 1148 1409 acris
1169 1389 1262 1421 alque
1282 1391 1398 1412 oeulos.
1438 1384 1535 1420 Quam
1557 1384 1741 1422 scripturam
1762 1385 1878 1412 errabit
1898 1390 1980 1413 certe

108 1427 159 1466 qui
181 1432 343 1465 propterea
364 1428 583 1466 inprobandam
607 1429 697 1463 dieat,
718 1428 799 1466 quod
820 1430 932 1455 sentire
953 1430 1040 1456 auris
1061 1430 1198 1458 alieuius
1218 1430 1384 1460 heheliores
1404 1432 1521 1459 locutio
1543 1431 1582 1459 sit
1599 1432 1723 1459 Latinis
1743 1443 1806 1460 11011
1827 1438 1980 1461 consueta.

108 1475 279 1503 Simillmne
299 1475 420 1503 loeutus
441 1482 486 1503 est
503 1477 627 1504 Tullius
649 1476 681 1503 in
702 1476 749 1503 his
771 1476 864 1503 locis:
885 1474 1023 1514 Philipp,
1045 1476 1084 1511 ΙΙ,
1105 1478 1131 1511 4,
1152 1488 1176 1515 9.
1193 1485 1397 1517 posleaquam
1418 1491 1471 1507 uos
1492 1480 1535 1507 acl
1552 1479 1725 1508 libertatem
1744 1483 1839 1508 sensit
1859 1488 1980 1515 erectos,

102 1523 265 1560 praesidia
291 1530 413 1552 uestrae
440 1525 579 1553 libet-lali
599 1525 743 1561 pat-attii.
784 1524 862 1551 Ibid.
884 1523 981 1558 XIII,
1013 1534 1061 1559 11,
1087 1525 1131 1553 24.
1154 1537 1291 1563 puerum
1310 1529 1466 1564 appellat,
1494 1538 1582 1565 quem
1602 1538 1660 1555 71011
1683 1529 1769 1556 uzoaelo
1789 1531 1909 1563 uirum,
1936 1535 1978 1556 sel

107 1571 200 1597 etiam
212 1570 432 1607 sorti-§sumum
454 1575 557 1601 uirum
576 1573 669 1600 sensit
698 1577 725 1598 et
745 1574 864 1600 sentiet.
905 1571 982 1599 Ibid.
1008 1573 1055 1607 15,
1076 1574 1120 1600 31.
1147 1576 1179 1601 iu
1207 1584 1336 1611 emaque
1363 1576 1462 1603 locum
1490 1576 1670 1608 deduxeris,
1704 1587 1740 1603 ex
1758 1587 1817 1614 quo
1837 1579 1898 1613 ipsi
1916 1579 1980 1604 iam

107 1619 249 1646 sentiunt
269 1628 299 1645 se
319 1630 486 1657 numquam
508 1622 651 1648 exiluros.
678 1619 709 1646 in
731 1618 792 1646 Pis.
814 1618 984 1654 XXXVI,
1005 1622 1049 1656 87.
1079 1627 1202 1648 tantum
1229 1621 1331 1648 lovum
1359 1624 1491 1661 aliquem
1521 1634 1590 1650 eum
1618 1623 1696 1651 milti
1715 1630 1821 1650 nolum
1841 1627 1979 1654 senseris.

107 1666 216 1695 Horat.
237 1665 337 1703 Epist.
366 1667 412 1702 ΙΙ,
434 1678 466 1702 2,
490 1668 548 1695 162.
576 1668 690 1695 uilicus
710 1683 747 1688 -—-
767 1674 796 1694 te
825 1667 983 1695 (lominum
1008 1671 1113 1698 senlil.
1154 1669 1221 1696 Nec
1245 1669 1384 1698 absimile
1407 1671 1528 1698 Sallust.
1558 1671 1623 1699 Cat.
1645 1671 1705 1706 LI,
1730 1681 1770 1706 17.
1798 1682 1845 1698 eos
1872 1682 1978 1706 mores,

106 1724 174 1741 eam
193 1715 372 1742 modestiam
392 1717 456 1742 uiri
475 1717 612 1752 cognomi.
653 1714 758 1752 Itaque
780 1714 909 1742 uerbum
930 1726 991 1744 esse
1017 1722 1102 1745 reete
1130 1722 1212 1745 certe
1234 1718 1336 1745 omitti
1358 1729 1373 1745 a
1395 1718 1546 1746 Cicerone
1566 1719 1685 1756 potuit,
1718 1728 1817 1755 neque
1837 1729 1978 1748 neeessa-

105 1761 152 1790 ria
172 1768 275 1789 aulem
295 1762 493 1799 particulast,
522 1773 610 1800 quam
630 1773 719 1800 saepe
741 1762 772 1789 111
793 1762 947 1791 similibus
973 1764 1121 1803 loquendi
1149 1766 1314 1804 generibus
1342 1776 1405 1794 non
1432 1766 1503 1794 addi
1522 1772 1656 1802 constat,
1690 1767 1726 1795 ab
1754 1767 1976 1805 interpretibus

105 1814 205 1837 autem
225 1809 406 1848 plerumque
428 1810 571 1838 infersam
591 1810 711 1837 scimus.

988 1882 1015 1923 §.
1046 1891 1090 1916 11.

180 1944 277 1972 Porro
299 1954 374 1981 quae
394 1944 489 1971 uerba
508 1943 600 1971 alium
622 1943 653 1971 iu
674 1944 698 1971 B
720 1954 806 1982 qnam
828 1945 860 1973 in
878 1946 920 1981 E,
941 1946 1096 1985 aliumque
1116 1958 1222 1976 rursus
1243 1948 1275 1976 iu
1296 1948 1429 1977 familiae
1451 1948 1559 1976 tertiae
1581 1947 1738 1976 codicibus
1758 1947 1860 1976 locum
1882 1959 1976 1978 oceu-

107 1996 194 2029 pant,
215 2001 249 2018 ea
268 1991 520 2030 interpolationis
542 1992 666 2019 nomine
687 2002 827 2020 maxume
848 1994 958 2021 debere
979 2001 1119 2033 suspecta
1140 2006 1221 2032 csse,
1243 2007 1281 2025 ex
1302 1997 1340 2024 iis
1354 2019 1361 2032 ‚
1383 2007 1457 2034 quae
1479 1997 1515 2023 de
1537 1995 1675 2024 codicum
1697 1995 1816 2033 origine
1838 1997 1976 2035 disputa—

107 2039 222 2075 nimus,
243 2040 417 2068 necessario
438 2039 585 2079 seqnitur.
626 2040 688 2068 Iam
709 2051 777 2069 eum
798 2040 830 2069 in
851 2042 992 2071 omnibus
1012 2043 1104 2080 locis,
1137 2045 1191 2073 ubi
1213 2045 1254 2073 ita
1275 2045 1357 2073 inter
1383 2055 1415 2072 sc
1443 2044 1563 2073 codices
1585 2043 1776 2083 discrepant,
1798 2046 1892 2074 uerba
1912 2046 1975 2081 illa,

176 2170 197 2202 ⁸)
216 2171 365 2200 „Graeuius
385 2181 417 2198 ex
435 2171 587 2198 Ersurtense
606 2173 704 2198 adiecit
722 2178 828 2205 aulem,
854 2174 924 2207 qnod
944 2174 1034 2200 deerat
1061 2176 1085 2202 in
1105 2177 1162 2202 aliis
1182 2177 1316 2206 omuibns3
1348 2181 1456 2202 testatus
1477 2181 1515 2202 est
1532 2175 1623 2209 simul,
1654 2177 1679 2202 in
1699 2177 1793 2202 eodem
1812 2182 1902 2202 autem
1921 2187 1976 2203 esse

109 2214 246 2239 conscribi.
270 2214 326 2248 Ego
345 2221 425 2241 totam
446 2217 545 2250 optumi
563 2218 623 2242 libri
640 2218 780 2244 lectionem
799 2219 876 2243 facile
896 2219 1030 2249 intellexi3
1049 2227 1135 2247 tamen
1155 2231 1199 2246 eur
1218 2222 1263 2246 ille
1283 2222 1478 2255 contempserit,
1497 2223 1616 2254 ignorans
1634 2221 1813 2253 subdubitant,
1835 2223 1976 2248 admitten-

110 2257 220 2291 damque
238 2268 291 2284 nou
311 2261 409 2288 censui.
446 2262 587 2287 Confirmat
605 2272 672 2288 nuuc
692 2272 732 2287 me
752 2263 907 2293 Bauax-icus,
926 2264 950 2289 in
971 2274 1022 2297 quo
1041 2265 1076 2290 ita
1097 2266 1175 2300 plane
1194 2265 1305 2298 Isgiiur,
1325 2270 1352 2289 ut
1370 2275 1419 2298 ego
1440 2265 1613 2297 conieceram,
1632 2270 1709 2298 atque
1730 2272 1758 2291 ut
1776 2268 1880 2293 taudem
1898 2269 1977 2292 resti-

110 2307 182 2326 tuere
201 2308 257 2328 tuto
275 2314 420 2338 possumus.
455 2307 526 2331 Nam
540 2312 717 2341 posteaquam
736 2309 821 2339 sensi,
849 2308 949 2342 populo
967 2310 1090 2335 Romano
1115 2311 1189 2335 auri-x
1208 2310 1368 2342 hebetiores,
1395 2309 1484 2335 oculos
1503 2316 1593 2335 aulem
1613 2319 1668 2336 esse
1686 2312 1757 2336 acris
1775 2316 1856 2345 atque
1874 2318 1975 2344 acutos,

110 2347 202 2372 destiti
220 2353 280 2373 etc..
316 2348 429 2382 Sei-iptio
449 2350 527 2383 ipsust
546 2357 681 2383 accurata,
708 2353 782 2377 auris
802 2357 827 2378 et
846 2354 930 2385 orris,
957 2363 989 2379 ex
1008 2354 1131 2387 genitinis
1150 2354 1255 2379 aurium
1276 2361 1301 2380 et
1322 2353 1439 2386 acrium,
1465 2361 1504 2380 set
1523 2355 1670 2380 hebetiores
1689 2365 1721 2381 ex
1740 2356 1918 2385 hebetiorum,
1948 2362 1974 2381 ut

111 2392 277 2417 Grammatici
297 2393 467 2426 praecipiunt.
503 2395 629 2420 Notarum
648 2398 681 2421 1².
700 2398 735 2422 R.
763 2398 904 2431 explicatio
931 2399 1086 2425 uarietatem
1114 2399 1180 2425 haue
1205 2399 1318 2434 peperit.
1353 2399 1446 2433 Aeque
1473 2405 1543 2425 recta
1569 2400 1719 2433 uolgatast,
1743 2406 1783 2425 set
1808 2407 1974 2435 optumorum

110 2437 230 2461 codicum
249 2442 310 2470 aput.
328 2447 367 2463 me
385 2439 466 2464 uincit
485 2441 653 2468 auctoritas.“
685 2442 932 2468 GARAJ-‘JMUS
948 2443 981 2469 11.
