2264 2746
270 77 306 104 64
925 61 1489 93 COMMENTARIUS.

355 145 533 177 Praeterea
555 141 641 172 mira
663 141 704 172 ad
727 141 818 171 hunc
839 139 952 170 locum
974 138 1112 170 Ernesti
1133 136 1358 177 adnotatiost,
1384 137 1577 171 scribentis:
1621 138 1799 178 „Uerbum
1823 139 1861 170 id
1883 138 2065 172 delendum
2089 146 2149 179 est,

273 198 351 242 quia
372 197 526 239 sequitur
547 196 678 227 (licere.-
714 205 790 224 cum
813 198 890 235 post
913 193 951 224 id
972 191 1091 222 debeat
1113 202 1184 222 esse
1217 191 1308 234 quod
1330 196 1449 222 contra
1471 192 1573 223 illum
1594 191 1777 224 dicendum
1797 198 1862 230 est,
1907 198 1945 223 ut
1967 204 2048 224 mox
2069 199 2148 236 post

272 254 364 286 illut.
408 251 574 282 Putauere
601 246 731 277 librarii
753 245 948 277 addendum
972 256 1060 284 esse,
1093 243 1171 286 quia
1194 243 1348 285 sequitur
1376 243 1468 276 illut.
1513 244 1603 286 Quia
1625 244 1718 276 abest
1741 245 1781 275 ab
1808 244 2012 276 editionibus
2034 245 2150 277 multis

271 311 349 337 ante,
372 305 577 337 Gruterum,
605 299 754 338 Uictor.,
778 298 815 329 P.
839 298 973 330 Manuti
996 304 1057 328 etc.
1083 296 1240 328 deleui.“
1284 297 1340 328 Ex
1363 295 1444 328 locis
1468 296 1673 336 innumeris,
1697 297 1733 328 in
1758 297 1877 339 quibus
1902 308 2092 340 pronomen
2115 299 2154 330 id

272 358 329 389 uel
351 358 432 390 illut
455 353 572 384 eodem
596 352 698 383 modo
723 363 790 394 quo
813 351 869 383 hic
893 362 969 381 cum
995 350 1165 381 infinitiuo
1189 348 1416 391 coniungitur,
1442 361 1549 381 unum
1571 350 1724 392 adposui,
1753 349 1810 391 qui
1834 355 1883 380 est
1905 355 2021 381 nostro
2045 349 2154 382 simil-

272 412 402 448 lumus,
429 408 463 440 iu
488 408 584 435 Uerr.
610 405 659 444 II,
685 416 719 444 2,
744 405 794 447 69.
840 404 916 444 Quo
941 404 1076 447 quidem
1100 404 1136 435 in
1160 403 1305 435 erimine
1327 415 1394 435 non
1417 404 1499 435 illut
1525 404 1636 435 solum
1659 403 1818 445 intellegi
1841 403 1936 441 uolo,
1959 409 1991 435 te
2012 403 2060 435 ad
2080 409 2152 436 sta—

274 471 352 496 tuas
374 479 415 486 -—-
438 459 538 491 milia
563 459 730 502 coegisse,
767 462 817 488 set
839 457 948 488 multo
972 457 1077 488 etiam
1100 457 1182 488 illut
1204 457 1339 500 magis,
1378 457 1470 500 quod
1491 457 1597 488 simul
1619 457 1942 494 demonstratnmst,
1985 461 2154 499 quantum

274 517 389 548 odium
415 514 449 544 in
476 517 507 543 te
530 517 729 549 aratorum,
754 515 921 553 quantum
945 509 1096 540 omnium
1123 510 1321 541 Siculorum
1345 511 1392 542 sit
1415 515 1448 542 et
1460 509 1591 554 ficei-it.
1634 509 1834 541 Notandum
1857 515 1991 548 autem,
2024 520 2156 552 prono·-

272 579 350 600 men
377 567 416 597 id
437 575 517 607 prae
541 563 659 594 ceteris
683 562 796 594 uerbis
820 573 902 593 sono
927 561 1205 603 distinguendum
1230 574 1311 594 esse.

359 619 487 650 Contra
510 617 610 648 illum
633 615 758 659 dicere)
803 616 930 646 Contra
954 615 1202 656 Goerenzium,
1228 616 1286 658 qui
1312 617 1394 648 haec
1417 615 1520 647 uerba
1542 613 1796 656 interpolatoris
1818 621 1916 657 putat
1939 627 2026 655 esse,
2062 615 2158 647 suffi-

273 672 317 704 cit
338 672 402 703 hoc
424 682 532 701 unum
553 669 740 710 monuisse,
773 668 998 711 interpretem
1026 678 1096 698 non
1119 676 1241 703 contra
1263 670 1383 708 illum,
1413 674 1464 700 set
1486 674 1608 700 contra
1629 668 1853 700 Laterensem
1875 668 1988 700 dicere
2009 668 2159 712 scriptu-

271 737 349 758 rum
369 723 482 756 fuisse.

358 778 388 819 §.
413 777 443 808 6.
489 775 567 807 Hoc
590 786 657 806 uno
679 786 838 805 maxume
863 773 979 816 urget)
1023 774 1201 806 Plancium
1225 775 1363 806 seilicet.
1412 773 1574 807 Usitatius
1599 772 1689 804 foret
1709 785 1837 812 unum,
1860 778 1911 804 set
1932 772 2011 804 illut
2035 774 2159 817 exqui-

272 829 379 862 sitius.
414 829 640 860 Essemus.
685 828 767 858 Non
797 826 876 857 licet
902 827 1091 859 Plancium
1119 827 1390 870 subintellcgere.
1434 828 1515 859 Non
1548 826 1639 857 enim
1664 836 1707 856 ex
1731 825 1809 865 illo,
1847 831 1898 857 set
1926 836 1969 857 ex
1994 826 2160 860 Cicerone

274 880 440 923 quaesiuit
469 880 678 919 Laterensis,
720 891 785 922 qua
809 879 940 910 ratione
971 892 989 910 a
1012 880 1148 911 Plancio
1181 881 1334 923 superari
1357 880 1534 923 potuisset,
1569 877 1659 921 quod
1695 883 1784 921 patet
1809 889 1851 909 ex
1874 878 2160 922 antecedentibus,

274 935 443 966 contentio
467 934 607 965 uidetur
621 932 811 975 facienda,
834 938 868 963 et
891 943 909 962 e
930 933 1163 973 sequentibus,
1192 934 1230 964 id
1252 935 1343 977 quod
1362 934 1421 965 ille
1443 945 1496 965 me
1511 933 1674 978 flagitat.
1719 931 1844 963 Melius
1867 931 2049 964 coniecerit
2073 933 2159 975 quis,

273 999 432 1018 maxume
454 998 505 1016 me
528 991 631 1027 urget
654 986 817 1028 scriptum
841 985 954 1016 suisse.
1002 986 1060 1015 Set
1089 996 1150 1015 nec
1180 986 1244 1016 hoc
1272 998 1356 1029 opus
1385 992 1446 1018 est.
1490 985 1598 1018 Uei-bi
1621 985 1773 1028 urgendi
1794 984 1911 1015 eadem
1932 990 2103 1016 structura
2124 991 2159 1016 et

274 1039 402 1074 alibist,
428 1044 460 1069 et
482 1037 516 1067 in
542 1039 637 1068 Orat.
662 1039 746 1077 XL,
776 1039 844 1079 157.
869 1044 908 1069 ut
932 1039 1180 1081 interrogando
1205 1045 1341 1082 urgeat.

358 1090 441 1122 Non
466 1091 575 1121 solum
599 1092 702 1122 liuius
727 1091 914 1133 dignitatis
941 1091 1076 1121 iac-turn
1094 1089 1318 1132 faci'enclast,
1342 1098 1393 1124 set
1416 1093 1521 1124 etiam
1544 1091 1747 1134 largitionis
1770 1091 1966 1134 recipienda
1993 1091 2158 1133 suspicio)

273 1144 355 1175 Non
377 1149 506 1173 temere
532 1143 681 1184 genitiuo
716 1144 837 1180 liuius,
860 1143 882 1173 i.
907 1153 934 1172 e.
962 1142 1092 1181 Planci,
1119 1144 1239 1175 offensi
1262 1152 1341 1177 sunt
1364 1147 1390 1177 I.
1414 1146 1471 1176 Fr.
1497 1143 1712 1182 Gronouius‚
1737 1144 1930 1182 Ernestius‚
1957 1149 1990 1174 et
2014 1144 2162 1175 Garato-

273 1195 359 1234 nius,
384 1195 441 1236 qui
465 1195 615 1226 datiuom
639 1196 720 1227 huic
743 1196 778 1226 in
803 1195 874 1226 eius
896 1196 1009 1226 locum
1034 1195 1271 1228 sufficiendum
1293 1204 1469 1240 putarunt.
1514 1196 1653 1229 Etenim
1677 1197 1847 1228 iacturam
1863 1196 1987 1239 facere
2009 1196 2160 1228 alicuius

274 1248 325 1279 rei
346 1246 510 1288 siguificat
533 1248 665 1279 abicere
688 1248 743 1278 uel
766 1249 926 1280 amittere
949 1249 1095 1291 aliquid.
1142 1249 1260 1280 Cicero
1291 1250 1396 1292 igitur
1425 1262 1500 1281 cum
1534 1249 1631 1289 dicit,
1674 1250 1778 1281 huius
1808 1250 1995 1292 dignitatis
2023 1251 2162 1282 iactura

264 1299 480 1343 faciendas-t,
504 1300 617 1330 Planci
640 1301 703 1332 sibi
728 1300 925 1342 dignitatem
950 1301 1171 1332 amittendam
1196 1312 1265 1332 esse
1291 1302 1428 1333 indicat.
1472 1303 1583 1344 Atqui
1605 1302 1669 1333 hoc
1692 1302 1809 1343 utique
1833 1307 1998 1332 necessest
2019 1313 2089 1333 non
2104 1314 2162 1333 re-

273 1358 324 1383 cte
348 1352 475 1383 ‹lictuin
499 1353 672 1391 uideatur,
704 1364 779 1384 cum
804 1365 904 1384 nemo
929 1354 1128 1395 dignitatem
1152 1354 1236 1385 alius
1261 1354 1328 1386 dici
1350 1355 1458 1398 possit
1480 1355 1646 1386 amittere.
1692 1353 1786 1385 Idem
1811 1354 1901 1384 ualet
1924 1354 1965 1384 de
1988 1356 2162 1397 sequenti-

273 1406 352 1444 bus,
381 1410 431 1436 set
456 1407 560 1438 etiam
584 1407 786 1450 largitionis
811 1407 1009 1449 recipienda
1035 1408 1205 1450 suspicio,
1241 1419 1387 1449 quorum
1411 1420 1480 1439 non
1504 1407 1616 1439 minus
1639 1406 1875 1438 incommodus
1898 1417 2014 1438 sensus
2037 1413 2105 1448 est,
2134 1408 2163 1440 si

274 1458 410 1501 supples
436 1458 601 1492 Ciceroni.
646 1461 735 1491 Nam
760 1459 910 1502 recipere
932 1460 1161 1502 suspicionem
1183 1462 1335 1493 alicuius
1349 1460 1448 1505 facti
1477 1460 1524 1492 sic
1546 1466 1678 1492 tantum
1703 1459 1769 1491 dici
1791 1465 1920 1501 potest,
1956 1466 1995 1490 ut
2019 1460 2063 1499 is,
2103 1462 2161 1503 qui

274 1512 426 1554 recipere
450 1511 597 1551 dicatur,
623 1512 724 1543 etiam
747 1511 842 1552 facti,
868 1511 909 1543 de
933 1524 1000 1554 quo
1027 1513 1220 1555 suspiciost,
1245 1520 1363 1545 auctor
1386 1514 1439 1553 sit,
1463 1525 1533 1544 non
1555 1513 1612 1552 ita,
1636 1519 1674 1544 ut
1696 1512 1739 1552 is,
1765 1513 1822 1554 qui
1845 1513 1997 1555 recipere
2021 1513 2162 1555 dicatur,

275 1565 360 1597 alius
383 1564 425 1596 sit
453 1571 553 1606 atque
577 1565 652 1603 itte,
693 1565 749 1607 qui
773 1564 915 1605 sactum,
953 1565 994 1596 de
1019 1578 1084 1607 quo
1114 1567 1311 1609 suspiciost,
1349 1566 1611 1610 perpetrauerit.
1656 1566 1891 1598 Nihilominus
1918 1566 2018 1597 unice
2044 1578 2162 1599 ueram

277 1618 445 1660 uolgatam
468 1624 551 1660 puto
574 1618 776 1661 scripturam
800 1630 887 1656 esse,
914 1630 998 1660 quae
1021 1619 1068 1649 sic
1091 1620 1308 1661 explicanda,
1334 1627 1370 1652 ut
1395 1621 1595 1652 Ciceronem
1618 1625 1813 1658 statuamus,
1839 1630 1923 1660 quae
1946 1618 2082 1651 Plancio
2105 1631 2162 1651 ac-

279 1672 443 1710 ciderent,
482 1671 523 1701 ad
548 1683 582 1702 se
606 1683 740 1713 quoque
764 1671 936 1714 pertinere
959 1672 1178 1714 significasse,
1211 1674 1419 1716 omninoque
1443 1673 1489 1704 ita
1512 1673 1663 1704 locutum
1687 1683 1773 1709 esse,
1803 1683 1839 1702 ac
1864 1671 1892 1702 si
1918 1671 1989 1714 ipse
2015 1678 2048 1703 et
2068 1684 2158 1713 reus,

280 1725 371 1756 cuius
402 1735 549 1755 caussam
579 1725 712 1766 agebat,
753 1736 819 1755 una
851 1724 1036 1766 eademqne
1067 1736 1211 1767 persona
1234 1733 1353 1758 essent.
1399 1727 1491 1758 Facit
1516 1727 1580 1758 hoc
1604 1737 1680 1756 cum
1703 1725 1803 1764 alibi,
1843 1731 1916 1756 tum
1941 1736 2101 1756 maxume
2123 1726 2160 1758 in

281 1784 364 1808 orat.
387 1789 450 1820 pro
475 1778 508 1808 S.
534 1778 632 1808 Ros-c.
657 1778 737 1809 Am.
762 1778 843 1815 LII,
871 1779 940 1809 150.
994 1779 1122 1810 Uerum
1145 1781 1177 1811 si
1199 1793 1220 1812 a
1243 1780 1482 1824 Chrysogono,
1509 1780 1659 1818 iudices,
1688 1791 1755 1810 non
1779 1780 2010 1822 inpetramus,
2039 1784 2079 1810 ut
2099 1791 2161 1822 pe-

281 1831 383 1861 cunia
405 1836 559 1862 nostra
582 1836 759 1862 contentus
783 1832 847 1869 sit,
872 1833 983 1864 uitam
1006 1845 1047 1864 ne
1066 1839 1184 1876 [ηπῶς
1208 1834 1239 1864 si
1261 1834 1321 1865 ille
1343 1834 1473 1865 adduci
1495 1845 1562 1864 non
1580 1838 1712 1876 potest,
1739 1838 1779 1863 ut
1801 1844 1877 1863 eum
1899 1832 2067 1862 ademerit
2088 1844 2162 1864 no-

282 1882 346 1914 bis
371 1884 502 1921 omnia,
527 1896 614 1926 quae
636 1890 789 1915 nostra
812 1891 911 1916 erant
930 1887 1097 1929 propria,
1127 1899 1169 1918 ne
1192 1887 1301 1918 lucem
1326 1898 1458 1930 quoque
1479 1886 1588 1924 lianc,
1619 1898 1706 1929 quae
1729 1885 1905 1916 conmunis
1928 1890 1996 1922 est,
2029 1885 2162 1928 eripere

283 1935 419 1977 cupiat,·
449 1936 479 1965 si
501 1948 567 1968 non
590 1938 676 1968 satis
700 1937 800 1969 habet
826 1940 1019 1970 alcaritiam
1042 1952 1141 1971 suam¹
1162 1940 1311 1982 pecunia
1334 1940 1487 1983 explere,
1526 1939 1596 1970 nisi
1619 1939 1723 1970 etiam
1747 1938 1952 1969 crmlelitate
1975 1938 2160 1979 sanguinis

277 1988 428 2030 perlitus
452 1989 518 2018 sit.-
550 2002 657 2020 unum
677 1989 883 2033 perfugium
893 2017 903 2030 ³
932 1993 1080 2030 iudices,
1115 2005 1185 2024 una
1208 2005 1283 2035 spes
1307 1993 1477 2035 reliquast
1500 1992 1575 2023 Sex.
1598 1991 1741 2028 Boseth,
1773 1991 1886 2021 eadem
1912 2002 1999 2032 quae
2022 1991 2073 2021 rei
2088 2003 2162 2034 pu·-

284 2039 402 2077 bliccie,
424 2046 540 2072 nostra
554 2043 707 2084 pristina
724 2043 858 2076 bonitas
872 2051 903 2077 et
918 2046 1169 2081 misericordam
1187 2058 1273 2088 qliae
1288 2046 1319 2076 si
1333 2050 1460 2082 manet,
1475 2057 1520 2076 sa
1530 2045 1544 2075 l
1552 2044 1597 2075 ui
1616 2044 1720 2075 etiam
1735 2055 1826 2073 nunc
1840 2055 1910 2073 esse
1918 2055 1945 2085 p
1956 2055 1973 2073 o
1983 2056 1997 2073 s
2007 2055 2093 2074 sum
2103 2056 2126 2075 ιι
2135 2057 2162 2076 s.

367 2092 413 2123 Id
435 2095 524 2134 quod
546 2096 605 2126 ille
627 2108 679 2127 me
693 2096 858 2140 flagitat)
904 2098 939 2129 Si
955 2098 1131 2129 emt-iidata
1154 2098 1296 2135 leemosi,
1321 2096 1604 2128 adtendendumst
1627 2095 1768 2126 uerbum
1785 2095 1960 2139 flagitare
1983 2107 2060 2126 cum
2075 2095 2163 2127 duo-

284 2145 346 2176 bus
366 2146 577 2176 acc11ssatiuis
601 2147 634 2177 in
659 2149 767 2179 soluta
792 2150 945 2181 oratione
968 2151 1137 2194 coniungi.
1160 2152 1206 2183 Id
1227 2151 1318 2194 quod
1340 2151 1400 2182 ille
1421 2162 1510 2182 ame
1523 2150 1676 2194 flagitat
1700 2148 1820 2178 melius
1839 2147 2055 2179 scribendum
2075 2148 2164 2180 mihi

285 2197 432 2228 uidetur.
458 2199 627 2230 SSLUFS.
673 2202 750 2231 Nou
775 2214 859 2244 opus
882 2204 1081 2235 mutatione.
1128 2206 1221 2236 Caes.
1245 2205 1282 2235 B.
1309 2204 1352 2235 G.
1376 2204 1408 2242 I,
1443 2205 1490 2235 16·
1537 2202 1668 2234 Cotidie
1690 2200 1816 2232 Caesar
1837 2202 1976 2233 Aeduos
1995 2200 2163 2244 frumen-

288 2256 361 2283 tum
375 2251 558 2295 flagitare.
590 2258 639 2289 et,
665 2253 753 2293 quod
778 2266 845 2286 nou
868 2257 980 2289 minus
1005 2259 1070 2289 huc
1091 2257 1257 2301 pertinet,
1287 2258 1325 2288 B.
1351 2256 1388 2288 C.
1413 2257 1444 2295 I,
1478 2256 1528 2298 87.
1574 2254 1735 2286 Petreius
1757 2259 1861 2297 atque
1882 2254 2058 2297 Afranius
2083 2267 2160 2286 cum

287 2304 497 2346 stipendium
519 2304 559 2335 ab
583 2305 774 2347 legionibus
794 2321 903 2351 paene
925 2311 1092 2343 seditione
1104 2310 1210 2354 facta
1225 2310 1495 2355 flagitarentur.
1533 2308 1601 2339 Cic.
1626 2318 1688 2350 pro
1713 2306 1802 2337 dom.
1832 2307 1897 2347 Vl,
1925 2307 1973 2339 14.
1997 2308 2058 2340 Me
2069 2307 2158 2352 frio-

287 2362 439 2388 mentum
452 2357 679 2401 flagitabant.

2252 1690 2264 1775 ’'hrt’‘
2252 943 2264 1683 mxugssss—m-„Wm
2260 915 2262 917 .
2260 880 2264 897 ,,

2255 2432 2261 2470 ι--
2256 2279 2264 2405 .».-«..
2244 1962 2264 2269 ..afflatas-.-.mx
2253 1925 2264 1934 Δ.
