2264 2746
809 123 832 152 C
853 123 881 151 A
903 124 943 152 P.
984 122 1111 152 XXIV.
1143 119 1171 160 §.
1198 125 1243 152 58.
1911 126 1965 151 157

85 204 173 230 certo
203 198 342 231 scimus:
386 211 429 231 ex
461 198 592 231 silentio
622 197 712 229 enim
742 198 901 231 Garatoni
932 198 1017 230 nihil
1047 204 1134 229 certo
1165 195 1317 228 concludi
1345 200 1462 238 potest.
1517 192 1625 235 Quid,
1672 193 1758 235 quod
1795 193 1893 225 etiam
1924 195 1964 226 de

85 251 178 283 Orat.
209 252 242 291 I,
274 252 333 292 60,
366 254 457 292 256.,
491 265 556 295 quo
586 252 655 284 solo
686 251 720 282 in
750 251 822 283 loco
854 257 984 294 praeter
1016 251 1104 282 huuc
1137 250 1248 281 locum
1273 248 1419 281 historici
1452 247 1543 278 illius
1567 246 1691 278 mentio
1716 246 1799 277 sttcta
1821 246 1962 286 uidetur,

83 304 228 343 codices,
263 312 423 346 quantum
446 306 530 343 scio,
563 316 631 336 non
653 305 816 347 Longino
839 310 885 335 set
908 305 1032 347 Longo
1065 302 1198 334 habent.
1242 302 1370 344 Scripta
1397 300 1443 331 ibi
1466 300 1548 331 haec
1573 304 1667 330 sunt:
1701 300 1854 342 Reliqua
1881 313 1963 332 uero

84 357 223 388 etiamsi
245 358 438 397 adiuuant,
475 358 658 390 historiam
680 358 755 388 (lico
779 362 811 387 et
828 357 1054 399 prudentiam
1077 356 1166 387 iuris
1184 355 1319 398 publici
1349 360 1381 385 et
1404 353 1627 397 antiquitatis
1650 353 1716 384 iter
1739 358 1771 384 et
1794 354 1964 396 exemplo-

85 421 163 441 rum
186 410 339 453 copiam,
377 413 409 443 si
435 411 571 455 quando
600 422 684 453 opas
716 409 801 448 erit,
840 421 862 440 a
887 409 963 440 niro
992 414 1129 451 optumo
1158 414 1191 439 et
1224 407 1302 438 istis
1331 406 1430 437 rebus
1461 406 1757 442 instructissumo,
1780 403 1964 447 familiari

83 474 177 501 meO,
208 463 372 505 Longino
405 463 598 495 mutuabor.
642 463 762 503 Neque
792 468 901 492 tamen
925 460 1027 492 Com-i
1049 471 1171 492 nomen
1194 459 1235 490 ab
1260 459 1329 491 ullo
1352 459 1512 501 scriptore
1534 457 1655 490 Latino
1679 469 1839 500 umquam
1865 470 1965 490 usur-

82 521 196 558 patum
219 515 300 546 uidi.
344 516 460 556 Itaque
486 515 543 546 alii
566 515 721 547 iudicent.

165 567 352 611 Longino)
399 568 436 598 C.
471 568 583 600 Cassio
614 567 786 610 Longino,
835 565 892 608 qui
928 566 991 597 fuit,
1027 565 1183 597 historiae
1224 572 1255 597 et
1283 563 1486 607 antiquitatis
1519 562 1768 605 peritissumus,
1815 571 1851 596 ut
1887 564 1965 596 dicit

83 619 144 652 Or.
168 621 200 659 Ι,
225 622 296 660 60.,
321 632 363 651 ex
387 632 453 662 quo
475 621 626 662 cognosci
650 633 701 651 res
723 625 839 662 potest.
876 620 1099 650 Enxnsru's.

166 675 227 706 Me
249 674 304 705 hic
327 674 365 706 id
386 686 426 705 ex
449 679 481 705 te
501 674 655 716 primum
678 673 829 715 audisse)
874 671 1021 703 Modeste
1048 670 1173 701 refellit
1198 681 1275 701 eum
1297 675 1334 701 ut
1357 669 1561 700 mendacem.
1595 669 1809 700 Misenus.

167 726 381 769 Perelegans
405 732 437 758 et
457 725 659 769 persubtilis
682 725 807 766 oratio)
852 724 948 755 Prius
971 723 1009 753 ad
1032 723 1176 755 electum
1196 723 1397 762 uerborum,
1421 721 1584 765 posterius
1607 721 1645 751 ad
1669 721 1893 754 tractationem
1915 722 1964 753 rei

82 777 236 821 pertinet.
283 779 402 810 Monui
427 779 489 809 hoc
512 778 645 809 xveiski
669 790 791 809 caussa.

168 831 315 874 Equitis
342 831 507 873 Romani)
553 831 711 862 Nondum
737 830 938 861 senatorium
962 828 1112 859 ordinem
1136 827 1273 869 adeptus
1297 833 1365 858 erat
1389 826 1531 858 Cassius.
1577 826 1791 858 BIANUTIFS.

166 883 389 927 Respondebo
412 884 459 914 acl
481 896 537 922 ea,
562 896 648 926 qnae
667 884 802 924 dixisti)
848 883 969 919 Miror,
993 892 1036 910 110
1060 880 1230 911 Orellium
1256 879 1390 920 quidem
1414 878 1584 910 Ciceronis
1607 885 1753 909 mentem
1776 880 1965 912 adsecutum

82 947 163 967 esse.
208 936 284 967 Hoc
303 935 398 966 dicit:
424 935 521 966 Talia
543 942 619 967 sunt
641 947 659 966 a
682 942 728 973 te,
754 935 862 973 Cassi,
894 934 995 971 dicta,
1023 933 1062 963 ad
1087 944 1171 974 qnae
1194 932 1309 962 Planci
1332 931 1529 962 defendendi
1553 942 1665 962 caussa
1688 943 1755 963 11011
1779 944 1861 974 opus
1884 940 1967 964 essit

83 989 186 1020 uerbo
210 988 424 1030 1·cspondere;
460 999 580 1018 uerum
604 987 761 1028 quoniam
789 987 896 1018 forma
919 985 1074 1017 orationis
1098 985 1260 1016 eiusmodi
1283 985 1364 1021 fuit,
1398 990 1434 1014 ut
1453 984 1628 1025 diligenter
1651 985 1692 1015 ab
1716 985 1880 1016 iudicibus
1904 997 1966 1017 au-

83 1041 217 1079 direris,
245 1041 421 1072 eruditioni
445 1047 520 1071 tuae
547 1040 636 1071 hunc
660 1039 803 1070 tribuam
827 1039 1008 1077 honorem,
1035 1044 1070 1069 ut
1092 1037 1310 1079 respondeam
1332 1037 1370 1068 ad
1394 1049 1447 1074 ea,
1475 1048 1559 1078 quae
1582 1037 1705 1068 dixisti.

132 1125 143 1128 ,
166 1094 265 1133 Quae
283 1094 450 1136 pleraque
473 1094 514 1125 cle
535 1094 609 1137 ipso
633 1105 686 1124 me
701 1091 868 1135 fuerunt)
913 1091 977 1122 Pro
1011 1103 1083 1129 me,
1120 1090 1208 1132 quod
1238 1096 1285 1121 est
1308 1090 1343 1121 in
1366 1091 1460 1121 libris
1489 1091 1634 1132 optumis
1657 1091 1683 1122 B
1708 1097 1739 1121 et
1761 1090 1789 1121 E
1813 1090 1964 1132 aliisque,

81 1145 235 1188 plerique
271 1145 419 1176 scribunt
450 1145 562 1188 inepte
588 1145 678 1188 fine.
723 1145 762 1175 In
790 1144 970 1175 uerborum
1007 1150 1118 1174 autem
1150 1144 1224 1186 ipso
1253 1155 1307 1175 me
1335 1143 1560 1175 conlocatione
1598 1154 1640 1173 ne
1670 1143 1744 1185 quis
1775 1143 1964 1183 offenderet,

81 1208 281 1240 praecauere
308 1198 429 1229 studuit
453 1198 653 1230 Garatonius
682 1209 841 1228 monens:
880 1197 1028 1236 „Cicero
1057 1195 1257 1238 pronomina
1280 1195 1323 1225 ita
1347 1196 1532 1228 conlocauit
1560 1195 1658 1226 etiam
1682 1197 1707 1226 Ι.
1732 1196 1765 1227 111
1790 1198 1887 1229 Uerr.
1913 1200 1963 1229 25.

83 1250 230 1288 aerium,
255 1262 296 1281 ne
316 1251 401 1294 qaid
423 1251 458 1282 in
482 1252 556 1294 ipso
578 1263 612 1282 se
638 1250 879 1294 offenderetur.
900 1261 961 1291 pro
982 1249 1079 1281 domo
1103 1248 1153 1279 25.
1178 1249 1214 1278 in
1239 1249 1353 1291 ipsum
1376 1261 1438 1280 nte.
1465 1248 1499 1278 in
1523 1248 1588 1279 Pis.
1614 1260 1664 1280 20.
1689 1250 1759 1280 nisi
1781 1251 1828 1280 asl
1850 1251 1964 1297 ipsam

83 1307 125 1334 te.
153 1302 192 1332 de
214 1302 260 1333 H.
286 1303 327 1334 R.
353 1314 402 1334 2⁸.
435 1315 496 1345 pro
518 1303 595 1345 Lig.
619 1302 648 1334 8.
677 1314 738 1345 pro
762 1302 873 1333 Deiot.
897 1302 946 1333 5..
992 1301 1120 1332 Plinius
1151 1300 1249 1330 etium
1279 1301 1338 1331 HI.
1372 1301 1477 1343 Epist.
1502 1300 1532 1331 4.
1562 1302 1593 1333 si
1621 1302 1662 1333 ab
1693 1303 1766 1345 ipso
1791 1315 1843 1333 me
1866 1303 1963 1346 inpe-

82 1357 274 1387 trassent.“
319 1355 398 1386 Non
421 1355 568 1386 alienum
588 1355 664 1393 erit,
711 1355 797 1396 quod
820 1366 887 1386 non
912 1354 989 1385 fecit
1012 1352 1228 1390 (ἕω-1110111113,
1275 1353 1337 1384 hac
1361 1355 1468 1386 oblata
1491 1354 1659 1385 occasione
1682 1356 1864 1394 monuisse,
1904 1367 1962 1386 cur

82 1407 149 1438 illis
180 1407 216 1438 in
244 1407 324 1439 locis
358 1407 499 1449 aliisque
530 1418 717 1449 pronomen
746 1407 920 1449 personale
949 1405 1143 1449 pronomini
1177 1406 1250 1448 ipse
1284 1407 1503 1449 postpositum
1534 1406 1584 1437 sit.
1629 1407 1755 1438 Eadem
1785 1415 1894 1439 autem
1927 1409 1962 1440 in

82 1459 290 1491 conlocandis
320 1459 372 1490 his
405 1460 661 1502 pronominibus
694 1459 808 1501 regula
838 1459 926 1490 ualet
963 1464 1060 1500 atque
1090 1458 1125 1488 in
1154 1458 1331 1489 nominum
1365 1458 1581 1500 propriorum
1619 1464 1650 1488 et
1680 1461 1962 1502 appellantium-um

83 1512 318 1544 conlocatione.
366 1514 513 1550 Constat,
540 1524 663 1544 nomen
690 1511 865 1555 proprium
890 1517 964 1542 ante
990 1511 1228 1553 appellatiuom
1250 1511 1443 1553 ponendum
1469 1522 1555 1550 esse,
1586 1512 1613 1542 si
1635 1513 1875 1554 appellatiuom
1899 1525 1962 1545 no-

81 1565 182 1597 minis
202 1565 318 1608 propri
339 1565 529 1607 explicandi
550 1577 662 1596 caussa
684 1564 850 1603 adiciatur,
875 1571 987 1595 contra
1009 1563 1249 1608 appe—llatiuom
1273 1564 1403 1596 nomini
1428 1564 1565 1606 proprio
1586 1566 1856 1606 praeponendum
1881 1578 1960 1606 esse,

81 1618 107 1649 si
133 1629 255 1649 nomen
279 1618 453 1660 proprium
476 1619 621 1650 nominis
643 1617 839 1660 appellatiui
864 1616 1053 1659 explicandi
1078 1627 1189 1646 caussa
1212 1616 1380 1648 adiciatur.
1426 1619 1539 1659 ltaque
1562 1617 1679 1648 Cicero
1704 1617 1765 1648 hac
1794 1618 1864 1661 ipsa
1884 1631 1962 1650 ora-

82 1670 172 1701 tione
197 1671 233 1702 C.
260 1671 357 1703 XIV.
383 1672 412 1712 ὃ.
437 1671 487 1702 55.
512 1671 613 1702 dixit:
644 1671 802 1708 Consztli,
836 1671 878 1701 P.
897 1670 1067 1707 iVasizue,
1094 1681 1241 1712 praeco,
1275 1669 1447 1709 Granius,
1479 1670 1610 1714 inquit,
1649 1676 1840 1712 propterea,
1872 1671 1960 1713 quod

82 1723 207 1754 insumi
238 1723 386 1755 hominis
412 1724 447 1755 in
478 1724 734 1755 nobiliss-uinum
764 1723 976 1753 maledictum
1004 1733 1256 1753 conmemorare
1286 1729 1316 1754 et
1348 1724 1515 1765 quomodo
1546 1723 1673 1753 consuli
1704 1734 1822 1764 praeco
1853 1725 1961 1755 male-

82 1776 203 1807 dixerit
233 1777 391 1819 exemplo
422 1777 564 1818 quodam
597 1776 713 1806 docere
744 1775 862 1806 11011111.
908 1775 1058 1806 Nomina
1088 1775 1186 1816 igitur
1210 1775 1365 1808 ZVasicae
1396 1782 1426 1807 et
1449 1776 1563 1808 Grani
1593 1775 1867 1818 explicandorum
1896 1788 1959 1820 ap-

81 1829 319 1872 pellatiuorum
341 1841 468 1868 caussa,
505 1830 653 1861 consulis
680 1835 708 1859 et
730 1830 930 1872 praeconis,
961 1827 1147 1859 adiciuntur
1171 1827 1311 1869 ideoque
1335 1829 1381 1859 eis
1405 1829 1560 1871 postponi
1590 1829 1761 1859 debebant.
1808 1829 1903 1868 Quae
1931 1830 1959 1860 si

80 1889 377 1925 praeponerentur,
401 1894 468 1913 non
492 1882 577 1912 inter
598 1882 812 1913 nobilitatem
835 1881 1056 1923 potissumum
1077 1887 1108 1911 et
1131 1881 1385 1923 ignobilitatem
1415 1881 1661 1924 oppositionem
1692 1881 1811 1912 faceret
1830 1882 1958 1922 Cicero,

80 1942 127 1967 set
149 1935 274 1977 aliquid
305 1936 344 1966 de
367 1936 486 1967 Nasica
510 1941 541 1965 et
567 1935 693 1966 Granio
726 1946 759 1964 se
789 1940 998 1965 mirraturum
1030 1945 1098 1964 esse
1129 1934 1322 1964 ostenderet.
1369 1934 1494 1965 Eodem
1527 1934 1626 1964 1110110
1656 1934 1857 1976 pronomina
1879 1946 1959 1977 per-

80 1989 206 2020 sonalia
227 1989 301 2020 aliis
323 1989 516 2019 nominibus
538 1986 693 2029 postponi
713 1986 841 2025 debent⁷
869 1986 895 2016 si
921 1986 1063 2016 aliorum
1088 1986 1226 2018 illorum
1249 1987 1425 2018 nominum
1451 1986 1724 2028 explicandorum
1759 1998 1870 2018 caussa
1899 1987 1958 2018 ad-

82 2041 274 2082 iunguntur.
320 2043 434 2082 ltaque
463 2039 610 2082 exempli
633 2050 743 2070 caussa
768 2051 856 2070 unus
880 2051 942 2081 ego
964 2038 1186 2079 dicendumst⁷
1222 2040 1249 2070 si
1273 2039 1467 2081 oppositiost
1489 2039 1573 2069 intcr
1596 2040 1765 2071 [mitatem
1788 2046 1817 2070 et
1837 2041 1957 2084 pluri-

83 2100 202 2131 tatem,
224 2100 259 2124 ut
282 2095 326 2125 ita
349 2093 470 2131 dicam,
499 2099 595 2134 atque
617 2091 817 2134 pronomine
841 2103 903 2134 ego
927 2092 1155 2122 tautummodo
1180 2092 1380 2134 explicatur,
1414 2091 1486 2132 quis
1512 2091 1570 2121 ille
1595 2104 1683 2123 unns
1706 2092 1764 2131 sit,
1797 2093 1853 2134 qui
1876 2093 1957 2135 plu-

82 2146 174 2178 ribus
197 2152 394 2188 opponatur.
442 2145 512 2176 Csr.
540 2145 608 2176 Cic.
640 2156 701 2186 pro
725 2145 818 2174 Sulla
848 2146 885 2175 C.
910 2145 972 2177 VI.
1002 2145 1030 2185 ξ.
1060 2145 1106 2175 18.
1139 2145 1236 2184 Quae
1265 2146 1296 2176 si
1320 2145 1361 2175 de
1387 2156 1454 2174 uno
1477 2156 1529 2174 me
1554 2144 1747 2186 cogitasset.
1779 2145 1818 2175 de
1841 2145 1886 2175 H.
1912 2145 1955 2176 R.

84 2200 121 2230 C.
145 2200 262 2230 XXII.
292 2200 321 2240 ς.
344 2199 396 2239 47.
428 2198 526 2238 Quae
553 2197 716 2241 quamdiu
740 2196 923 2228 haerebant
947 2197 982 2227 in
1009 2209 1076 2228 nno
1104 2209 1165 2228 me.
1193 2208 1253 2239 pro
1278 2197 1382 2227 Sestio
1408 2197 1444 2227 C.
1468 2196 1599 2227 LXIX.
1625 2197 1750 2236 §.1442
1779 2203 1956 2240 susceptae

82 2257 162 2283 sunt
178 2257 323 2295 propter
342 2264 448 2282 unum
470 2264 534 2283 me.
571 2250 605 2280 111
629 2249 740 2281 Uatiu-
768 2250 805 2280 C.
830 2250 908 2280 Vll.
942 2250 971 2290 §.
1000 2261 1046 2289 17.
1086 2262 1169 2280 num
1199 2250 1275 2291 qais
1299 2262 1338 2280 ex
1369 2255 1438 2280 toto
1467 2249 1620 2291 conlegio
1643 2249 1753 2291 legem
1777 2250 1823 2280 sit
1848 2262 1954 2281 ansas

74 2304 187 2348 ferre,
205 2310 346 2347 praeter
368 2316 474 2335 ιιηιιιη
496 2309 537 2336 te.
563 2302 684 2333 ibidem
709 2303 747 2333 id
768 2315 857 2333 anas
881 2307 929 2333 ta.
954 2301 1100 2343 Philipp.
1124 2302 1186 2339 XI,
1213 2313 1242 2342 9.
1267 2302 1379 2333 lVemo
1401 2303 1466 2333 erit
1490 2307 1628 2344 praeter
1650 2314 1757 2333 unum
1776 2315 1838 2335 nze.
1863 2303 1955 2334 Con-

83 2363 133 2387 tra
157 2356 339 2387 necessario
361 2356 466 2387 dicere
489 2356 583 2387 debet
607 2367 669 2398 ego
692 2368 797 2394 unns,
828 2354 884 2396 qui
904 2355 943 2384 de
966 2367 999 2385 se
1022 2354 1243 2396 potissumum
1265 2355 1391 2396 aliquid
1418 2354 1580 2396 praedicat
1604 2354 1701 2395 idque
1724 2360 1891 2397 praeterea
1914 2354 1954 2384 de

83 2410 148 2442 alio
167 2409 302 2440 nemine
326 2409 436 2440 ualere
457 2409 554 2440 addit.
599 2409 654 2440 Sic
682 2408 743 2439 hac
775 2407 844 2450 ipsa
869 2407 1017 2438 oratioue
1049 2407 1086 2438 C.
1110 2407 1246 2438 XXXI.
1277 2407 1307 2448 §.
1333 2408 1382 2448 75.
1413 2406 1550 2437 debebat
1572 2406 1650 2438 dici:
1687 2408 1757 2438 nisi
1769 2406 1869 2449 forte
1891 2417 1953 2449 ego
