2264 2746
277 97 333 128 223
907 87 1482 119 COMMENTARIUS.

1004 188 1033 221 C
1060 185 1092 221 A
1117 188 1164 223 P.
1215 188 1413 225 XXXVII.

368 269 398 311 §.
423 278 472 311 90.
517 264 595 307 Ego
618 273 699 295 uero
723 273 763 295 ne
786 259 1073 294 inmortalitatem
1096 261 1234 304 quidem
1255 280 1298 286 —
1319 262 1457 304 uellem)
1499 261 1572 303 Ego
1595 270 1677 292 uero
1702 270 1746 291 ne
1767 258 1862 291 illam
1891 259 2027 301 quidem
2049 273 2144 294 mor-

284 329 352 355 tem
383 327 563 363 optassem,
598 327 682 358 quae
704 314 920 346 inmortalem
951 313 1094 354 gloriam
1122 314 1224 353 mihi,
1262 315 1311 346 rei
1336 315 1491 357 publicae
1518 321 1629 346 autern
1657 313 1818 345 damnum
1840 319 2002 355 parasset,
2039 315 2145 347 multo

282 375 394 407 minus
418 381 499 409 eam,
525 381 609 411 quae
631 379 739 410 neque
762 366 847 398 mihi
869 366 1084 399 inmortalem
1108 366 1250 409 gloriam
1278 374 1308 399 et
1330 368 1380 399 rei
1404 368 1558 411 publicae
1580 365 1765 410 perniciem
1786 365 1969 397 adtulisset.
2013 366 2146 407 Quibus

283 427 393 459 uerbis
417 423 532 454 Cicero
556 422 598 453 ad
621 419 809 453 Laterensis
832 418 956 450 dictum
979 419 1023 451 ita
1045 419 1245 462 respondet,
1268 426 1307 451 ut
1328 432 1397 452 non
1419 421 1511 458 illut,
1536 420 1624 463 quod
1647 419 1721 461 quis
1742 424 1911 461 expectet,
1933 418 2091 450 lubenter
2112 430 2148 450 se

282 478 369 512 mori
393 475 538 507 uoluisse
560 473 738 517 significet,
760 479 809 505 set
830 478 867 503 ut
888 472 1016 513 doceat,
1051 484 1085 504 se
1108 483 1151 504 ne
1173 472 1201 504 si
1224 472 1334 504 oblata
1357 472 1493 515 quidem
1515 484 1604 505 mors
1626 472 1744 504 fuisset
1765 472 1931 514 accipere,
1955 472 2064 504 multo
2081 472 2150 504 mi-

283 543 344 564 nus
368 539 490 571 cupere
515 528 679 558 debuisse.

374 582 494 614 Uitam
516 578 710 620 ediderunt)
754 578 859 609 Recte
882 577 967 609 hanc
990 583 1209 619 optumorum
1233 578 1385 610 codicum
1413 578 1615 622 scripturam
1638 577 1743 609 tuitus
1766 588 1842 610 cum
1867 577 2015 610 Graeuio
2038 578 2149 610 Gara-

281 634 391 668 tonius
416 640 482 672 est,
523 633 581 675 qui
603 631 747 665 conferri
769 631 795 662 Ι.
819 631 857 662 F.
887 630 1102 662 Gronoujum
1126 630 1168 662 ad
1193 631 1283 663 Gell.
1306 631 1375 671 ΙΙΙ,
1414 632 1462 663 15.
1494 630 1604 671 iubet,
1641 630 1723 662 locis
1747 630 1914 662 Tullianis
1943 631 2149 663 locutionem

280 689 393 721 uitam
416 687 513 719 edere
534 684 814 718 conmunieniem.

369 740 480 772 Ciuile
500 736 732 783 praesidium)
777 737 858 768 Non
880 741 970 766 recte
992 735 1185 768 Manutius:
1225 737 1334 774 „Non
1357 737 1447 768 enim
1471 737 1502 769 ei
1526 743 1680 769 mortuus
1706 748 1807 780 opem
1835 736 1929 767 illam
1958 736 2047 768 serre
2068 748 2151 779 pos-

280 805 364 827 sem.
376 796 395 811 “
440 793 571 824 Docent
593 790 683 821 enim
706 789 810 820 uerba
833 790 868 821 in
890 794 1096 832 perpetuum
1121 800 1190 819 non
1215 789 1412 821 Ciceronem
1434 790 1545 822 solum
1567 791 1705 822 nomine
1730 791 1847 823 ciuilis
1864 790 2024 833 praesidi
2045 789 2152 831 signi-

282 846 386 884 ficari,
409 851 458 876 set
481 843 588 875 omnis
613 842 763 880 omnino,
788 841 845 883 qui
863 847 978 872 contra
996 841 1158 884 inprobos
1183 840 1265 873 ciuis
1288 844 1338 874 rei
1361 855 1394 886 p.
1419 855 1567 875 caussam
1589 843 1783 887 suscipiant.
1827 842 1904 873 Hoc
1920 841 2015 874 dicit:
2039 843 2150 874 Nemo

281 899 318 931 in
340 905 513 942 posterum
537 907 612 927 meo
635 895 794 937 exemplo
817 894 964 926 monitus
990 906 1088 926 ausus
1114 901 1198 927 esset
1221 902 1337 928 contra
1360 897 1523 930 eiusmodi
1545 897 1716 936 homines,
1758 895 1872 938 quales
1896 894 2050 927 Clodiani
2075 892 2153 926 fue-

282 958 378 991 runt,
412 962 484 982 rem
507 950 677 993 publicam
703 947 895 980 defendere.

374 1004 436 1036 Uis
462 1003 581 1045 aliqua
603 1001 725 1041 morbi)
770 1001 862 1033 Ante
886 1000 1017 1032 exitum
1042 1001 1140 1034 illum
1162 1002 1261 1042 uitae,
1286 1014 1386 1044 quem
1409 1008 1529 1034 natura
1550 1001 1781 1046 praescripsit3
1807 1007 1989 1045 propterea
2010 999 2153 1032 subiun-

281 1057 348 1101 git,
372 1062 434 1088 aut
457 1061 586 1088 natura
608 1055 704 1098 ipsa.-
728 1059 846 1084 natura
867 1054 958 1084 enini
980 1054 1119 1086 iuuenes
1144 1066 1293 1096 quoque,
1318 1068 1387 1087 non
1408 1056 1506 1088 niodo
1530 1068 1624 1088 senes
1647 1055 1851 1087 moriuntur.
1895 1054 2111 1086 MANUTIUS.

367 1109 517 1142 Auxilia
532 1107 763 1151 posteritatis)
810 1107 970 1146 Auxilia,
995 1119 1078 1149 quae
1101 1108 1137 1139 in
1158 1114 1331 1149 posterum
1354 1108 1477 1139 habere
1499 1116 1611 1151 posset
1630 1121 1682 1141 res
1706 1108 1852 1152 publica.
1894 1107 2109 1139 BIANUTIUS.

367 1161 492 1202 Qualis
523 1161 559 1191 in
589 1171 642 1190 me
671 1159 847 1191 retinendo
869 1158 1003 1202 ficisset
1032 1165 1171 1191 senatus
1189 1161 1407 1204 populusque
1430 1162 1622 1205 Romanus)
1667 1163 1748 1195 Non
1767 1160 1941 1193 retinendo
1966 1170 2009 1190 ne
2030 1158 2094 1191 iret
2114 1158 2151 1190 in

282 1214 443 1246 exilium:
471 1222 539 1242 non
560 1210 651 1242 enim
673 1216 805 1241 senatus
830 1221 917 1249 eum,
941 1212 1088 1254 populus
1113 1212 1287 1243 Romanus
1311 1213 1468 1252 retinuit3
1495 1221 1543 1245 set
1562 1214 1754 1254 retinendo,
1781 1214 1816 1246 id
1840 1220 1889 1245 est
1910 1211 2150 1251 conseruando,

281 1263 508 1302 restituendo,
547 1263 584 1294 in
615 1274 680 1305 quo
706 1263 853 1305 populus
873 1263 1048 1294 Romanus
1080 1275 1157 1294 cum
1187 1270 1303 1295 senatu
1329 1265 1460 1307 egregie
1486 1267 1661 1297 consensit.
1695 1267 1910 1298 MANUTms.
1954 1265 2153 1296 Retinerine

282 1325 428 1363 poterat,
463 1316 521 1358 qui
543 1315 611 1347 iam
636 1315 815 1347 exolabat?
855 1316 948 1347 cuius
973 1317 1169 1358 exemplum
1201 1317 1416 1349 restitutionis
1441 1319 1700 1360 expectabatur?
1743 1317 1917 1350 Manutius
1939 1317 2065 1348 frustra
2089 1329 2152 1349 ex—

281 1372 395 1416 plicat,
418 1371 453 1402 in
478 1381 529 1402 me
552 1369 785 1401 conseruando
809 1374 841 1403 et
859 1369 1089 1402 restituendo.-
1112 1369 1173 1400 hac
1196 1369 1287 1400 enim
1309 1370 1439 1401 ratione
1461 1371 1570 1402 aliena
1593 1371 1730 1413 quaeuis
1753 1382 1790 1402 ac
1811 1370 1986 1402 dissimilia
2008 1369 2152 1401 coniun-

283 1437 350 1468 gas.
397 1422 530 1455 Macula
553 1427 602 1452 est
624 1420 763 1452 omnino
786 1421 1019 1463 abstergenda,
1051 1433 1152 1464 quam
1174 1422 1388 1464 inprudentes
1411 1423 1622 1465 reliquimus.
1669 1425 1717 1457 Ut
1739 1424 1846 1462 sensi,
1870 1422 2048 1454 emendaui
2070 1434 2154 1454 con-

282 1477 412 1515 festim,
446 1477 481 1507 in
505 1487 556 1507 me
579 1474 799 1506 restituendo.
845 1473 937 1515 Quid
961 1475 1051 1505 enim
1074 1474 1226 1507 facilius?
1273 1476 1327 1507 Set
1350 1475 1386 1506 in
1408 1476 1473 1508 hoc
1492 1476 1566 1519 ipso
1590 1477 1788 1520 explicando
1812 1475 2054 1507 elaborandum
2075 1474 2153 1507 fuit.

283 1531 374 1562 Nam
396 1529 431 1559 in
454 1527 591 1569 reliquis
613 1527 775 1558 dubitatio
802 1527 982 1558 uidebatur
1009 1528 1129 1565 inesse,
1164 1534 1278 1561 utrum
1307 1535 1439 1560 senatus
1469 1530 1684 1573 populusque
1710 1530 1908 1562 Ciceronem
1934 1528 2152 1560 restituturus

283 1582 405 1620 fuerit,
432 1592 474 1612 an
497 1592 615 1612 eorum
637 1580 862 1619 uoluntatem,
887 1591 971 1621 quae
995 1580 1096 1613 dubia
1118 1592 1187 1612 non
1210 1587 1288 1620 erat,
1315 1581 1365 1613 uis
1387 1578 1489 1613 fuerit
1513 1583 1626 1625 aliqua
1647 1583 1846 1626 inpeditiua.
1890 1582 1983 1613 Hinc
2004 1581 2150 1624 suspicio

284 1634 502 1673 iniciebatur,
525 1633 669 1664 uerbum
690 1633 828 1664 fortasse
850 1633 928 1664 illut
949 1634 1150 1665 mendosum
1173 1645 1242 1665 esse
1265 1634 1453 1675 delendum,
1478 1643 1515 1668 ut
1538 1648 1768 1679 quaecumque
1790 1636 1849 1667 illa
1871 1640 1957 1666 esset
1978 1634 2152 1674 dubitatio,

285 1694 399 1731 aperte
422 1685 673 1728 significaretur.
716 1686 770 1717 Sic
791 1686 881 1718 enim
904 1686 1121 1718 haberemus:
1152 1688 1265 1731 qualis
1278 1687 1432 1731 futurus
1455 1690 1491 1721 in
1514 1702 1566 1721 me
1581 1689 1716 1733 fuisset
1738 1690 1772 1721 S.
1795 1689 1839 1722 P.
1863 1689 1904 1728 Q.
1926 1688 1991 1720 R..
2038 1687 2152 1730 Quae-

285 1741 351 1774 siui
378 1740 573 1781 diligentem
597 1738 842 1770 dubitationem
863 1738 979 1770 induci
1002 1751 1070 1770 non
1094 1746 1249 1782 oportere
1271 1741 1436 1781 intellexi,
1460 1743 1589 1774 nullam
1610 1743 1752 1786 proinde
1773 1742 1845 1773 uim
1857 1739 2060 1783 amputando
2083 1752 2153 1773 esse

288 1792 519 1829 inferendam3
553 1798 600 1823 set
627 1791 825 1831 locutionis,
864 1803 948 1834 quae
970 1793 1112 1825 mirifica
1134 1793 1219 1824 mihi
1242 1805 1320 1825 sane
1343 1806 1380 1825 ac
1402 1795 1578 1837 singularis
1601 1795 1738 1835 accidit,
1767 1795 1935 1826 rationem
1956 1804 2026 1824 non
2047 1805 2152 1836 expe-

286 1847 428 1877 diebam.
473 1845 654 1886 Postquam
684 1855 739 1877 me
768 1844 803 1876 in
827 1857 961 1876 omnem
992 1853 1123 1888 partem
1154 1847 1306 1887 uersaui,
1344 1849 1479 1891 repperi
1502 1849 1639 1881 tandem
1662 1849 1769 1880 adfine
1795 1846 1924 1889 aliquid
1947 1846 1982 1877 in
2005 1846 2153 1877 oratione

290 1905 366 1941 post
387 1898 456 1930 red.
481 1899 517 1929 in
538 1909 607 1928 sen.
631 1897 742 1928 habita
765 1909 790 1928 e.
813 1898 861 1930 4.:
897 1898 1029 1938 Quodsi
1050 1899 1092 1939 Q.
1114 1901 1278 1933 Bletellzts
1301 1901 1362 1933 illo
1386 1907 1534 1944 tempore
1557 1903 1677 1934 consul
1688 1901 1841 1946 fuisset,
1869 1899 2054 1937 dubitatis,
2086 1912 2152 1943 quo

291 1952 404 1983 animo
422 1950 540 1994 fuerit
563 1951 599 1982 in
625 1963 676 1982 me
699 1952 932 1983 conseruando
945 1951 1117 1994 futuruS,
1142 1966 1242 1996 quom
1267 1955 1302 1986 in
1326 1955 1536 1986 restituendo
1559 1961 1734 1987 auctorem
1747 1954 1866 1998 fuisse
1888 1952 2153 1994 adscriptorem-

293 2015 355 2045 que
385 2004 561 2036 uideatis?
604 2002 785 2035 Manifeste
815 2004 863 2035 ibi
895 2003 1032 2043 dicitur,
1070 2005 1152 2046 quin
1180 2018 1235 2037 me
1264 2006 1367 2038 suerit
1407 2014 1673 2040 conseruaturus.
1717 2008 1785 2040 Hic
1822 2012 1933 2037 autem
1968 2015 2045 2034 cum
2081 2015 2153 2036 uox

293 2058 482 2099 exemplum
504 2056 749 2088 dubitationem
772 2056 929 2088 excludat
952 2069 1105 2097 omnem,
1132 2058 1236 2101 idque
1257 2059 1369 2091 solum
1390 2060 1531 2103 spectari
1553 2060 1682 2101 iubeat,
1712 2059 1802 2103 quod
1825 2057 1978 2089 effectum
2000 2055 2079 2096 suit,
2108 2056 2154 2088 ita

293 2106 447 2139 similiter
470 2108 732 2151 intellegendum
755 2115 821 2141 est:
844 2120 919 2140 mea
940 2120 1031 2141 mors
1054 2112 1252 2153 peremisset
1273 2112 1351 2144 illut
1374 2114 1590 2157 exemplum,
1621 2114 1710 2156 quod
1733 2124 1787 2144 me
1809 2117 1875 2142 tam
1897 2109 2060 2150 studiose,
2084 2115 2154 2142 tam

294 2159 475 2190 honorifice
498 2162 705 2194 restituendo
728 2168 858 2193 senatus
881 2163 1096 2205 populusque
1119 2164 1230 2204 dedit,
1261 2176 1304 2196 ne
1328 2166 1402 2207 quis
1425 2178 1545 2209 parum
1568 2167 1604 2198 in
1626 2172 1799 2209 posterum
1823 2164 1973 2195 animose
1995 2173 2032 2192 ac
2053 2161 2154 2194 forti-

294 2218 344 2242 ter
367 2212 453 2242 tueri
473 2225 542 2244 rem
564 2215 738 2256 publicam.
757 2215 933 2247 dubitaret.
978 2217 1017 2248 In
1032 2217 1093 2248 hac
1115 2218 1278 2250 sententia
1301 2219 1402 2249 uerba
1424 2220 1467 2250 ita
1490 2219 1684 2251 cohaerent:
1708 2218 1843 2250 auxilia
1863 2215 2078 2260 posteritatis
2100 2228 2153 2247 es-

295 2269 371 2296 sent
394 2264 582 2304 inminuta,
618 2268 708 2310 quod
731 2274 948 2311 peremptum
978 2275 1064 2302 esset
1087 2282 1162 2302 mea
1183 2277 1291 2303 morte
1322 2272 1361 2303 id
1381 2273 1591 2316 exemplum,
1627 2271 1740 2315 qualis
1771 2271 1887 2313 (quam
1909 2274 2019 2311 gratus
2042 2268 2076 2299 in
2097 2281 2153 2301 me

295 2323 397 2359 atque
419 2316 604 2356 studiosus,
641 2331 739 2360 quam
769 2321 818 2351 rei
841 2321 992 2363 publicae
1014 2324 1261 2355 conseruandae
1287 2324 1438 2367 cupidus)
1457 2324 1609 2367 futurus
1631 2324 1667 2355 in
1690 2336 1742 2355 me
1764 2321 1973 2355 restituendo
2004 2320 2053 2363 (ut
2076 2322 2151 2362 fuit,

297 2380 401 2411 quom
422 2380 477 2401 me
499 2370 655 2411 restituit)
679 2369 811 2412 fuisset
839 2380 978 2407 senatus
996 2376 1213 2420 populusque
1237 2378 1426 2409 Romanus.
1470 2376 1578 2418 Supra
1608 2387 1634 2407 c.
1659 2387 1709 2419 29.
1740 2376 1790 2408 Et
1818 2386 2020 2419 quemquam
2042 2381 2150 2419 putas
