2264 2746
778 106 802 134 c
822 106 850 134 A
871 106 913 135 P.
953 104 1116 133 xxxvl.
1151 102 1179 142 §.
1206 107 1252 135 ss.
1896 108 1950 134 223

165 181 385 225 Sumpserat,
424 193 464 214 ea
498 181 553 214 Ti.
583 181 739 214 Graccho
769 182 973 224 interempto
1002 181 1078 212 iure
1109 184 1248 222 optumo
1276 184 1414 222 sumpta
1443 189 1514 209 esse
1545 175 1714 220 defendit)
1759 177 1841 207 Bau.
1873 187 1949 207 Clllll

79 231 152 265 Erf.
181 240 334 277 ceperat,
358 235 445 276 quod
468 235 594 277 pmbo,
622 234 683 265 etsi
706 245 875 276 pioxume
897 238 1036 276 sumpta
1059 232 1232 271 dicuntur,
1255 243 1323 263 non
1349 230 1428 272 quia
1449 230 1654 261 concinnitas
1678 230 1712 260 in
1737 229 1871 270 uolgita
1892 229 1951 259 de-

79 285 143 324 sit,
180 293 230 317 set
253 287 330 327 quia
353 299 485 330 semper
507 286 704 330 postulanda
726 298 794 317 non
819 286 1175 317 est.GAn—xT()N1Us.
1220 285 1307 316 Cum
1333 294 1493 325 magnum
1522 283 1565 314 sit
1584 283 1673 314 inter
1695 294 1815 326 capere
1838 288 1871 312 et
1893 295 1951 313 su-

78 350 170 370 mere
192 338 507 382 disc1i111en,quod
532 351 691 372 maxume
713 339 746 370 in
772 338 955 382 conpositis
977 339 1132 381 accipere
1155 344 1188 369 et
1213 339 1393 370 adsumere
1418 337 1544 375 elucet,
1574 334 1672 366 facile
1693 341 1852 378 appar,et
1884 345 1952 365 non

77 401 177 433 posse
208 403 328 434 capere
355 405 454 424 arma
484 399 517 424 et
546 405 680 425 sumere
707 404 808 424 arma
837 392 923 423 nibil
957 391 1111 430 differre,
1149 391 1228 422 licet
1256 401 1512 431 nonnumquam
1542 400 1611 419 non
1640 388 1786 419 multum
1808 387 1952 423 intersit,

78 450 192 475 utram
214 444 420 476 locutionem
444 457 596 488 usurpes.
643 446 752 476 Immo
780 444 916 475 uidetur
940 444 1002 474 hoc
1025 444 1196 482 interesse,
1221 443 1308 485 quod
1327 455 1447 486 capere
1468 455 1567 474 arma
1589 441 1711 471 dicitur
1728 441 1766 479 is,
1791 439 1953 482 quial-ina

80 508 149 528 non
174 496 282 527 iacere
306 497 433 539 patitur
456 504 504 529 set
530 498 687 540 adtingit,
728 497 836 538 iisque
859 496 1061 527 instructum
1086 506 1121 526 se
1144 495 1273 535 reddit,
1311 501 1348 526 ut
1370 501 1428 525 aut
1449 494 1601 536 inpetum
1624 493 1770 524 aliorum
1797 505 1816 523 a
1837 504 1872 523 se
1896 492 1955 522 de-

79 548 238 587 fendere,
263 557 321 580 aut
344 550 416 592 ipse
438 551 522 581 alios
546 550 663 593 inpetu
686 556 801 592 petere
823 549 946 591 possit;
971 555 1085 579 contra
1108 560 1241 580 sumere
1262 560 1361 580 arma
1385 546 1525 585 dicitur,
1548 547 1623 588 qui,
1648 546 1706 577 ubi
1730 547 1870 578 solutast
1892 547 1956 577 eli-

81 601 182 643 gendi
207 602 319 644 optio,
358 608 473 633 utrum
496 614 589 634 arma
611 614 729 645 capere
752 614 793 633 an
816 602 916 632 aliam
938 601 1057 643 agendi
1081 600 1246 631 rationem
1272 600 1357 631 inire
1382 600 1481 638 uelit,
1516 599 1618 630 armis
1641 599 1866 641 potissumum
1889 599 1956 630 uti-

80 661 154 692 tur,
182 655 226 685 ita
250 660 285 685 ut
308 667 397 686 nune
421 656 511 697 quod
536 667 603 686 non
627 661 843 698 expectatum
866 653 983 693 fuerit,
1008 665 1097 685 nunc
1121 653 1211 694 quod
1237 665 1313 684 cum
1340 652 1581 684 deliberatione
1604 652 1730 683 sactum
1753 652 1810 691 sit,
1842 651 1957 684 fecisse

78 707 306 750 significetur,
331 708 387 750 qui
411 720 505 739 arma
527 708 708 750 sumpsisse
734 706 1083 739 dicitu1·.Adse1-am
1109 718 1193 747 quae
1218 707 1253 738 in
1275 712 1438 750 piomptu
1461 712 1537 737 sunt
1560 704 1727 746 exempla,
1754 711 1786 735 et
1808 705 1959 747 piimum

81 761 228 802 quidem,
252 761 310 791 ubi
336 774 458 805 capere
480 774 580 793 arma
602 761 771 792 dictumst.
818 759 936 790 Cicelo
960 771 1024 802 pro
1049 760 1128 790 Sex.
1147 759 1271 790 Roscio
1294 760 1375 791 Am.
1400 759 1438 790 C.
1456 759 1549 790 LIII.
1572 758 1601 799 ξ.
1627 757 1695 788 155.
1707 758 1843 789 :Illam
1863 759 1959 801 ptio-

81 825 155 846 rem
177 812 506 856 (proscriptionem),
537 826 624 857 qiccie
637 812 777 856 factast
801 813 837 844 in
860 825 934 851 eos,
965 813 1025 855 qui
1047 824 1147 843 arma
1169 825 1290 855 capere
1306 817 1519 855 potuerunt,
1552 816 1664 842 tamen
1688 816 1827 841 senatus
1850 811 1961 842 susci-

81 879 164 910 pere
185 867 318 905 noluit,
356 879 397 898 ne
421 867 507 910 quid
528 867 644 897 acrius
668 879 771 909 quam
793 878 886 898 more
908 866 1079 897 maiorum
1109 870 1389 908 conparatumst,
1418 863 1560 907 publico
1583 863 1725 894 consilio
1739 861 1882 904 factum
1906 863 1960 894 ni-

85 919 238 951 deretur.
282 918 377 950 Idem
399 930 463 961 pro
485 918 602 949 Tullio
627 919 665 949 C.
690 920 752 950 VI.
782 930 815 961 p.
840 919 892 949 42.
915 918 964 948 ed.
988 917 1070 948 Mai.
1094 928 1175 948 sem:
1216 930 1258 948 ne
1281 918 1349 960 ipsi
1371 922 1581 955 statuerent,
1618 928 1683 958 quo
1707 921 1856 957 tempore
1882 928 1961 958 pos-

88 976 165 1002 sent
190 983 250 1002 suo
274 971 351 1003 iure
373 984 473 1003 arma
496 983 635 1014 capere,
675 984 816 1003 manum
841 982 982 1013 (ogere,
1019 971 1170 1002 homines
1197 971 1359 1002 occidere.
1404 969 1498 1000 Idem
1521 980 1584 1010 pro
1609 969 1647 998 C.
1672 967 1813 998 Rabirio
1838 967 1875 998 C.
1899 968 1960 999 VI.

88 1024 118 1064 §.
146 1034 214 1065 19st
256 1023 430 1066 Confiteor
461 1022 696 1066 interficiendi
725 1023 912 1054 Saturmm
939 1036 1063 1054 caussa
1086 1023 1120 1054 C.
1142 1021 1332 1053 Rabirium
1366 1034 1465 1053 arma
1488 1022 1626 1064 cepisse.
1669 1019 1797 1050 Ibidem
1822 1020 1859 1050 C.
1882 1021 1961 1051 VII.

87 1076 118 1117 §.
143 1086 213 1106 2o.:
250 1076 427 1108 Aclltibent
453 1077 562 1108 omnis
590 1076 745 1108 tribunos
769 1077 822 1119 pl.
841 1081 985 1119 praeter
1008 1075 1258 1112 Saturninum,
1288 1081 1470 1117 praetores
1494 1079 1637 1117 praeter
1661 1071 1867 1107 Clam-ianm
1903 1074 1962 1116 qui

87 1140 159 1160 rem
174 1141 213 1171 p.
238 1129 373 1160 saluam
405 1142 475 1160 esse
500 1129 651 1167 uellent,
688 1141 787 1160 arma
811 1140 931 1171 capere
957 1134 990 1159 et
1012 1140 1046 1159 se
1069 1127 1165 1171 sessui
1188 1127 1315 1159 iubent.
1358 1127 1503 1158 Ibidem:
1542 1137 1643 1169 quom
1666 1137 1800 1163 omne-³,
1836 1126 1895 1168 qui
1927 1126 1962 1156 in

85 1182 201 1213 salute
231 1182 343 1224 reip.
372 1182 520 1213 salutem
551 1194 651 1213 suam
682 1181 870 1224 repositam
898 1192 969 1212 esse
1004 1180 1290 1219 arbitrabantur,
1335 1193 1433 1212 arma
1473 1180 1663 1222 cepissent.-
1708 1178 1793 1222 quid
1826 1178 1963 1209 tandem

85 1233 120 1266 C.
142 1233 290 1266 Rabirio
311 1233 527 1275 faciundum
545 1233 652 1277 fitis?
694 1234 822 1264 Ibidem
847 1234 877 1274 ς.
902 1243 972 1264 21.:
1010 1244 1111 1275 quom
1133 1234 1180 1265 acl
1201 1246 1300 1265 arma
1324 1233 1476 1265 eonsules
1500 1244 1541 1262 ex
1563 1237 1702 1263 senatus
1725 1230 1878 1261 consulto
1902 1243 1965 1261 uo-

86 1287 282 1324 cauissent3
303 1304 345 1309 -
381 1298 481 1329 quom
504 1287 550 1318 L.
574 1287 755 1325 Metellus,
790 1287 862 1318 Ser.
887 1285 1021 1323 Galba,
1043 1303 1085 1309 --
1119 1298 1317 1330 omnesque,
1352 1287 1412 1329 qui
1436 1291 1509 1316 tum
1531 1289 1648 1321 erant,
1682 1283 1879 1315 consulares
1898 1295 1964 1326 pro

88 1340 202 1372 salute
229 1339 390 1370 conmuni
412 1350 512 1370 arma
535 1339 712 1381 cepissent.
755 1338 883 1370 Ibidem
901 1339 939 1369 C.
955 1339 1061 1379 IX.§.
1080 1350 1150 1379 27.:
1180 1341 1324 1383 quidde
1349 1338 1498 1370 tribunis
1522 1336 1684 1374 aerariis,
1709 1341 1965 1378 ceterorumque

88 1392 250 1424 ordinum
281 1391 434 1422 omnium
463 1391 679 1430 hominibus,
718 1393 778 1436 qui
801 1398 875 1423 tum
897 1404 996 1424 arma
1018 1404 1086 1435 pro
1110 1393 1270 1424 conmuni
1293 1392 1452 1424 libertate
1479 1394 1651 1432 ceperunt.
1697 1387 1825 1418 Ibidem
1853 1387 1890 1417 C.
1914 1387 1961 1418 X.

89 1446 120 1487 §.
144 1445 215 1476 50.:
254 1456 312 1482 ae,
346 1444 377 1475 si
397 1456 463 1486 pro
485 1444 626 1475 illorum
653 1445 757 1477 laude
785 1446 873 1476 mihi
900 1458 1000 1477 arma
1030 1446 1198 1489 capienda
1223 1451 1351 1483 essent,
1388 1456 1454 1475 non
1483 1443 1598 1474 minus
1626 1446 1764 1471 strenue
1797 1452 1965 1484 caperem,

89 1510 193 1542 quam
222 1497 278 1528 illi
302 1509 370 1541 pro
400 1498 561 1529 conmuni
589 1498 702 1529 salute
732 1505 905 1541 ceperunt.
950 1499 1078 1530 Ibidem
1111 1499 1148 1530 C.
1176 1498 1239 1529 XI.
1271 1498 1300 1539 ἕ.
1326 1498 1394 1529 51.:
1433 1495 1617 1528 Neminem
1645 1506 1716 1525 esse
1747 1494 1822 1525 dieo
1853 1506 1893 1526 ex
1920 1495 1965 1525 iis

89 1550 265 1588 omn-ibus,
292 1550 353 1593 qui
376 1550 437 1580 illo
464 1550 519 1581 die
540 1551 672 1582 Romae
685 1549 848 1593 fuerint,
866 1569 908 1574 —
933 1551 1109 1595 pubesque
1133 1557 1207 1583 tum
1219 1550 1358 1594 fuerit,
1381 1550 1464 1593 quin
1486 1559 1586 1579 arma
1609 1546 1754 1589 ceperit,
1779 1548 1861 1590 quin
1886 1560 1965 1578 con-

88 1603 181 1635 sules
203 1608 340 1635 secutus
363 1603 420 1634 sit.
463 1603 613 1645 Philipp.
635 1604 703 1642 IV,
736 1603 772 1641 5,
806 1615 851 1644 7.:
892 1616 1005 1635 omnes
1028 1605 1190 1635 mortales
1220 1617 1290 1636 una
1320 1609 1431 1635 mente
1453 1600 1693 1632 consentiunt.-
1729 1600 1843 1631 omnia
1866 1612 1966 1632 arma

89 1668 226 1693 eorum,
259 1657 319 1698 qui
342 1657 425 1687 llaec
447 1656 547 1688 salua
571 1657 698 1694 uelint,
730 1662 851 1688 contra
875 1657 974 1688 illam
990 1662 1122 1699 pestem
1145 1669 1216 1689 esse
1239 1657 1417 1699 capienda.
1462 1653 1593 1684 Ibidem
1617 1652 1668 1688 X,
1701 1663 1735 1691 ζ’,
1770 1653 1836 1683 15.:
1868 1653 1966 1684 Nam

90 1710 122 1742 si
145 1715 312 1753 quattuor
334 1709 504 1741 exercitus
530 1709 572 1747 ii,
595 1709 636 1741 de
659 1708 781 1752 quibus
805 1710 892 1747 (lixi,
908 1715 1096 1753 propterea
1119 1710 1329 1747 laudantur,
1353 1708 1443 1752 quod
1459 1719 1526 1750 pro
1544 1705 1669 1749 populi
1688 1705 1841 1736 Romani
1863 1705 1966 1736 liber-

92 1768 164 1795 tate
186 1774 285 1794 arma
309 1767 480 1804 ceperunt.
524 1761 653 1793 Eadem
677 1767 758 1793 orat.
784 1762 821 1792 C.
845 1762 908 1793 IX.
935 1763 964 1803 §-
992 1762 1059 1794 18.:
1089 1775 1156 1794 non
1177 1768 1258 1794 sunt
1280 1763 1368 1793 enim
1393 1761 1491 1792 credo
1515 1757 1798 1795 innumerabiles,
1822 1758 1882 1801 qui
1898 1770 1966 1801 pro

92 1815 254 1848 conmuni
276 1813 436 1846 libertate
459 1826 558 1846 arma
586 1815 736 1858 capiant.
780 1814 911 1846 Ibidem
936 1815 1005 1853 XI,
1044 1826 1079 1853 1,
1118 1826 1162 1846 1.:
1192 1815 1434 1857 perspeximus
1457 1813 1564 1849 enim,
1600 1816 1730 1854 quanta
1753 1811 1788 1842 in
1812 1811 1875 1849 iis,
1908 1811 1968 1853 qui

94 1873 215 1900 contra
236 1868 396 1910 patriam
425 1868 592 1900 scelerata
623 1880 721 1900 arma
750 1874 931 1910 ceperunt,
966 1869 1091 1901 inesset
1132 1868 1331 1899 inmanitas.
1377 1865 1505 1897 Eadem
1536 1870 1617 1895 orat.
1647 1864 1685 1894 C.
1710 1863 1811 1895 XIV.
1842 1864 1871 1904 ξ.
1897 1863 1967 1902 57.:

95 1932 150 1952 eos
174 1926 374 1959 ueteranos,
408 1921 468 1963 qui
486 1932 553 1963 pro
577 1919 772 1963 republica
794 1933 894 1953 arma
915 1927 1088 1965 ceperunt.
1132 1921 1260 1952 Ibidem
1283 1920 1373 1958 ΧΠ,
1402 1931 1436 1960 7,
1465 1918 1529 1949 16.:
1563 1917 1743 1948 Iclcz'rcone
1765 1927 1851 1959 saga
1875 1928 1969 1947 sum-

91 1973 244 2016 psimus,
279 1985 378 2005 arma
402 1974 577 2017 cepimus?
622 1974 743 2004 Caesar
765 1973 803 2004 B.
829 1974 872 2004 G.
897 1974 947 2013 V,
980 1974 1048 2005 26.:
1087 1974 1200 2013 Quom
1219 1973 1375 2005 celeriter
1398 1971 1509 2002 nostri
1535 1981 1634 2001 arma
1657 1969 1824 2012 cepissent
1846 1986 1888 1991 --
1910 1969 1970 2000 de-

96 2031 235 2069 sperata
266 2037 303 2057 re
337 2027 448 2057 lios-tes
481 2039 560 2057 suos
590 2026 631 2058 ab
655 2027 912 2069 oppugnatione
943 2027 1164 2058 reduxerunt.
1209 2025 1339 2056 Ibidem
1363 2025 1404 2055 L.
1428 2023 1508 2055 VII.
1533 2023 1571 2054 C.
1595 2023 1678 2054 IV.:
1713 2023 1893 2061 hortatur,
1930 2027 1969 2052 ut

98 2078 275 2109 communis
298 2077 470 2110 libertatis
493 2091 615 2110 caussa
638 2091 736 2110 arma
761 2080 911 2122 capiant.
956 2079 1047 2110 Nolo
1070 2079 1170 2121 plura
1193 2078 1293 2109 huius
1317 2075 1497 2108 locutionis
1521 2075 1679 2117 exempla
1701 2074 1847 2113 adfeue,
1885 2085 1969 2116 quae

98 2129 279 2161 innumera
301 2141 344 2161 ex
366 2131 485 2169 Liuio,
510 2142 552 2162 ex
575 2131 755 2170 Sallustio,
780 2143 822 2162 ex
846 2132 982 2171 Tacito,
1008 2132 1127 2163 Curtio
1150 2131 1291 2172 aliisque
1314 2128 1438 2160 adferii
1460 2135 1610 2172 possunt.
1655 2128 1710 2159 Ex
1733 2127 1888 2158 omnibus
1909 2137 1971 2168 pa-

99 2181 203 2222 tebit,
236 2183 325 2223 quod
349 2183 440 2224 dixi,
477 2196 576 2216 arma
599 2196 718 2227 capere
747 2184 833 2216 nihil
862 2196 932 2216 esse
959 2185 1044 2215 aliut
1072 2183 1137 2214 nisi
1160 2197 1194 2215 se
1217 2196 1364 2216 armare.
1409 2183 1534 2214 Contra
1557 2193 1690 2214 sumere
1711 2192 1810 2212 arma
1832 2178 1971 2210 adtende

100 2235 137 2267 in
160 2235 316 2267 omnibus
340 2235 431 2275 fere,
466 2248 550 2278 quae
572 2238 638 2267 iam
662 2237 855 2279 prolaturus
878 2250 970 2276 sum,
1004 2237 1170 2279 exemplis
1194 2248 1251 2275 eo,
1287 2248 1388 2278 quem
1411 2235 1574 2278 exposui,
1608 2245 1706 2265 sensu
1728 2232 1803 2263 dici.
1851 2231 1970 2263 Cicero

103 2287 242 2319 Tuscul.
266 2288 298 2326 Ι,
322 2288 373 2326 55,
397 2288 466 2322 86.ε
498 2290 623 2322 Utrum
645 2291 770 2333 igitur,
792 2292 823 2322 si
846 2297 919 2323 tum
942 2296 1027 2322 esset
1051 2291 1221 2321 extinctus
1245 2288 1467 2331 (Pompeius),
1490 2302 1512 2320 a
1534 2288 1629 2320 bonis
1650 2287 1761 2324 rebus,
1785 2298 1829 2317 an
1853 2298 1874 2316 a
1897 2297 1972 2316 ma—

103 2341 148 2373 lis
181 2341 417 2374 discessisset?
452 2350 541 2375 certe
570 2357 592 2376 a
614 2345 767 2376 miseris:
807 2356 872 2375 non
901 2344 992 2375 enim
1023 2355 1099 2374 cum
1128 2354 1241 2373 socero
1271 2342 1397 2373 bellum
1422 2342 1605 2385 gessisset3
1643 2352 1708 2371 non
1740 2340 1972 2381 inparatus

105 2405 232 2426 arma
254 2396 546 2439 sumpsisset3
581 2403 657 2428 etc..
705 2397 783 2438 Quo
811 2397 885 2428 loco
909 2397 975 2427 iam
1006 2407 1049 2426 ex
1074 2406 1132 2433 eo,
1167 2394 1257 2436 quod
1287 2394 1568 2437 praepositumst,
1606 2393 1789 2436 inparatus
1820 2396 1971 2432 apparet,
