2264 2746
834 107 858 137 C
879 108 907 137 A
929 108 968 138 P.
1009 107 1115 137 XVII.
1135 106 1163 148 §.
1185 114 1230 141 41.
1305 112 1307 114 '
1913 118 1968 144 127

164 182 302 213 Editici
325 181 467 223 iudicis)
512 182 593 213 Bau.
615 182 777 221 aeclitz'ci,
801 182 834 214 h.
857 194 885 214 e.
909 184 1054 221 editis-ii,
1080 182 1170 225 quod
1194 195 1270 215 cum
1293 183 1328 214 in
1352 181 1425 215 Erf.
1449 184 1617 217 Graeuius
1643 186 1846 228 repperisset
1867 192 1968 228 atque

85 235 270 278 probasset,
294 246 354 265 cur
376 246 444 266 nou
470 235 646 277 receperit,
670 235 794 266 nescio.
841 236 979 268 Seruius
1002 236 1044 268 ad
1070 238 1174 279 Uerg.
1198 237 1258 268 III.
1285 237 1355 268 Ecl.
1381 238 1432 269 50.
1456 238 1635 271 Editicius
1658 239 1762 270 iudex
1785 245 1846 277 est,
1870 252 1968 283 quem

85 300 155 320 ιιηα
175 300 260 331 pars
283 288 403 330 eligit3
430 287 610 328 locumque
631 287 844 329 superiorem
866 289 977 321 adfert
1000 302 1043 321 ex
1066 302 1137 333 cap.
1159 290 1219 328 15„
1246 289 1300 320 cui
1322 290 1422 332 plane
1445 291 1564 322 similis
1588 291 1643 322 hic
1666 303 1736 323 esse
1759 292 1867 324 debet·
1892 293 1969 324 GA-

84 349 286 371 RATONIL‘s.
334 341 459 372 Uerain
483 352 569 376 esse,
598 351 698 382 quam
723 342 927 374 Garatouius
953 343 1127 385 probauit,
1155 343 1359 384 scripturam
1386 345 1505 376 editici
1527 345 1671 383 iudicis,
1695 345 1751 376 uel
1774 346 1845 377 sola
1868 358 1969 389 prae-

83 393 380 425 stantissumorum
414 392 586 432 codicum,
620 393 858 433 Ambrosiani,
891 395 991 434 Bau.‚
1029 402 1061 426 et
1084 393 1175 433 Erf.,
1211 395 1410 426 auctoritate
1433 397 1510 427 satis
1540 408 1709 439 superque
1737 398 1968 430 confirmatur.

85 445 156 477 Cfr.
181 446 313 487 Proleg.
336 446 378 475 L.
402 445 428 475 I.
454 446 491 476 C.
517 446 575 476 111.
601 446 630 487 ξ.
657 457 685 477 2.
716 458 750 488 p.
774 448 894 479 XIX..
939 448 1116 479 Consentit
1139 452 1252 478 autem
1275 447 1309 479 A
1332 459 1408 479 cum
1431 449 1457 479 B
1482 455 1515 480 et
1538 449 1583 488 E,
1621 449 1699 480 licet
1720 450 1789 481 leui
1812 461 1888 481 cum
1913 462 1969 481 er-

83 509 163 530 rore
195 499 374 530 editis-[mn
403 508 463 539 pro
494 499 614 530 editici
644 499 808 541 scriptum
840 501 970 532 habeat.
1016 499 1176 538 Accedit,
1212 499 1302 541 quod
1332 500 1467 542 uolgata
1494 501 1677 544 scriptura,
1712 503 1798 535 editi
1829 503 1969 541 iudicis,

81 562 101 582 a
124 551 189 582 loci
222 549 387 582 sententia
418 561 557 592 prorsus
587 551 758 583 abhorret.
803 554 892 585 Nam
916 553 1002 584 editi
1024 552 1151 583 iudices
1181 551 1283 583 etiam
1307 552 1331 583 ii
1355 560 1467 593 erant,
1502 555 1559 596 qui
1584 554 1713 587 dudum
1736 555 1969 586 iudicauerant

81 615 127 635 ex
149 605 223 646 lege
245 603 411 642 Seruilia,
449 615 514 645 qua
538 609 570 634 et
592 604 719 646 petitor
749 610 782 635 et
804 616 880 636 reus
904 616 947 636 ex
972 606 1066 636 CDL
1090 604 1191 644 uiris,
1227 605 1285 647 qui
1310 606 1489 647 quotannis
1519 606 1728 647 iudicabant,
1764 609 1790 639 C
1814 608 1969 646 edebant,

81 657 129 688 sic
151 663 189 688 ut
211 668 288 687 reus
312 668 355 687 ex
379 657 423 696 C,
449 668 531 698 quos
556 656 682 699 petitor
705 657 873 697 ediderat,
899 659 949 697 L,
973 657 1184 699 totidemque
1201 658 1329 700 petitor
1352 670 1395 689 ex
1418 658 1476 696 iis,
1500 670 1583 700 quos
1606 671 1682 691 rcus
1706 660 1874 701 ediderat,
1899 661 1969 692 rei-

79 716 182 741 ceret.
226 711 345 751 Itaque
374 715 539 741 necessest
570 709 610 740 (le
635 710 801 741 iudicibus
825 709 967 742 editiciis
1001 711 1056 742 hic
1079 722 1190 742 sermo
1219 710 1278 749 sit,
1317 711 1374 752 qui
1400 711 1513 753 quales
1537 710 1680 750 fuerint,
1715 724 1733 742 a
1755 725 1810 744 me
1834 714 1967 756 Proleg.

78 764 122 795 L.
147 763 206 793 111.
234 763 272 794 C.
297 764 356 793 111.
383 764 413 804 ξ.
437 763 466 794 5.
490 774 524 805 p.
549 763 707 794 Lxxx'l
730 774 803 804 sqq.
830 762 1000 794 dictumst.
1045 763 1133 795 Leni
1163 768 1277 794 tamen
1300 775 1434 803 errore,
1470 764 1504 795 in
1528 776 1628 805 quem
1653 765 1825 797 Ciceronis
1856 766 1968 797 uerbis

79 815 196 847 induci
225 827 279 846 me
310 827 424 857 passus
455 827 547 853 sum,
587 815 632 846 ibi
663 814 820 846 contendi
853 815 979 848 iudices
1012 816 1164 847 editicios
1197 828 1253 847 eos
1279 828 1349 848 esse
1374 816 1496 854 dictos,
1533 816 1593 859 qui
1615 816 1656 848 ab
1679 824 1895 850 accus-satore
1918 819 1970 850 ita

69 868 229 912 sitis-sent
253 869 434 900 constituti
457 874 495 900 ut
518 881 614 899 nemo
638 880 754 899 eorum
775 868 816 900 ab
834 881 891 901 reo
914 870 999 901 reici
1018 875 1146 913 posset.
1191 869 1339 902 Uidetur
1363 869 1427 900 hoc
1449 868 1637 900 necessario
1661 868 1746 899 ellici
1768 870 1820 901 his
1844 870 1968 910 uerbis,

81 934 166 964 quae
189 922 324 953 Tullius
349 922 378 962 §.
403 920 454 951 41.
478 921 611 962 posuit:
634 933 695 952 nos
717 933 825 965 neque
848 935 888 953 ex
911 922 1052 954 delectis
1075 921 1267 960 iudicibus,
1297 927 1348 953 set
1371 934 1412 954 ex
1435 922 1528 953 omni
1548 922 1699 965 popztl03
1731 934 1838 966 neque
1861 924 1969 955 editos

79 976 127 1008 ad
154 975 383 1013 relciemlzmz,
418 979 469 1005 set
501 973 542 1005 ab
565 979 784 1005 accus-satore
813 975 1017 1006 constitutos
1045 975 1176 1006 iudices
1207 975 1258 1006 ita
1278 973 1457 1017 feremus,
1494 980 1533 1006 ut
1563 974 1731 1005 neminem
1761 976 1969 1007 reiciamus?

80 1030 139 1060 Set
161 1034 240 1060 sunt
261 1028 343 1058 haec
368 1037 520 1067 quoque,
554 1031 591 1056 ut
614 1026 720 1056 multa
742 1026 824 1066 alia,
857 1038 941 1069 quae
964 1027 1029 1058 hoc
1052 1026 1160 1069 capite
1183 1027 1318 1058 Tullius
1343 1026 1439 1065 dicit,
1475 1027 1624 1057 oratorio
1647 1038 1743 1057 more
1766 1033 1798 1058 et
1820 1039 1897 1059 cum
1920 1028 1970 1059 rei

78 1080 341 1123 amplificatione
372 1079 476 1117 dicta3
513 1079 621 1109 ueluti
650 1079 715 1109 hoc
745 1078 874 1120 ipsum,
911 1079 1001 1121 quod
1025 1079 1152 1110 iudices
1175 1091 1194 1110 a
1216 1080 1402 1110 Laterense
1425 1079 1624 1111 constitutos
1656 1091 1698 1111 ex
1723 1080 1816 1111 omni
1840 1081 1968 1124 populo

80 1134 227 1164 delectos
257 1144 327 1163 esse
355 1132 418 1171 ait,
457 1143 540 1172 quos
572 1143 615 1162 ex
646 1131 753 1162 tribus
782 1137 914 1162 tantum
948 1132 1102 1163 tribubus
1133 1131 1236 1164 fuisse
1260 1132 1407 1163 delectos
1435 1138 1527 1163 certo
1551 1133 1685 1164 scimus.
1734 1132 1805 1164 Csr.
1835 1133 1969 1176 Proleg.

78 1198 112 1230 p.
135 1186 294 1218 LXXVI
318 1183 407 1226 sqq..
452 1185 542 1216 Nam
567 1183 624 1224 qui
648 1183 785 1215 tandem
807 1183 934 1216 iudices
958 1185 1020 1224 illi,
1047 1197 1130 1227 quos
1153 1197 1264 1228 nuper
1288 1185 1405 1217 tulisse
1428 1186 1510 1217 ciuis
1534 1186 1746 1218 clarissumos
1770 1192 1879 1228 negat,
1904 1186 1970 1217 dici

78 1239 212 1272 editicii
234 1243 437 1280 potuerunt,
467 1237 495 1268 si
516 1248 599 1267 uera
622 1243 724 1276 esset,
757 1248 857 1278 quam
881 1249 957 1269 cum
983 1238 1146 1269 Cicerone
1173 1237 1265 1274 dedi,
1296 1237 1466 1275 definitio,
1500 1249 1577 1270 cum
1599 1239 1672 1282 ipse
1696 1238 1828 1278 doceat,
1867 1238 1970 1270 fuisse

78 1304 153 1332 eos,
177 1303 260 1333 quos
284 1290 366 1321 dicit
388 1290 565 1328 edicit-ios,
594 1289 839 1332 quinquaginta
861 1290 956 1330 illos,
985 1303 1067 1333 quos
1091 1291 1263 1322 rettulerit
1286 1302 1381 1329 reus,
1409 1302 1484 1322 cum
1509 1303 1552 1322 ex
1577 1292 1731 1331 CXXV,
1755 1292 1796 1322 ab
1819 1303 1970 1323 accussa-

76 1352 152 1378 tore
173 1344 289 1382 editis,
323 1343 466 1374 LXXV
488 1342 681 1375 reiecisset?
726 1344 843 1385 ltaque
869 1343 916 1375 sic
938 1344 1051 1386 potius
1075 1343 1312 1382 statuendum,
1351 1342 1458 1374 dictos
1482 1354 1552 1374 esse
1574 1344 1700 1375 iudices
1725 1344 1877 1376 editicios
1901 1357 1967 1384 eos,

78 1398 138 1441 qui
171 1409 190 1429 a
212 1397 284 1429 solo
313 1401 424 1426 essent
452 1401 660 1426 accussatore
691 1395 772 1427 editi
801 1396 866 1436 ita,
899 1402 938 1427 ut
961 1402 1070 1427 certus
1096 1401 1228 1427 tantum
1259 1407 1377 1427 eorum
1401 1407 1564 1427 numerus
1595 1396 1635 1427 ab
1657 1408 1715 1427 reo
1738 1396 1820 1427 reici
1844 1403 1966 1439 posset.

77 1453 169 1484 Nam
199 1448 362 1481 reiciendi
387 1447 526 1479 facultas
559 1449 661 1480 etiam
688 1460 731 1480 ex
754 1449 828 1491 lege
850 1449 983 1480 Licinia
1007 1449 1082 1480 data
1114 1454 1185 1480 erat
1208 1460 1283 1487 reo,
1318 1460 1394 1479 cum
1421 1460 1463 1480 ex
1488 1455 1648 1491 quattuor
1673 1449 1848 1487 tribubus,
1886 1461 1967 1491 quas

77 1503 231 1535 ediderat
261 1507 465 1539 accussator,
502 1512 605 1532 unam
637 1501 789 1532 reiceret.
835 1502 925 1534 Uide
946 1502 1078 1542 Proleg.
1105 1513 1139 1544 p.
1166 1502 1325 1533 LXXVI
1349 1513 1418 1543 sq..
1463 1501 1502 1532 Id
1527 1513 1608 1533 uero
1634 1502 1752 1534 Cicero
1782 1502 1883 1544 plane
1911 1503 1967 1534 hic

77 1555 286 1594 dissimulat,
316 1566 383 1596 quo
407 1553 576 1592 acerbius,
609 1554 698 1595 quod
721 1555 756 1586 iu
779 1555 955 1586 Plancium
978 1555 1216 1592 exercebatur,
1248 1554 1352 1585 iudici
1375 1565 1478 1595 genus
1503 1554 1697 1594 uideretur,
1728 1554 1967 1586 reiectionem-

77 1621 144 1652 qne
169 1609 263 1640 illam
286 1607 416 1638 nullam
439 1606 575 1638 simulat
598 1618 679 1638 esse.
725 1607 929 1639 Tenendum
952 1614 1076 1646 autem,
1103 1607 1138 1638 in
1161 1607 1302 1648 reliquis
1321 1607 1478 1639 omnibus
1501 1606 1634 1639 iudiciis
1658 1613 1691 1639 et
1712 1620 1771 1640 reo
1796 1615 1829 1640 et
1850 1619 1967 1640 accus-

77 1661 181 1695 satori
204 1659 327 1692 edendi
349 1659 579 1702 reiciendique
602 1660 753 1691 iudicum
779 1667 981 1703 potestatem
1004 1659 1107 1690 fuisse
1131 1671 1332 1691 concessam.

160 1714 297 1747 Nomen
320 1713 439 1746 editis-i
462 1714 588 1745 iudicis
611 1726 677 1745 non
701 1714 872 1757 tulerunt)
917 1716 999 1746 Non
1021 1719 1274 1752 concesserunt,
1307 1719 1346 1744 ut
1367 1718 1555 1744 accussator
1576 1712 1703 1744 iudices
1727 1713 1879 1746 editicios
1902 1715 1965 1746 ha-

77 1769 190 1807 beret,
229 1766 320 1809 quod
341 1765 475 1797 Manuti
498 1777 611 1797 caussa
632 1778 774 1805 moneo,
811 1768 868 1809 qui
893 1767 927 1798 in
950 1772 1030 1798 nota
1052 1778 1122 1807 seq.
1146 1766 1227 1796 haec
1250 1766 1338 1797 male
1361 1766 1602 1808 interpretatus
1626 1772 1685 1796 est.
1730 1766 1963 1809 Repetendam

76 1828 191 1853 tamen
222 1819 293 1850 eius
322 1818 364 1849 ad
388 1819 478 1849 huuc
506 1819 636 1858 locum,
672 1825 710 1850 ut
731 1819 773 1850 ad
797 1820 1044 1857 obscuriorem,
1079 1818 1332 1850 adnotationem
1360 1818 1498 1862 putaui,
1537 1819 1613 1849 licet
1636 1830 1791 1850 errorum
1814 1819 1962 1861 plenam,

77 1885 155 1906 cum
178 1884 246 1904 non
270 1884 337 1902 una
359 1871 400 1901 de
424 1871 494 1901 eius
517 1882 615 1901 sensu
642 1871 812 1904 editorum
837 1873 1003 1904 sententia
1025 1871 1079 1903 sit.

161 1926 247 1958 Cum
269 1936 309 1957 ex
332 1923 476 1957 CXle
499 1924 689 1963 iudicibus,
716 1926 936 1969 principibus
965 1925 1133 1969 equestris
1162 1925 1312 1963 ordinis,
1347 1924 1497 1968 quinque
1519 1929 1551 1955 et
1574 1923 1686 1955 LXI(
1706 1935 1785 1955 reus
1807 1925 1962 1964 reiceret,

78 1980 113 2013 L
138 1978 297 2022 referret)
340 1978 421 2009 Nou
453 1982 503 2007 est
530 1977 754 2017 credendum,
790 1979 854 2010 hoc
877 1985 1031 2021 tempore
1054 1978 1120 2009 lata
1143 1977 1209 2008 iam
1232 1977 1375 2009 Aurelia
1403 1977 1495 2018 lege,
1530 1988 1614 2018 quae
1643 1976 1766 2007 iudicia
1788 1976 1877 2008 inter
1900 1977 1961 2008 tris

78 2031 213 2064 ordines
237 2029 511 2069 conmunicabat,
538 2030 648 2061 solum
672 2037 862 2072 equestrem
886 2031 1041 2062 ordinem
1064 2029 1244 2068 iudicasse-3,
1274 2036 1323 2061 set
1346 2036 1396 2061 est
1414 2029 1697 2071 intellegendum,
1728 2035 1838 2061 totum
1861 2029 1960 2061 illum

77 2095 259 2116 numerum
287 2083 440 2126 equitum
464 2083 714 2123 Romanorum,
751 2085 809 2126 qui
839 2084 982 2115 diuersis
1005 2083 1138 2115 iudiciis
1161 2083 1326 2125 adsignati
1354 2088 1467 2121 eraut,
1502 2081 1604 2113 fuisse
1629 2082 1783 2120 CXXV3
1819 2093 1896 2113 cum
1919 2083 1960 2114 iis

78 2143 253 2181 praeterea
279 2143 448 2168 senatores
480 2142 513 2167 et
535 2136 689 2168 tribunos
719 2137 866 2169 aerarios
893 2137 1077 2175 iudicasse3
1111 2148 1207 2167 reum
1236 2142 1350 2167 autem
1373 2147 1416 2166 ex
1440 2136 1579 2167 CXXV
1600 2133 1766 2166 iudicibus
1794 2136 1959 2177 equestris

78 2189 209 2222 ordinis
239 2189 388 2232 potuisse
414 2189 542 2220 reicere
570 2189 720 2231 quinque
747 2195 780 2220 et
811 2190 931 2228 LXX,
966 2196 999 2221 et
1020 2190 1050 2220 L
1074 2188 1220 2227 referre3
1267 2187 1434 2220 referebat
1464 2195 1577 2220 autem
1608 2200 1663 2219 eos
1692 2188 1801 2230 ipsos,
1836 2188 1893 2230 qui
1917 2187 1959 2219 de

79 2243 219 2275 CXXV
248 2248 464 2285 supererant,
499 2242 556 2284 qui
580 2242 724 2285 demptis
749 2243 891 2274 LXXV
914 2249 1010 2273 erant
1032 2243 1072 2274 L.
1119 2242 1232 2283 Quam
1254 2248 1454 2284 potestatem
1483 2241 1562 2273 licet
1586 2253 1662 2273 reus
1692 2240 1849 2279 haberet,
1887 2240 1957 2271 eius

80 2304 193 2329 tamen
215 2295 330 2334 amici,
354 2295 541 2327 clarissumi
563 2295 670 2334 ciues,
694 2307 818 2326 nomen
842 2295 924 2326 editi
942 2295 1061 2326 iudicis
1085 2294 1120 2325 in
1143 2306 1180 2325 ea
1202 2306 1315 2326 caussa
1336 2307 1405 2326 non
1428 2295 1591 2326 tulerunt.
1634 2293 1701 2326 Hic
1719 2305 1855 2334 quaero,
1880 2304 1957 2323 cum

81 2349 171 2380 dicat
200 2348 335 2387 Cicero,
371 2360 490 2381 nomen
519 2349 605 2381 editi
636 2349 780 2387 iudicis,
818 2360 860 2379 ex
892 2360 958 2389 quo
987 2347 1106 2378 ordine
1136 2347 1318 2379 ederentur
1345 2347 1386 2379 ab
1415 2353 1621 2379 accussatore
1649 2346 1701 2377 illi
1724 2345 1868 2383 iudices3
1912 2355 1955 2376 ex

81 2401 229 2444 equestri
252 2401 437 2433 uerisimile
458 2401 520 2433 uix
543 2401 699 2433 uidetur:
733 2412 812 2432 nam
836 2401 887 2431 illi
910 2401 1047 2433 CX.XV
1070 2412 1139 2432 uon
1164 2401 1349 2433 edebantur
1370 2399 1586 2432 accussatoris
1609 2398 1767 2438 arbitrio,
1797 2403 1847 2429 set
1868 2396 1956 2428 deli-
