2264 2746
800 123 837 152 L.
864 123 920 152 ΠΙ.
966 124 998 152 C.
1023 125 1079 154 IV.
1124 123 1149 164 §.
1180 135 1202 154 1.
1786 127 1935 156 LXXXI

137 199 185 227 Ae
213 199 346 238 primum
373 198 496 237 quidem
523 197 582 226 hoc
603 208 639 226 eo
666 198 744 227 mihi
764 203 884 227 ueteres
905 198 1072 238 scriptores
1092 200 1254 229 manifesto
1275 200 1422 229 uidentur
1442 200 1619 237 ostendere,
1648 201 1746 240 quod,
1775 204 1935 241 quotiens-

65 257 194 285 cumque
218 248 254 275 de
275 247 426 282 comitiis,
455 245 566 284 quibus
594 246 708 274 aediles
728 247 850 275 curules
871 248 975 283 creati,
996 248 1151 285 locuntur,
1172 259 1334 287 numquam
1356 248 1574 284 centuriarum,
1594 253 1640 277 set
1659 260 1779 288 semper
1798 251 1935 280 tribuum

64 295 253 324 mentionem
279 295 405 324 faciunt.
445 293 537 331 Quod
557 301 768 331 argumentum
796 295 853 323 etsi
874 296 1040 333 praeuideo
1061 297 1129 325 sore
1150 297 1201 335 qui
1222 297 1292 324 leue
1314 297 1416 325 (licant
1436 301 1617 335 propterea,
1646 297 1728 335 quod
1748 298 1779 325 in
1800 299 1934 327 comitiis

65 343 155 372 etiam
177 343 357 372 centuriatis
378 352 606 380 nonnumquam
625 342 763 371 tribuum
791 344 907 372 mentio
936 345 1004 381 fiat,
1039 345 1138 373 ueluti
1159 356 1175 373 a
1196 345 1347 373 Cicerone
1367 345 1399 373 in
1420 345 1549 373 Rullum
1570 344 1616 380 II,
1636 354 1672 380 2,
1690 345 1717 373 4.
1756 346 1868 383 Itaque
1888 357 1934 374 me

63 403 124 420 non
144 399 279 421 extrema
299 391 400 420 tribus
418 389 659 428 suffragiorum,
694 397 738 419 set
754 393 854 427 primi
872 392 923 420 illi
943 396 1040 422 uestri
1064 404 1246 426 concursu-5,
1274 404 1369 431 neque
1388 395 1530 430 singulae
1550 403 1639 421 uoces
1653 403 1859 429 praec-onum,
1890 399 1933 421 set

63 451 128 469 una
155 451 227 469 ltoee
254 441 418 468 uniuersus
439 440 575 475 populus
594 439 631 467 R.
653 440 807 467 consulem
829 439 1013 469 declarauil.
1041 441 1077 469 ad
1105 450 1194 479 quem
1223 440 1323 468 locum
1352 440 1494 469 uideatur
1516 440 1718 468 Garatonius:
1748 444 1845 468 tamen
1867 440 1935 478 pri-

61 498 145 517 mum
164 488 377 522 tenendumst,
412 486 455 514 ita
474 496 638 524 numquam
658 497 674 514 a
694 486 836 514 tribubus
856 488 953 516 factos
974 489 1116 517 consules
1136 493 1334 526 praetoresue
1362 488 1441 523 dici,
1468 488 1722 526 quemadmodum
1741 487 1935 516 sollemniter

62 537 176 565 aediles
204 536 324 565 curules
354 533 428 563 sacti
458 533 609 562 dicantur.
647 534 770 562 Deinde
799 546 874 563 uero
901 535 1013 564 mirum
1040 537 1181 574 profecto
1209 536 1308 571 soret,
1336 535 1389 573 qui
1416 536 1530 564 factum
1552 542 1647 570 esset,
1676 541 1727 571 ut,
1754 535 1780 563 si
1800 535 1935 564 comitiis

61 584 243 614 centuriatis
264 583 377 612 aediles
398 582 519 610 curules
540 582 634 611 creati
655 587 767 617 essent,
788 592 892 610 omnes
912 588 1013 611 tamen
1033 583 1199 621 scriptores
1219 588 1340 611 ueteres
1362 583 1394 611 in
1415 583 1460 611 cis
1480 594 1601 621 semper
1622 584 1764 613 tributim
1784 583 1935 622 populum

59 633 167 662 tulisse
187 631 325 669 suffragia
344 630 562 668 significarent,
583 641 650 658 eum
672 631 704 658 in
725 630 868 666 comitiis,
890 640 967 668 quae
986 630 1098 658 scimus
1120 630 1292 658 centuriata
1313 631 1419 667 fnisse,
1439 631 1631 659 sollemniter
1651 632 1798 660 centuriis
1818 641 1936 659 renun-

60 681 152 710 tiatos
178 680 370 718 magistratus
398 683 535 706 narrent.
563 679 627 706 Cfr.
649 678 758 706 Cicero
786 689 843 717 pro
864 678 967 706 Plane.
995 678 1029 706 C.
1049 679 1127 707 XX.
1155 676 1182 717 §.
1203 679 1248 716 49.
1293 679 1428 707 Uoculae
1455 680 1573 714 trihus;
1604 680 1704 708 latum
1729 679 1936 718 szzffi-agium5

59 729 206 757 diribitae
232 728 381 762 tabellae;
409 728 498 765 longe
521 728 705 764 plurumum
730 727 833 754 ualuit
861 726 1025 754 Flam-ius.
1064 726 1183 754 Ibidem
1213 726 1247 754 C.
1274 726 1385 754 XXII.
1413 724 1440 766 §.
1461 728 1506 756 53.
1534 727 1586 754 An
1615 733 1644 755 te
1672 729 1729 756 illa
1748 732 1936 764 argumenta

58 776 238 806 duxerunt?
265 776 437 810 dubitatis,
463 777 585 813 inquit,
612 777 688 813 quin
709 775 799 802 coitio
820 773 917 811 sacta
937 775 994 810 sit,
1024 785 1094 802 cum
1115 774 1215 802 trihus
1230 775 1397 812 plerasque
1417 786 1486 802 cum
1507 776 1612 803 Plotio
1633 776 1739 803 tulerit
1759 773 1937 802 Plancius?

57 826 112 854 An
132 835 197 853 una
208 824 287 860 steri
303 829 489 861 potuerunt,
515 825 542 851 si
563 834 627 850 una
648 821 745 850 tribus
766 831 826 847 non
846 821 1017 848 tulissent?
1054 821 1173 850 Ibidem
1193 819 1220 861 §
1241 822 1287 851 54.
1313 823 1355 850 Et
1375 823 1423 850 ais
1438 822 1600 859 prioribus
1619 823 1751 850 comitiis
1772 821 1937 849 Aniensem

58 883 79 902 a
99 874 202 901 Plotio
223 872 335 906 Pedio,
373 873 571 899 Terentinam
591 881 611 897 a
630 870 762 897 Plancio
783 867 841 895 tibi
861 878 921 896 esse
941 879 1134 903 concessam;
1163 881 1245 898 nune
1265 869 1304 897 ab
1325 875 1454 907 utroque
1480 880 1529 898 eas
1551 871 1692 905 auolsas,
1723 880 1760 897 ne
1780 871 1813 896 in
1833 879 1937 906 angu-

58 927 142 949 stum
162 922 311 948 uenirent.
352 918 453 955 Quam
472 918 633 951 conuenit,
660 916 797 944 nondum
817 917 941 953 cognita
963 918 1073 954 populi
1093 918 1255 946 uoluntate
1275 917 1345 950 hos,
1372 927 1447 956 quo-s·
1467 919 1532 946 iam
1551 923 1617 945 tum
1637 918 1814 945 coniunctos
1832 916 1937 953 suis-se

58 969 153 1003 dicia,
175 970 331 996 iacturam
350 976 480 994 suarum
499 965 647 1001 tribuum,
669 974 727 1002 quo
748 974 802 991 uos·
821 964 1072 999 acliuuaremini,
1091 966 1219 1004 secisse.
1257 966 1359 994 Uarro
1381 965 1418 993 de
1439 965 1477 993 R,
1498 966 1536 993 R.
1558 964 1615 1000 III,
1638 974 1679 999 17.
1700 963 1812 1003 (totum
1834 963 1937 991 locum

58 1017 140 1045 infra
160 1012 331 1053 adponam.)
371 1014 497 1042 Interea
516 1013 597 1041 redit
617 1011 661 1040 acl
679 1022 732 1039 nos
752 1013 843 1039 Pauo
856 1032 864 1047 ,
886 1013 943 1046 Et,
964 1014 992 1041 si
1012 1015 1121 1048 uoltis,
1141 1015 1263 1053 inquit,
1289 1013 1443 1041 anchoras
1464 1014 1584 1046 tollere,
1615 1013 1690 1041 latis
1711 1012 1824 1040 tabulis
1845 1013 1937 1039 sorti-

58 1067 100 1094 tio
113 1065 158 1101 fit
178 1062 332 1096 tribuum,
357 1072 394 1089 ac
414 1062 514 1098 coepti
534 1065 606 1088 sunt
626 1070 646 1087 a
662 1069 817 1096 praecone
837 1063 1032 1094 renuntiari,
1054 1072 1144 1100 quem
1164 1072 1301 1101 quaeque
1321 1061 1421 1090 tribus
1439 1061 1580 1100 fecerint
1600 1061 1739 1090 aedilem.
1779 1059 1855 1087 Cum
1877 1070 1936 1097 quo

56 1113 141 1148 Ioco,
167 1116 203 1139 ut
229 1109 334 1138 uideas
362 1118 424 1136 non
445 1118 536 1147 posse
562 1107 614 1136 hic
641 1106 702 1134 nisi
724 1106 761 1134 de
782 1106 916 1136 comitiis
943 1107 1070 1137 tributis
1099 1109 1245 1148 cogitari,
1273 1120 1405 1148 conpara
1427 1109 1587 1137 Ciceronis
1614 1108 1710 1137 uerba
1736 1107 1769 1136 in
1798 1108 1937 1136 oratione

56 1159 243 1199 Pompeiana
266 1157 299 1185 C.
321 1156 344 1184 I.
371 1154 398 1195 §.
419 1166 445 1184 2.
472 1155 602 1194 scripta:
621 1156 708 1184 Nam
728 1165 797 1183 eum
812 1161 944 1192 propter
963 1156 1093 1184 clilation
1117 1169 1144 1185 m
1164 1160 1358 1187 comitiorum
1378 1163 1424 1186 ter
1439 1163 1569 1195 praetor
1583 1159 1706 1194 primus
1733 1157 1938 1185 centuriis

55 1209 216 1238 cunc-tis
242 1206 516 1233 renuntiatus
541 1213 631 1231 sum.
679 1203 776 1230 Porro
803 1202 948 1243 uideatur
974 1204 1088 1232 Liuius
1108 1224 1121 1233 ,ι
1146 1206 1228 1241 XV,
1248 1215 1275 1234 2.
1303 1207 1428 1235 Aedilis
1457 1206 1576 1234 curulis
1599 1205 1673 1243 fuit
1701 1216 1732 1233 eo
1759 1215 1841 1232 anno
1870 1215 1939 1232 ema

54 1258 106 1286 M.
127 1255 265 1285 Cornelio
285 1252 415 1290 Cethego
437 1253 475 1281 P.
496 1252 656 1280 Cornelius
683 1252 803 1287 Scipio,
832 1246 887 1279 ‘cui
905 1257 979 1288 post
999 1253 1155 1289 Africano
1174 1253 1248 1292 ficit
1273 1264 1447 1291 cognomen.
1485 1254 1574 1281 Iluie
1593 1254 1716 1290 petenti
1745 1253 1937 1281 aedilitatem

53 1315 123 1334 cum
142 1303 323 1332 obsisterent
342 1300 462 1328 tribuni
475 1299 596 1337 plebis,
629 1306 776 1337 negantes
797 1301 950 1327 rationem
970 1300 1036 1327 eius
1056 1300 1231 1329 habendam
1251 1311 1330 1335 esse,
1358 1302 1440 1339 quod
1457 1301 1594 1329 nondum
1614 1301 1658 1328 acl
1669 1302 1840 1338 petendum
1859 1302 1937 1338 legi—

55 1359 141 1382 tuma
162 1356 248 1378 aetas
269 1355 361 1377 esset.-
388 1349 416 1376 .ςί
436 1359 496 1382 me,
524 1350 645 1386 inquit,
673 1357 774 1375 omnes
796 1346 933 1383 Quirites
960 1348 1091 1375 aedilem
1110 1348 1223 1386 faeere
1244 1350 1368 1382 uolunt,
1403 1351 1481 1377 satis
1507 1359 1662 1377 annorum
1688 1349 1792 1377 haheo.
1837 1351 1936 1377 Tanto

54 1401 126 1430 inde
138 1399 256 1438 fauore
276 1397 320 1424 ad
336 1395 527 1434 suff-agium
545 1396 715 1433 serendum
736 1397 778 1423 in
798 1394 935 1423 trihus
956 1395 1188 1425 discursum
1208 1403 1283 1432 est,
1313 1403 1348 1424 ut
1368 1397 1489 1425 tribuni
1508 1403 1633 1435 repente
1652 1399 1792 1435 incoepto
1812 1397 1936 1424 destite-

53 1452 128 1479 rint.
165 1446 249 1474 Idem
272 1443 337 1479 IX,
357 1443 402 1471 46.
436 1444 551 1471 Eodem
571 1453 653 1471 anno
674 1445 727 1472 Un-
748 1442 883 1470 Flauia-5·
903 1444 957 1472 C'n.
978 1444 1074 1480 filius·
1102 1444 1221 1480 scriba,
1244 1450 1339 1481 patre
1359 1444 1523 1479 libertino,
1549 1445 1662 1474 humili
1679 1446 1818 1484 fortuna
1839 1450 1935 1478 ortus,

55 1503 188 1526 ceterum
207 1491 340 1522 callidus
361 1492 413 1518 uir
432 1497 461 1518 et
472 1491 655 1528 facundus,
676 1492 788 1519 aedili-⁹
808 1492 928 1519 curulis
942 1491 1023 1529 fiait.
1064 1494 1194 1521 Inuenio
1214 1495 1247 1520 in
1268 1491 1453 1530 quibusdam
1473 1494 1658 1529 annalibus,
1680 1504 1749 1522 cum
1768 1497 1935 1530 appareret

55 1543 225 1576 aedilibus,
242 1540 378 1577 fierique
398 1549 429 1566 se
451 1549 526 1576 pro
552 1538 665 1567 tribu
690 1539 820 1567 aedilem
840 1539 960 1567 uideret
980 1545 1047 1568 etc..
1067 1555 1105 1560 —
1124 1539 1264 1568 Ceterum
1284 1542 1432 1569 Flauium
1452 1541 1575 1569 dixerat
1597 1542 1727 1570 aedilem
1747 1541 1794 1579 fo
1803 1551 1868 1569 ren
1880 1541 1935 1567 sis

47 1592 208 1632 factio,
235 1588 294 1623 Ap.
315 1587 429 1615 Claudi
456 1597 589 1615 censura
614 1588 695 1615 uiris
720 1592 831 1620 nacta,
859 1588 914 1624 qui
933 1593 1076 1616 senatum
1097 1590 1222 1626 primu-s·
1247 1588 1463 1617 libertinorum
1480 1589 1567 1625 filiis
1595 1590 1682 1617 lectis
1702 1590 1933 1627 inquinauerat.

54 1643 96 1670 Et
114 1644 281 1676 postquam
303 1645 371 1662 eam
390 1635 549 1662 lectionem
569 1645 655 1662 nemo
673 1640 778 1662 ratam
797 1633 923 1670 habuit,
950 1646 1005 1664 nee
1032 1638 1066 1664 in
1093 1637 1183 1664 curia
1204 1636 1337 1673 adeptus
1363 1642 1430 1664 erat
1459 1647 1536 1674 quas
1556 1638 1717 1675 petiuerat
1743 1646 1810 1674 opes
1835 1635 1932 1663 urba—

55 1699 129 1717 nas:
156 1681 375 1712 humilibus
391 1691 463 1718 per
484 1683 607 1710 omnis
635 1682 768 1710 tribus
797 1682 949 1710 diuisis
967 1683 1079 1721 sorum
1105 1689 1134 1712 et
1160 1693 1303 1720 eampum
1327 1686 1466 1722 eorrupit
1482 1682 1518 1723 *).

128 1748 198 1785 „Ex
218 1756 278 1784 quo
307 1744 392 1779 loco,
422 1743 542 1772 Gruchi
563 1745 657 1773 uerba
677 1751 749 1774 sunt
768 1745 805 1774 de
826 1745 970 1774 comitiis
991 1746 1081 1775 Rom.
1102 1747 1140 1775 L.
1161 1746 1200 1775 II.
1223 1757 1247 1775 c.
1268 1756 1294 1776 2.
1315 1758 1345 1786 p.
1366 1747 1429 1776 640.
1452 1746 1545 1777 Thes.
1567 1747 1698 1782 Graeu.,
1728 1746 1931 1775 demonstrari

53 1802 173 1840 potest,
208 1803 270 1822 non
302 1792 396 1820 fuisse
421 1792 595 1821 centuriata
621 1793 761 1829 comitia,
798 1793 831 1821 in
858 1793 969 1831 quibus
991 1794 1046 1823 Cn.
1069 1795 1196 1823 Flauius
1226 1796 1334 1823 aedilis
1362 1795 1478 1823 curulis
1506 1800 1551 1823 est
1571 1795 1677 1823 sactus.
1717 1794 1827 1832 Neque
1848 1794 1930 1822 enim

53 1846 156 1888 potuit
176 1840 307 1872 forensis
329 1838 422 1867 factio
444 1839 475 1867 in
497 1841 631 1868 comitiis
651 1841 833 1869 centuriatis
854 1842 1050 1879 praeualere,
1070 1848 1131 1879 set,
1152 1848 1187 1872 ut
1207 1843 1289 1871 idem
1309 1844 1420 1872 Liuius
1441 1843 1500 1879 ait,
1529 1845 1577 1871 uis
1596 1842 1819 1881 suffragiorum
1834 1853 1931 1879 penes

50 1897 200 1935 primores
224 1895 300 1917 erat.
339 1888 384 1915 Ut
404 1888 558 1923 omittam,
585 1888 669 1917 illam
695 1887 881 1916 diuisionem
908 1888 1074 1918 humilium
1102 1902 1159 1930 per
1186 1892 1284 1920 omnis
1305 1891 1404 1920 tribus
1425 1890 1507 1918 nihil
1527 1895 1578 1917 aut
1597 1899 1762 1928 perparum
1781 1890 1929 1928 potuisse,

52 1942 114 1971 nisi
133 1937 273 1969 tributim
295 1936 433 1973 suffragia
454 1937 549 1964 ferret
570 1936 713 1974 populus.
750 1935 830 1964 Nam
850 1936 876 1964 si
896 1936 1029 1967 humiles
1050 1945 1154 1974 erant,
1188 1940 1240 1978 qui
1262 1950 1355 1967 censu
1375 1939 1495 1966 minore
1516 1942 1618 1973 erant,
1646 1947 1708 1965 non
1728 1942 1871 1975 poterant
1891 1937 1929 1965 ad

53 1988 226 2026 suffragium
246 1984 352 2013 uocari
374 1983 506 2012 humiles
527 1984 594 2019 isti,
621 1983 682 2012 nisi
702 1983 735 2012 iu
754 1985 918 2022 postremis
940 1986 1105 2015 classibus:
1134 1987 1166 2015 in
1187 1988 1299 2026 quibus
1319 1986 1345 2014 si
1365 1986 1486 2025 priores
1507 1985 1747 2021 consensissent,
1774 1985 1860 2013 nulla
1879 1985 1927 2013 uis

54 2035 262 2073 suffragiorum
284 2042 347 2060 esse
368 2033 525 2071 poterat.“

125 2100 222 2128 Porro
244 2095 404 2125 Ciceronis
426 2095 537 2129 uerba,
570 2104 646 2132 quae
665 2095 756 2123 modo
784 2095 898 2132 adtuli,
936 2097 1072 2127 Uoc-atae
1092 2098 1212 2133 trihus;
1245 2099 1344 2126 lulum
1364 2097 1572 2136 Suffiagium;
1600 2097 1747 2126 diribitae
1775 2097 1927 2132 tahellae5

54 2148 140 2183 longe
155 2147 338 2184 plurumum
357 2144 463 2171 ualuit
483 2145 658 2177 Plancius,
687 2153 752 2171 non
774 2153 863 2182 posse
883 2144 944 2172 nisi
973 2145 1009 2173 de
1031 2146 1165 2174 comitiis
1187 2146 1311 2174 tributis
1333 2145 1414 2173 dicta
1434 2145 1549 2183 accipi,
1582 2145 1742 2182 intellegat
1762 2151 1926 2181 necessest,

55 2194 107 2232 qui
129 2193 258 2221 eundem
279 2196 431 2219 oratorem
452 2190 590 2230 Philipp.
611 2191 658 2227 II,
681 2192 727 2220 33.
755 2192 891 2220 consulis
912 2193 1100 2222 creationem
1129 2199 1335 2233 exponentem
1361 2193 1492 2231 ideoque
1522 2193 1559 2221 de
1587 2193 1723 2222 comitiis
1744 2193 1925 2222 centuriatis

53 2241 229 2280 loquentem
250 2240 293 2267 ita
311 2238 458 2266 audierit:
769 2248 771 2250 ·

128 2299 205 2326 Ecce
225 2297 406 2326 Dolabellae
427 2299 620 2326 comitiorum
639 2298 724 2332 die85
745 2300 865 2326 sortitio
879 2303 1142 2338 praerogatiuae:
1170 2301 1317 2338 quiescit:
1344 2301 1564 2328 renuntiatur:
1591 2305 1692 2328 tac-et:
1713 2303 1821 2338 prima
1844 2302 1924 2329 clas-

121 2446 142 2476 ’)
161 2443 279 2469 Eandem
297 2454 352 2470 rem
370 2446 403 2472 A.
424 2446 526 2473 Gellius
545 2447 579 2472 N.
598 2447 632 2472 A.
651 2447 703 2480 VI,
723 2456 747 2481 9.
766 2449 899 2480 narrauit,
920 2449 992 2473 cuius
1009 2448 1091 2474 uerba
1108 2448 1174 2474 insi-a
1193 2449 1363 2482 adponemus.

1469 2499 1502 2524 11
