2264 2746
268 70 485 102 LXXXVIII
940 64 1473 96 PROLEGOMENA.

272 147 416 176 excidere
435 145 591 185 potuerit,
620 153 742 183 quoque
760 141 854 179 magis
875 139 913 168 ad
939 149 1060 168 sensum
1087 140 1304 177 necessariast,
1332 151 1368 169 00
1389 142 1540 170 curiosius
1561 142 1728 170 uidendum
1750 147 1832 179 erat,
1858 152 1897 171 ne
1916 143 2026 171 lateret
2045 142 2078 170 in
2099 152 2149 171 se-

273 195 380 235 quenti
401 204 493 231 11000,
514 204 602 232 quam
622 191 724 220 onmia
744 195 885 217 ueterum
905 187 1093 225 scriptorum
1113 188 1310 225 testimonia,
1331 199 1407 228 quae
1427 190 1464 218 (le
1486 190 1632 218 aedilium
1654 195 1805 228 potestate
1825 191 1916 219 nobis
1935 191 2048 219 tradita
2067 195 2148 226 sunt,

272 248 448 282 corruptam
469 252 532 269 esse
553 241 699 273 clamant,
726 242 757 265 ct
776 247 837 265 uua
857 247 925 265 011111
945 235 1006 263 alio
1027 235 1124 263 uerbo
1145 236 1257 265 librari
1277 247 1383 266 errore
1403 237 1437 265 in
1457 248 1569 266 nomen
1589 239 1699 267 aedilis
1721 239 1894 267 coaluisset.
1934 238 2025 266 Nihil
2045 243 2148 267 autem

271 292 394 322 facilius
416 291 447 319 in
469 289 577 317 aedilis-
604 285 765 324 deprauari
794 284 898 323 potuit
925 294 1014 322 quam
1040 289 1074 310 at
1101 284 1170 318 ille,
1198 284 1266 320 1101,
1294 286 1447 323 quomodo
1475 296 1564 324 saepe
1586 286 1812 324 antiquioribus
1833 287 2026 325 temporibus
2054 286 2149 315 scribi

271 340 391 369 solebat
410 337 495 377 (uide
516 334 669 368 codicem,
695 344 755 371 quo
777 331 938 361 Ciceronis
960 331 1033 359 libri
1055 330 1091 358 de
1112 341 1146 359 re
1166 342 1196 370 p.
1218 333 1332 361 seruati
1349 332 1450 372 suut),
1470 335 1582 366 aclille,
1605 335 1785 373 pracsertim
1807 346 1875 363 011111
1896 345 2008 363 110111011
2027 335 2149 368 aedilis,

273 387 355 426 quod
376 386 407 414 iu
427 382 678 413 antecedentibus
700 385 731 409 et
757 380 957 419 sequentibus
984 379 1104 417 saepius
1130 380 1284 417 positum,
1313 381 1448 420 primum
1475 383 1611 411 omnium
1641 383 1770 410 librario
1799 383 1834 410 in
1861 388 1994 411 mentem
2023 382 2151 411 deberet

272 434 389 463 uenire.
428 430 544 459 Eodem
564 429 630 457 sere
650 429 740 457 modo
761 429 793 457 in
815 434 890 457 orat.
911 428 1013 456 Plane.
1035 427 1069 455 C.
1090 427 1218 455 XXIV.
1242 426 1267 465 §-
1289 429 1343 466 59.,
1364 439 1433 457 011111
1459 429 1490 457 111
1511 430 1630 468 aliquot
1650 431 1808 459 codicibus
1830 442 1908 468 qnae
1929 432 2055 468 scripsit
2070 441 2150 468 gra-

272 485 320 511 uis
341 488 373 510 et
394 480 466 508 ille
496 479 675 515 ingeniosus
690 482 784 514 poeta
805 476 953 514 scrip'um
974 479 1070 509 esset,
1102 474 1294 503 Oxoniensis
1315 475 1413 504 codex
1435 477 1458 505 C
1480 486 1518 504 ex
1539 478 1643 506 uerbis
1664 485 1691 506 et
1712 479 1765 506 ille
1785 478 1859 506 fecit
1880 479 2000 507 aedilis.
2038 477 2150 515 Neque

272 540 327 567 ego
347 528 463 567 primus
484 526 517 553 in
538 525 615 553 hanc
635 524 844 552 coniecturam
866 523 978 559 i11cidi3
1005 533 1113 550 uerum
1135 522 1193 550 iam
1215 523 1381 561 Scioppius
1401 534 1459 562 pro
1480 525 1605 558 aedt'liS,
1632 535 1700 553 cum
1722 532 1755 553 at
1774 526 1957 564 particulam
1978 526 2010 554 in
2031 525 2151 554 codici-

270 579 327 606 bus
347 576 409 604 suis
432 575 536 602 abesse
557 573 703 607 uidisset,
737 577 771 599 at
790 573 843 599 ille
863 571 1060 599 scribendum
1081 581 1147 598 esse
1168 571 1298 599 monuit.
1339 570 1446 609 Itaque
1473 570 1533 599 1100
1553 572 1652 600 solum
1672 577 1783 609 restat,
1817 579 1852 602 ut
1872 584 1926 602 cur
1946 574 2055 602 aedilis
2075 583 2092 601 a
2111 572 2149 601 L.

270 625 383 654 Pisone
404 622 467 650 dici
487 632 550 650 non
569 620 709 658 potuerit
730 619 873 648 habuisse
894 619 948 647 illa
970 619 1110 654 comitia,
1131 618 1384 647 demonstremus.

344 671 447 700 Prima
467 680 570 698 caussa
590 678 684 706 eaque
705 666 891 705 grauissuma
917 666 992 695 haec
1013 672 1076 702 est,
1107 666 1189 704 quod
1209 671 1350 694 ueterum
1370 665 1559 704 scriptorum
1578 668 1764 696 testimoniis
1792 674 1974 707 conpertum
1993 668 2151 704 habemus,

270 720 422 749 aedilibus
450 719 498 747 ius
527 727 595 746 cum
622 715 739 755 populo
767 714 877 753 agendi
904 725 968 744 11011
994 716 1107 752 fuisse3
1136 725 1175 743 ex
1204 725 1264 753 quo
1292 724 1357 742 11011
1385 713 1494 743 haberi
1521 716 1558 743 ab
1587 715 1626 743 iis
1653 716 1779 744 comitia
1803 717 1960 755 potuisse,
1986 717 2150 746 manifesto

268 771 404 807 apparet.

344 814 454 843 Cicero
478 814 515 842 de
534 813 629 851 Legg.
649 812 712 847 III,
730 811 757 839 4.
785 813 861 841 Cum
876 811 993 848 populo
1017 809 1224 848 patribusque
1244 810 1360 848 agendi
1379 811 1428 838 ius
1450 815 1512 838 esto
1534 812 1667 844 consuli,
1690 813 1849 850 praetori,
1876 813 2025 849 magistro
2041 811 2152 849 populi

268 865 483 902 equitumque,
503 864 607 900 eique,
637 871 725 899 quem
742 866 851 897 patres
866 859 1005 896 produnt
1026 859 1186 886 consulum
1208 858 1419 895 rogandarum
1439 869 1527 896 ergo,
1557 859 1770 897 tribunisque,
1797 869 1872 897 quos
1898 859 1958 888 sibi
1976 858 2079 896 plebes
2098 869 2151 887 ro-

265 912 382 949 gassit,
401 911 450 937 ius
471 915 531 936 esto
552 919 621 936 eum
638 907 782 945 patribus
802 906 938 945 agend&
958 907 1039 935 idem
1059 907 1103 934 ast
1118 904 1252 943 plebem,
1274 904 1356 942 quod
1374 914 1460 932 oesus
1481 907 1557 939 erit,
1578 906 1723 943 serunto.

342 957 520 995 Eodemque
541 955 632 983 inodo
654 955 685 982 111
706 954 847 982 01111111)115
869 959 1011 982 ueterum
1031 953 1220 992 scriptorum
1240 953 1328 987 locis,
1358 951 1391 979 in
1412 952 1534 989 (111111115,
1556 953 1609 990 (1111
1631 964 1698 982 cum
1719 954 1836 993 populo
1857 954 1966 992 agendi
1986 953 2034 982 1115
2054 953 2151 981 habe-

267 1007 359 1041 bant,
386 1008 671 1039 conmemorantur,
707 1007 742 1031 ut
770 1002 802 1030 111
829 1006 951 1030 senatus
978 1001 1147 1037 consultis,
1180 1010 1345 1039 numquam
1371 1010 1434 1027 non
1462 1000 1576 1028 aediles
1603 1002 1799 1030 omittuntur.
1827 1002 1900 1030 Liu.
1927 1000 2079 1037 XXVII,
2108 1002 2152 1030 5.:

267 1054 317 1082 M.
335 1053 502 1081 Lucretius
522 1051 666 1079 tribunus
683 1052 728 1089 pl.
750 1061 818 1078 cum
839 1051 875 1078 de
895 1061 930 1077 ea
950 1060 982 1077 re
1002 1050 1190 1083 consuleret,
1209 1050 1255 1077 ita
1276 1049 1413 1077 decreuit
1433 1054 1576 1081 senatus,
1597 1055 1632 1076 ut
1653 1051 1760 1078 consul
1772 1052 1884 1087 prius,
1905 1060 1998 1088 quam
2017 1049 2055 1077 ab
2076 1049 2152 1078 urbe

268 1101 454 1137 discederet,
479 1100 630 1137 populum
650 1105 794 1136 rogaret,
825 1108 914 1136 quem
934 1098 1117 1125 dictatorem
1138 1097 1201 1124 (liei
1223 1097 1365 1134 placeret
1373 1106 1386 1130 ;
1421 1106 1566 1134 eumque,
1595 1108 1683 1135 quem
1699 1099 1835 1135 populus
1854 1099 2011 1132 iussisset,
2037 1097 2153 1125 diceret

269 1149 460 1176 dictatorem.
497 1147 531 1174 Si
552 1147 661 1174 consul
680 1147 844 1179 noluisset,
867 1151 996 1183 praetor
1012 1145 1164 1182 populum
1187 1149 1334 1182 rogare&
1365 1146 1392 1172 si
1411 1155 1448 1172 ne
1468 1145 1494 1172 is
1515 1145 1638 1181 quidem
1661 1146 1767 1181 uellet,
1797 1152 1862 1173 tum
1884 1144 2005 1173 tribuni
2025 1145 2069 1172 ad
2080 1145 2153 1182 ple-

268 1196 333 1224 bem
352 1195 489 1234 firrenc.
527 1194 610 1222 Uide
639 1194 730 1223 etiam
759 1199 882 1222 senatus
910 1193 1101 1228 consultum,
1131 1192 1214 1231 quod
1240 1194 1284 1221 M.
1305 1191 1429 1221 Caelius
1457 1201 1526 1220 011111
1547 1192 1699 1221 Cicerone
1727 1192 1798 1233 (Ep.
1826 1193 1873 1221 ad.
1893 1193 1969 1220 Diu.
1991 1191 2089 1227 VIII,
2109 1189 2150 1230 8.)

267 1242 507 1272 conmunicauit.

342 1291 440 1319 Porro
468 1300 531 1318 11011
556 1290 701 1320 habuisse
729 1290 836 1319 aedilis
856 1289 904 1318 ius
928 1298 997 1316 cum
1017 1287 1135 1326 populo
1159 1287 1286 1325 agendi,
1313 1298 1352 1316 ex
1372 1289 1417 1318 M.
1437 1287 1590 1316 Uarronis
1619 1287 1701 1317 libro
1729 1299 1792 1317 uno
1820 1293 1851 1317 et
1877 1287 2025 1317 uicesimo
2045 1297 2151 1318 rerum

266 1340 468 1368 humanarum
488 1338 526 1366 A.
549 1338 670 1367 Gellius
691 1338 813 1373 docuit,
835 1337 887 1376 qui
908 1336 948 1364 N.
969 1336 1008 1363 Α.
1028 1334 1129 1371 XIII,
1158 1337 1200 1364 13.
1221 1335 1361 1374 scripsit:

343 1387 419 1415 Cum
445 1397 481 1414 ex
509 1387 635 1424 angulis
664 1388 846 1423 secretisque
872 1384 1022 1413 librorum
1048 1394 1086 1411 ae
1113 1386 1338 1421 magistrorum
1363 1386 1398 1413 in
1425 1385 1561 1414 medium
1587 1386 1650 1412 iam
1677 1384 1837 1413 hominum
1862 1390 1891 1413 et
1910 1387 1943 1413 in
1970 1386 2068 1413 lucem
2078 1384 2151 1423 fori

261 1435 453 1473 prodissem,
484 1435 659 1471 quaesitum
680 1445 741 1462 esse
761 1434 888 1461 memini
908 1434 941 1460 in
959 1432 1115 1469 plerisque
1137 1433 1255 1461 Romae
1274 1433 1461 1461 stationibus
1480 1435 1529 1461 ius
1545 1433 1671 1470 publice
1691 1433 1865 1460 docentium
1889 1439 1945 1460 aut
1964 1432 2151 1470 responden-

267 1485 365 1514 tium,
384 1492 426 1510 anr
447 1487 591 1519 quaestor
605 1482 717 1519 populi
735 1482 771 1510 R.
793 1481 836 1508 ast
848 1486 1027 1517 praetorem
1046 1480 1080 1506 in
1100 1481 1149 1507 ius
1169 1483 1278 1509 uocari
1291 1487 1404 1518 posset.
1444 1481 1485 1511 ld
1503 1486 1606 1508 autem
1627 1490 1688 1507 non
1708 1490 1743 1507 ex
1764 1481 1862 1508 otiosa
1882 1483 2060 1518 quaestione
2079 1481 2151 1518 agi-

267 1530 412 1563 tabatur,
433 1535 477 1557 set
498 1539 572 1557 usus
584 1530 673 1567 sorte
696 1535 790 1557 natae
811 1531 856 1556 rei
876 1530 923 1556 ita
943 1532 1026 1560 erat,
1056 1532 1091 1554 ut
1111 1528 1270 1556 novandas
1292 1534 1368 1557 esset
1388 1530 1422 1557 inv
1442 1530 1492 1556 ius
1512 1534 1665 1566 quaestor.
1703 1527 1777 1555 Non
1792 1530 1892 1565 pauci
1911 1530 2013 1565 igitur
2032 1529 2151 1556 exista·-

267 1577 415 1609 mabant,
434 1578 483 1604 ius
502 1579 674 1605 uec-ationis
694 1579 729 1605 in
749 1587 817 1605 eum
832 1576 976 1613 praetori
993 1585 1054 1603 non
1083 1585 1160 1606 esse,
1188 1578 1336 1614 quoniam
1354 1578 1561 1613 magistratus
1576 1576 1691 1613 populi
1710 1576 1745 1603 R.
1761 1577 1876 1613 procul
1894 1575 1986 1603 (lubio
2007 1581 2099 1613 esset,
2121 1581 2150 1604 et

268 1634 364 1662 neque
384 1625 509 1658 uocari,
538 1635 651 1662 neque,
677 1626 704 1652 si
724 1626 830 1652 uenire
851 1624 962 1655 nollet,
992 1624 1065 1659 capi
1085 1630 1141 1651 aut
1156 1624 1288 1660 prendi,
1315 1625 1407 1652 salua
1427 1625 1526 1660 ipsius
1547 1625 1751 1660 magistratus
1770 1625 1931 1651 maiestate
1947 1629 2059 1660 posset.
2096 1625 2151 1652 Set

269 1681 331 1708 ego,
351 1673 406 1709 qui
424 1677 491 1699 tum
512 1672 664 1700 adsiduus
691 1673 726 1700 in
747 1671 837 1699 libris
857 1671 906 1699 M.
933 1672 1086 1699 Uarronis
1105 1671 1174 1708 fui,
1195 1682 1265 1698 cum
1284 1671 1342 1699 hoc
1361 1673 1471 1709 quaeri
1490 1670 1689 1708 dubitarique
1708 1671 2005 1705 animaduertissem,
2026 1674 2150 1710 protuli

270 1728 365 1746 unum
384 1725 413 1747 et
433 1721 614 1747 uicesimum
632 1730 737 1747 rerum
756 1719 984 1752 hmnanarum,
1011 1720 1045 1747 in
1065 1729 1124 1756 quo
1143 1720 1190 1746 ita
1217 1720 1369 1755 seriptum
1386 1718 1476 1756 ficit:
1509 1718 1588 1755 Qui
1608 1723 1857 1755 potestatem
1882 1728 2005 1757 neque
2031 1730 2149 1749 uoca-

271 1766 400 1793 tionis
422 1765 568 1803 populi
587 1767 751 1794 uiritim
777 1766 926 1794 habent
954 1777 1079 1804 neque
1107 1768 1355 1803 prensionis,
1384 1776 1444 1794 eos
1470 1768 1747 1804 magistratus
1775 1775 1795 1792 α
1815 1767 1988 1802 priuato
2016 1769 2057 1796 in
2085 1770 2148 1797 ius

271 1822 425 1850 quoque
452 1815 599 1841 uocari
626 1819 683 1842 est
704 1820 900 1852 potestas,
938 1813 987 1841 M.
1014 1815 1226 1842 Laeuinus
1252 1814 1403 1842 aedilis
1427 1816 1585 1843 eurulis
1612 1826 1632 1843 a
1654 1816 1826 1852 priuato
1846 1814 1898 1841 acl
1918 1821 2147 1851 praetorem

271 1861 312 1887 in
332 1861 396 1886 ius
416 1866 473 1887 est
494 1862 671 1890 eductus.
709 1863 828 1890 IVune
854 1863 1009 1899 stipati
1033 1863 1169 1890 seruis
1185 1861 1363 1898 publicis
1383 1872 1453 1889 non
1478 1864 1587 1890 modo
1603 1862 1754 1900 prendi
1774 1870 1849 1888 non
1868 1868 2062 1898 possunt,
2088 1869 2147 1891 set

271 1908 394 1935 etiam
420 1909 529 1936 ultro
557 1909 788 1937 submonent
810 1912 1013 1947 populum.
1052 1911 1123 1937 Hoc
1150 1910 1251 1937 Uarro
1279 1911 1312 1937 in
1342 1919 1377 1937 ea
1397 1909 1472 1937 libri
1492 1917 1588 1946 parte
1614 1911 1651 1938 de
1670 1907 1842 1941 aetlilibus;
1870 1919 1967 1946 supra
1987 1916 2092 1938 autem
2111 1912 2147 1938 in

271 1955 373 1981 eodem
392 1954 468 1982 libro
489 1962 661 1992 quaestores
681 1968 777 1995 neque
797 1960 988 1986 uocationem
1008 1957 1119 1985 habere
1140 1968 1236 1995 neque
1251 1958 1447 1994 prensionem
1468 1957 1554 1986 (lic-it.
1589 1959 1727 1995 Utraque
1747 1957 1846 1993 igitur
1865 1956 1940 1984 libri
1954 1962 2046 1994 parte
2065 1959 2146 1986 reei-

271 2008 340 2030 tam
360 2003 394 2030 in
419 2003 569 2030 Carrenis
591 2014 691 2032 onmes
710 2006 896 2032 sententiam
916 2011 1149 2039 concesserunt;
1169 2010 1372 2042 quaestorque
1391 2006 1425 2031 in
1445 2006 1495 2032 ius
1514 2006 1560 2033 ad
1570 2011 1746 2043 praetorem
1767 2010 1897 2032 uocatus
1916 2010 1968 2033 est.

346 2049 399 2078 Set
419 2049 493 2087 quid
514 2060 589 2088 opus
611 2057 670 2085 est,
700 2051 731 2079 id
753 2052 820 2080 fuse
841 2052 1050 2090 conprobare,
1087 2051 1169 2089 quod
1189 2051 1211 2079 ii
1234 2051 1294 2090 ipsi
1316 2052 1472 2089 cognitum
1494 2052 1624 2087 habent,
1652 2050 1704 2089 qui
1725 2051 1832 2080 aedilis
1852 2052 1990 2090 potuisse
2010 2053 2144 2083 comitiis

270 2096 421 2126 aediliciis
442 2107 583 2135 praeesse
611 2099 818 2135 arbitrantur,
854 2111 918 2128 non
945 2099 1177 2137 intellegentes,
1212 2099 1293 2137 quod
1319 2099 1483 2128 intellectu
1509 2099 1746 2134 facillumumst‚
1781 2099 1834 2137 qui
1861 2099 1907 2127 ius
1931 2111 2000 2129 cum
2024 2101 2143 2140 populo

269 2144 379 2183 agendi
399 2154 461 2172 11011
481 2144 655 2181 habuerint,
676 2156 727 2174 cos
747 2148 978 2185 magistratuum
999 2147 1124 2175 comitia
1143 2146 1256 2175 habere
1277 2157 1339 2175 nou
1360 2147 1522 2186 potuisse?
1549 2147 1631 2175 Uide
1652 2146 1814 2174 Schubert.
1834 2157 1864 2185 p.
1887 2148 1941 2176 542
1960 2164 1998 2170 —-
2016 2150 2089 2178 544..

344 2192 454 2231 Neque
474 2202 548 2220 uero
569 2192 595 2220 si
616 2193 765 2223 aedilibus
786 2195 833 2224 ius
855 2207 923 2224 cum
943 2196 1060 2235 populo
1082 2194 1190 2232 agendi
1211 2194 1336 2230 suisset,
1357 2195 1439 2234 quod
1459 2205 1521 2223 non
1541 2195 1611 2231 suit,
1632 2195 1756 2222 comitia
1776 2194 1890 2224 habere
1910 2196 2046 2235 potuisse
2067 2207 2142 2225 cen-

268 2240 356 2270 sendi
376 2245 464 2275 sunt,
484 2239 636 2277 siquidem
658 2246 804 2270 certumst
826 2244 1098 2282 exploratumque,
1126 2252 1164 2270 ex
1185 2242 1351 2271 ordinariis
1370 2243 1595 2280 magistratibus
1615 2243 1769 2271 neminem
1791 2244 1852 2271 nisi
1872 2245 2012 2273 consules
2032 2250 2063 2274 et
2081 2245 2142 2273 tri-

267 2289 367 2317 bunos
387 2288 430 2326 pl.
451 2287 574 2316 comitia
596 2288 709 2316 habere
730 2290 836 2317 solitos
858 2301 931 2319 esse.
953 2292 1017 2320 Cfr.
1038 2290 1198 2319 Schulzius
1220 2291 1257 2318 de
1277 2291 1363 2319 Com.
1384 2290 1474 2318 Rom.
1494 2300 1524 2328 p.
1545 2300 1609 2329 279.
1630 2295 1705 2318 not..

341 2336 404 2364 Iam
424 2346 499 2364 uero
520 2337 660 2364 consules
682 2337 833 2365 aedilibus
854 2340 1012 2368 curulibus
1033 2339 1172 2368 creandis
1193 2338 1319 2367 comitia
1338 2338 1498 2374 habuisse,
1525 2338 1659 2377 primum
1679 2340 1820 2366 u'eterum
1842 2338 2029 2377 scriptorum
2048 2339 2139 2368 testi-

266 2383 397 2419 moniis,
431 2393 507 2421 quae
527 2384 693 2413 adtulimus
714 2395 821 2423 supra,
852 2387 1038 2424 patefactum
1058 2393 1111 2416 est.
1152 2387 1237 2416 Idem
1256 2387 1406 2426 probatur
1427 2396 1480 2423 eo,
1516 2386 1598 2424 quod
1618 2391 1801 2425 conpertum
1820 2385 1982 2423 habemus,
2018 2387 2138 2416 eosdem

2260 1391 2264 1398 ,
2242 156 2264 1381 *wne-.-
2249 129 2264 147 .-
2243 0 2264 121 -ρ-ΔΗ
