2264 2746
237 80 291 108 218
878 67 1457 98 COMMENTARIUS.

240 162 318 183 cum
340 153 483 181 cunctus
504 153 657 193 equester
682 144 764 176 ordo
787 159 848 175 -.
892 143 961 173 Iam
989 148 1083 185 patet
1113 141 1311 174 rectissume
1332 147 1370 174 at
1394 141 1592 185 particulam
1619 148 1698 174 ante
1720 149 1793 176 tota
1818 145 1962 187 positam
1984 158 2019 178 se
2042 147 2105 179 ha-

241 205 338 242 bere,
372 213 471 244 quam
495 211 608 232 omnes
632 202 767 228 tuentur
789 195 934 235 codices,
966 195 1175 237 omninoque
1198 201 1301 226 totam
1326 195 1527 226 sententiam
1552 196 1685 238 egregie
1706 196 1898 238 procedere.
1942 197 2106 231 Particula

243 264 281 290 at
303 268 375 287 eam
399 255 454 286 hic
477 254 543 284 uin]
569 251 686 288 habet,
711 260 776 291 qua
797 248 1002 291 saepissume
1025 254 1209 290 usurpatur
1230 248 1271 279 ab
1295 258 1345 286 eo,
1369 247 1428 289 qui
1451 255 1601 291 occupat,
1626 259 1710 291 quae
1731 248 1772 278 ab
1796 248 1903 279 altero
1925 249 1990 280 sibi
2011 261 2109 293 posse

241 310 371 353 opponi
394 312 496 350 putat.
541 304 624 335 Eam
648 308 777 340 autem,
811 301 869 343 qui
892 301 954 332 sibi
979 300 1050 332 fieri
1075 301 1186 343 fingit,
1222 300 1473 342 oppositionem
1503 300 1617 331 statim
1639 300 1765 332 refutat
1787 301 1905 332 Cicero
1929 302 2039 334 uerbis
2061 311 2112 337 set

244 362 422 395 recordare
444 364 516 395 ete„
541 368 639 399 quem
661 356 798 399 quidem
821 355 857 386 in
880 354 1093 386 contionibus
1113 360 1188 393 etc„
1215 354 1272 386 cui
1293 354 1432 396 quidem
1453 353 1533 385 belli
1554 354 1712 386 intestini
1734 360 1806 393 etc„
1829 353 1944 396 priore
1965 355 2040 386 loco
2062 363 2114 389 set

244 413 423 457 particula,
457 408 587 440 duobus
609 408 848 451 posterioribus
873 407 1038 449 particula
1064 407 1202 450 quidem
1223 417 1320 443 usuS‚
1356 405 1409 436 cui
1431 417 1499 436 non
1523 417 1616 437 secus
1639 413 1740 448 atque
1763 412 1814 438 set
1835 406 2020 449 particulae
2043 408 2115 440 dis-

248 466 430 499 iunctiuam
454 462 524 493 uim
548 461 681 493 subesse
704 472 805 503 supra
827 461 894 491 iam
918 461 957 491 C.
979 459 1117 491 XXXI.
1143 459 1173 500 §.
1197 459 1248 500 75.
1274 457 1317 489 ad
1340 458 1445 490 uerba
1466 460 1516 490 Ei
1540 460 1678 503 quidem
1699 459 1868 491 monitum
1891 470 1910 490 a
1935 461 2032 492 nobis
2055 468 2114 494 est·

247 519 376 552 Eodem
399 515 500 546 modo
525 515 655 545 locutus
679 514 830 545 Cicerost
852 513 887 543 in
913 514 983 544 Cat.
1010 512 1091 544 Mai.
1117 512 1156 543 C.
1179 511 1313 543 XVIII.
1339 511 1368 552 §.
1393 512 1463 543 65.:
1489 513 1541 545 At
1562 519 1643 545 sunt
1665 513 1793 544 morosi
1813 518 1846 544 et
1868 513 1967 544 anxii
1987 519 2020 545 et
2042 515 2117 547 ira..

248 571 352 605 cundi
376 575 408 601 et
431 568 588 612 sltfficiles
612 579 726 604 seneS,
759 567 790 597 si
813 567 1028 609 quaerimus,
1057 566 1164 597 etiam
1186 565 1313 603 aicari3
1352 569 1402 596 set
1424 565 1507 596 haec
1531 578 1665 598 morum
1686 566 1778 597 uitia
1799 571 1899 603 sunt,
1931 578 1999 597 non
2021 578 2118 599 sene-

249 624 365 657 ctutis.
391 628 421 652 et
444 622 598 663 Propert.
622 620 670 657 ΙΙ,
696 630 731 660 7,
755 619 786 650 5.
811 618 980 650 Gauisast
1004 624 1094 651 certe
1116 617 1290 650 sublatam
1312 616 1460 660 Cynthia
1483 618 1605 660 legem,
1624 618 1704 658 Qua
1726 619 1898 661 quondam
1919 618 2033 650 edicta
2046 619 2118 662 fle-

248 689 323 708 mus
346 681 490 718 uterque
512 674 593 711 diu,
630 672 683 705 Ni
714 684 775 704 nos
802 672 996 710 diuideret,-
1032 671 1192 715 quamuis
1214 671 1376 702 diducere
1398 672 1550 702 amantis
1572 671 1656 703 ,Non
1679 676 1782 714 queat
1804 671 1934 702 inuitos
1955 671 2117 714 Iuppiter

248 731 321 773 ipse
342 729 439 759 duos.
482 726 537 759 At
567 736 746 768 magnus
781 723 964 763 Caesar3
996 729 1060 755 set
1088 735 1266 766 magnus
1294 724 1456 756 Caesar
1485 725 1526 755 in
1557 725 1714 762 armis,-
1748 723 1905 755 deuictae
1923 729 2044 766 gentes
2065 725 2121 757 nil

248 783 284 814 in
307 791 423 812 amore
444 779 573 811 ualent.
616 778 703 810 Uide
726 777 825 808 etiam
850 777 1024 808 Handium
1046 776 1086 807 de
1107 782 1191 819 part.
1215 776 1270 807 lat.
1295 776 1336 807 T.
1350 777 1376 808 Ι.
1399 788 1433 819 p.
1456 776 1650 808 452—435.
1675 775 1807 818 egregie
1831 775 1872 806 de
1894 776 1958 808 hoc
1978 783 2018 809 at
2037 789 2120 820 par—

247 834 369 866 ticulae
398 844 461 863 usu
489 831 716 862 disserentem.
764 831 922 862 Ceterum
951 842 994 861 ne
1021 830 1161 861 mutatio
1193 829 1331 871 quidem
1361 830 1427 860 dici
1458 836 1584 873 potest,
1625 828 1716 871 quod
1738 829 1790 861 At
1812 835 1887 861 erat
1913 828 2034 870 scripsi
2055 840 2119 871 pro

247 887 402 923 Aderat.-
432 885 536 915 inimo
566 883 738 915 Ciceronis
767 894 906 915 manum
928 883 956 914 si
977 889 1230 926 repraesentare
1263 883 1466 922 noluissem,
1500 882 1612 914 nescio
1635 881 1791 924 equidem
1813 892 1855 912 au
1880 880 1983 912 satius
2006 879 2122 920 suerit,

250 938 430 971 diiunctim
452 937 686 968 tantummodo
718 937 778 969 Ad
799 942 875 968 erat
905 936 1061 967 scribere.
1106 936 1189 967 Eius
1213 936 1304 967 enim
1327 943 1430 967 aetate
1455 946 1523 966 una
1549 935 1732 976 eademque
1755 934 1868 965 littera
1890 939 1924 964 et
1945 933 2122 976 praeposi-

248 993 376 1024 tionem
402 996 434 1021 et
456 989 725 1020 coniunctionem
750 1001 819 1020 esse
842 989 1016 1031 scriptam,
1044 1001 1120 1020 cum
1146 1001 1189 1020 ex
1211 989 1435 1030 Quinctiliani
1457 994 1596 1032 apparet
1618 987 1731 1019 uerbis
1753 987 1785 1026 Ι,
1810 999 1845 1028 7,
1869 987 1919 1018 5.:
1949 986 2013 1018 illa
2036 998 2122 1029 quo-

251 1058 316 1090 que
338 1048 513 1075 seruatas-t
535 1055 556 1074 a
575 1043 695 1074 multis
719 1042 931 1086 differentia,
955 1047 995 1074 ut
1021 1042 1092 1080 ad,
1118 1054 1196 1073 cum
1218 1049 1305 1074 esset
1324 1043 1551 1086 praepositi0‚
1575 1042 1599 1073 d
1619 1042 1786 1078 litteram,
1809 1052 1886 1072 cum
1907 1044 2024 1070 autem
2043 1050 2124 1070 cona-

251 1097 399 1135 iunctio,
429 1101 443 1127 t
465 1095 644 1138 acciperet.
669 1094 709 1124 de
733 1106 877 1135 quorum
902 1105 1001 1125 sensu
1026 1100 1114 1125 recte
1136 1094 1298 1126 iudicauit
1322 1097 1426 1127 Conr.
1449 1096 1558 1136 Leop.
1582 1092 1776 1125 Schneider.
1802 1093 1838 1123 iu
1863 1093 2017 1124 Gramm.
2040 1091 2123 1134 ling.

250 1151 305 1181 lat.
329 1149 371 1180 T.
395 1149 420 1179 I.
444 1159 478 1190 p.
504 1149 592 1185 252.,
615 1153 686 1177 tum
710 1158 751 1177 ex
771 1146 938 1177 codicibus
961 1146 1200 1189 palimpsestis,
1225 1155 1340 1179 nostra
1361 1153 1467 1179 aetate
1490 1158 1508 1177 e
1530 1145 1678 1177 tenebris
1701 1146 1815 1184 erutis,
1838 1145 1874 1176 in
1897 1144 2018 1187 quibus
2042 1155 2125 1175 con-

250 1202 458 1234 iunctionem
484 1200 578 1229 illam
600 1199 806 1241 saepissume
828 1199 876 1230 ad
897 1199 998 1230 scribi
1020 1199 1187 1231 uidemus.
1232 1200 1302 1239 Sic,
1340 1207 1378 1231 ut
1400 1211 1507 1230 unum
1535 1198 1686 1229 adferam
1715 1198 1929 1241 exemplum,
1965 1197 2123 1241 palimps.

251 1254 391 1287 Taurin.
416 1252 452 1283 in
471 1251 520 1283 Μ.
545 1251 640 1282 Tulli
667 1258 747 1282 orat.
771 1251 929 1282 Caeliana
953 1253 991 1283 C.
1015 1252 1153 1283 XXIX.
1179 1252 1208 1293 §.
1233 1252 1284 1284 68.
1305 1253 1366 1285 Ad
1388 1257 1470 1284 sunt
1495 1253 1588 1284 serui
1611 1251 1732 1289 habet,
1764 1250 1841 1280 licet
1862 1251 1910 1282 ad
1931 1250 2124 1282 coniunctio

250 1308 310 1346 sit,
334 1305 529 1346 ibidemque
557 1305 618 1337 Ad
641 1305 850 1348 propinquis
881 1306 997 1348 inquit
1019 1305 1158 1350 Placuit
1179 1316 1244 1347 pro
1279 1305 1410 1348 uolgari
1437 1305 1489 1338 At
1505 1303 1715 1348 propinquis
1741 1303 1889 1346 placuit.
1932 1301 2022 1335 Uide
2043 1304 2125 1336 Am.

251 1360 399 1402 Peyron.
423 1359 521 1390 Uarr.
545 1358 654 1388 Lectt.
675 1369 708 1399 p.
737 1357 825 1399 198..

338 1413 388 1445 At
410 1416 485 1443 erat
507 1422 638 1442 mecum
660 1410 813 1450 senatus)
858 1410 912 1441 Ne
936 1409 1010 1451 quis
1034 1409 1071 1441 in
1094 1410 1263 1442 locutione
1286 1416 1362 1443 erat
1384 1422 1516 1443 mecum
1538 1414 1677 1441 senatus
1699 1407 1873 1446 haereret,
1899 1406 2041 1450 adposui
2067 1409 2128 1442 hos

255 1465 322 1496 duo
346 1465 455 1502 locos,
478 1474 540 1505 pro
566 1463 603 1493 C.
627 1463 769 1493 Rabirio
794 1463 832 1494 C.
856 1463 953 1495 VIII.
978 1464 1008 1504 §.
1033 1463 1104 1495 24.:
1129 1463 1242 1507 Atqui
1264 1464 1434 1501 uidemus,
1457 1464 1540 1495 haec
1562 1462 1598 1494 in
1622 1473 1739 1493 rerum
1762 1466 1891 1492 natura
1914 1461 1985 1492 tria
1997 1460 2129 1504 fuisse,

255 1525 294 1551 ut
316 1523 378 1549 aut
403 1529 480 1548 oiim
503 1516 693 1547 Saturnino
715 1522 821 1555 esset,
844 1521 907 1548 aut
930 1528 1008 1549 cum
1030 1517 1146 1556 bonis,
1169 1522 1232 1548 aut
1253 1517 1395 1555 lateret3
1418 1516 1548 1554 latere,
1571 1515 1692 1547 mortis
1716 1519 1792 1545 erat
1816 1514 1929 1546 instar
1952 1517 2128 1559 turpissu-

255 1583 350 1609 mae,
389 1582 467 1602 cum
498 1569 689 1600 Saturnino
716 1581 805 1608 esse,
828 1569 971 1613 furoris
1000 1576 1033 1602 et
1061 1570 1220 1609 sceleris,-
1261 1570 1377 1602 uirtus
1407 1575 1439 1600 et
1461 1570 1620 1602 ltonestas
1642 1573 1675 1600 et
1695 1567 1810 1611 pudor
1832 1580 1910 1599 cum
1932 1569 2128 1602 consulibus

255 1636 324 1656 esse
348 1622 499 1666 cogebat.
526 1627 559 1651 et
585 1620 733 1663 Philipp.
761 1622 864 1661 VIII,
893 1634 940 1654 11.
965 1624 1063 1663 Quas
1084 1623 1124 1654 ob
1148 1635 1200 1655 res
1224 1624 1276 1655 ita
1298 1635 1434 1654 censeo.-
1460 1634 1589 1660 eorum,
1613 1622 1673 1665 qui
1695 1633 1772 1653 cum
1793 1621 1844 1653 Μ.
1859 1621 2013 1654 Antonio
2035 1628 2127 1663 sunt,

257 1677 316 1720 qui
342 1675 383 1707 ab
406 1675 513 1706 arinis
537 1673 777 1712 discesserint,
815 1680 849 1706 et
870 1682 933 1707 aut
955 1677 1003 1708 ad
1023 1677 1068 1709 A.
1093 1677 1250 1708 Pansam
1269 1693 1313 1700 -
1337 1681 1417 1707 ante
1440 1676 1519 1707 idus
1547 1675 1702 1707 tlIartias
1722 1674 1855 1718 primas
1877 1674 2048 1715 adierint,
2083 1676 2128 1708 iis

250 1728 382 1772 fraudi
407 1740 447 1759 ne
470 1728 535 1766 sit,
559 1727 651 1770 quod
672 1738 749 1757 cum
771 1727 822 1759 M.
844 1728 998 1760 Antonio
1014 1728 1180 1773 fuerunt.

345 1781 415 1821 Qui
442 1780 508 1811 soli
533 1797 576 1803 —
603 1791 670 1810 non
701 1780 849 1811 siuerint
869 1798 911 1805 —
942 1782 1148 1825 ademerint)
1194 1780 1415 1813 Scribendum
1445 1785 1510 1818 est,
1549 1780 1709 1813 siuerunt
1728 1797 1771 1804 —
1793 1781 2005 1812 ademerunt.
2047 1780 2127 1812 Non

260 1835 350 1865 enim
371 1832 518 1876 pendent
540 1833 621 1864 haec
635 1832 676 1863 ab
691 1833 893 1870 recordare,·
919 1841 968 1866 set
989 1836 1024 1866 in
1049 1835 1089 1866 iis
1114 1841 1163 1866 est
1187 1834 1350 1865 iudicium
1368 1833 1552 1865 Ciceronis.
1598 1834 1713 1875 Atque
1735 1833 1780 1864 ita
1803 1833 1879 1864 feci.
1902 1833 2126 1864 ERNEsTnsss.

259 1887 349 1918 Male
372 1885 531 1927 quidem3
572 1885 690 1917 Cicero
714 1896 784 1916 non
806 1886 1004 1929 simpliciter
1027 1894 1159 1927 narrat,
1195 1894 1232 1919 ut
1255 1888 1315 1932 qui
1336 1887 1485 1930 positum
1511 1886 1552 1917 sit
1574 1897 1637 1928 pro
1659 1887 1715 1926 hi,
1755 1892 1804 1918 set
1825 1886 1989 1918 rationem
2011 1885 2128 1926 adfert,

262 1950 319 1970 cur
342 1939 450 1970 hostes
474 1937 617 1977 fuerint,
644 1939 821 1970 consulum
844 1951 969 1971 nomen
993 1952 1069 1972 cum
1091 1941 1266 1972 haberent.
1310 1940 1576 1973 Notissumumst
1597 1946 1726 1978 autem,
1750 1940 1828 1983 qui,
1849 1938 1877 1970 si
1899 1943 2044 1980 ponatur
2066 1949 2129 1980 pro

265 1993 344 2034 quia
366 1991 421 2022 uel
444 2003 538 2029 cum,
572 1991 786 2023 coniunctiuo
810 1992 914 2035 iungi.
939 1994 1152 2026 Wmsmcs.
1196 1994 1303 2025 Recte
1326 1993 1505 2026 VVeiskius
1531 1992 1781 2025 coniunctiuom
1804 1990 1932 2033 requiri
1955 1990 2010 2021 hic
2035 1991 2130 2023 uidit.

265 2045 420 2075 Ceterum
443 2043 628 2086 scripturae
650 2045 828 2086 uarietate,
857 2058 942 2088 quae
967 2053 1015 2078 est
1036 2046 1072 2077 in
1096 2047 1278 2087 codicibus,
1301 2047 1416 2078 ductus
1438 2058 1502 2090 pro
1525 2047 1650 2078 sierint
1671 2043 1789 2087 scripsi
1810 2043 1925 2081 sirint,
1948 2055 2024 2075 cum
2047 2055 2131 2075 con-

265 2095 404 2126 iunctiui
426 2096 517 2127 illius
539 2107 609 2127 non
633 2096 785 2128 uideatur
808 2099 873 2129 alia
896 2099 1006 2131 forma
1030 2112 1130 2142 quam
1152 2101 1254 2133 sirim
1275 2111 1294 2131 a
1316 2099 1537 2142 scriptoribus
1558 2097 1717 2142 prosaicis
1739 2101 1899 2138 usurpata
1920 2095 2034 2128 fuisse.
2059 2096 2130 2129 Cfr.

266 2147 459 2178 Grououius
482 2148 522 2178 ad
546 2149 625 2180 Liu.
648 2150 681 2189 Ι,
705 2150 756 2182 52.
791 2157 822 2182 et
843 2152 969 2184 Bardili
991 2153 1031 2185 ad
1056 2154 1159 2186 Corn.
1184 2153 1327 2196 Nepotis
1345 2153 1514 2195 Fragmm.
1538 2152 1620 2189 XII,
1642 2161 1671 2183 2·
1693 2160 1727 2192 p.
1751 2148 1823 2189 575.
1837 2171 1845 2178 .
1891 2148 2022 2180 Pariter
2042 2160 2132 2181 sem..

265 2210 327 2242 per
348 2199 442 2235 sisti,
469 2201 583 2239 sistis,
606 2202 744 2244 sissem,
767 2205 873 2245 sisse,
896 2212 927 2237 et
949 2207 1087 2246 desisti,
1111 2207 1268 2245 desistis,
1291 2208 1464 2245 desissem,
1487 2205 1614 2238 desisse
1636 2202 1763 2233 dictum
1785 2200 1927 2232 uidetur·
1972 2201 2043 2233 Cfr.
2066 2214 2130 2245 pro

267 2251 373 2283 Sestio
397 2250 435 2281 C·
458 2251 557 2283 XIX·
590 2255 619 2295 §.
641 2255 693 2286 44.
717 2257 777 2299 qui
799 2270 841 2290 ne
863 2260 995 2292 uestitu
1018 2261 1156 2304 quidem
1177 2258 1318 2302 defendi
1341 2271 1413 2291 rem
1429 2271 1468 2302 p.
1489 2259 1622 2290 sissent.
1665 2253 1798 2286 Ibidem
1822 2254 1860 2285 C.
1875 2253 1988 2285 LVII.
2011 2255 2130 2296 §.122-

267 2303 421 2336 Exolare
443 2303 576 2342 sinitis,
616 2307 710 2339 sistis
743 2312 847 2353 pelli,
888 2313 1030 2355 pulsum
1054 2313 1235 2357 patimini.
1278 2312 1344 2344 Pro
1368 2312 1469 2342 domo
1492 2311 1529 2341 C.
1551 2308 1726 2340 XXXIV.
1751 2308 1780 2349 ς.
1804 2318 1856 2350 92.
1900 2307 1955 2338 Tu
1982 2318 2132 2340 sororem

267 2363 366 2390 tuam
388 2355 562 2399 uirginem
585 2370 654 2389 esse
677 2373 742 2393 non
766 2364 854 2397 sisti.
899 2367 964 2397 Pro
989 2367 1027 2398 C.
1051 2365 1192 2397 Rabirio
1214 2366 1303 2397 Post.
1334 2365 1372 2396 C·
1396 2363 1457 2396 VI.
1481 2361 1586 2404 §.13.
1614 2361 1711 2393 Huic
1733 2361 1848 2392 ordini
1870 2360 1985 2403 ignem
2007 2371 2131 2393 nouom
