2264 2746
778 106 817 136 L.
843 106 901 136 ΙΙΙ.
945 107 980 136 C.
1008 106 1065 136 IV.
1110 105 1183 147 §.3
1201 122 1239 130 --
1257 106 1285 137 5.
1759 107 1943 137 LXXXIX

74 182 209 213 comitiis
229 183 411 222 quaestoriis
430 181 608 222 praefuisse.
629 180 692 210 Csr.
713 181 784 210 Nic.
806 181 962 211 Gruchins
984 182 1021 211 de
1042 183 1126 211 Com.
1147 182 1237 211 Rom.
1258 182 1295 211 L.
1313 181 1352 211 II.
1373 191 1398 210 c.
1417 181 1443 211 3.
1464 191 1492 220 p.
1513 179 1576 215 667.
1598 179 1692 208 Thes.
1714 181 1836 211 Graan..
1872 183 1934 212 Iam

73 241 141 260 cum
163 236 356 269 quaestorum
377 231 509 265 coniitia,
530 240 659 268 quorum
679 229 780 258 minor
800 230 890 258 etiam
911 241 999 269 quam
1020 230 1163 258 aedilium
1184 230 1337 258 curulium
1360 229 1489 266 dignitas
1510 234 1584 264 erat,
1604 239 1620 256 a
1640 229 1818 257 consulibus
1838 229 1933 258 habe-

70 284 196 314 rentur,
216 279 284 307 fieri
304 280 389 308 nullo
410 283 499 317 pacto
520 276 638 315 potuit,
667 278 741 314 quin
762 278 855 307 iidem
876 279 1000 306 comitia
1019 279 1169 307 aedilibus
1190 278 1348 307 curulibus
1368 277 1516 306 faciendis
1536 277 1694 305 haberent.
1735 277 1812 304 Tam
1831 283 1931 306 autem

69 327 208 366 ineptum
230 327 382 355 neminem
402 327 468 355 fore
489 330 584 364 puto,
604 325 655 363 qui
677 325 819 353 tribunos
839 326 880 364 pl.
902 327 1027 354 comitia
1047 326 1196 354 aedilibus
1218 325 1376 354 curulibus
1399 325 1535 354 creandis
1557 324 1696 363 potuisse
1722 324 1836 353 habere
1862 324 1932 363 opi-

66 381 174 413 netur5
194 376 319 415 ipseque
338 374 462 413 ineptus
481 372 557 401 mihi
577 372 719 409 uiderer,
738 373 777 410 si,
798 373 829 402 id
849 384 904 402 cur
924 383 986 402 non
1006 374 1158 412 potuisset
1178 373 1263 409 fieri,
1287 373 1383 401 uerbo
1403 373 1652 401 demonstrarem.

960 480 988 522 §.
1008 487 1034 514 4.

501 543 593 584 Quo
622 542 715 574 loco
745 543 922 577 comitia
951 545 1171 577 aedilicia
1200 543 1348 577 habita
1378 542 1475 575 sint.

132 622 323 660 Quamquam
343 620 466 648 comitia
486 619 620 654 tributa,
654 618 764 657 quibus
789 619 898 648 aedilis
928 620 1043 650 curulis
1069 625 1187 648 creatos
1214 630 1279 648 esse
1300 618 1449 653 uidimus,
1476 617 1557 645 intra
1577 622 1607 645 et
1627 621 1713 645 extra
1732 618 1926 655 pomoerium

57 670 165 700 haberi
184 669 290 703 licuit,
318 673 417 696 tamen
444 672 527 695 recte
551 666 706 695 Gruchius
734 666 771 694 de
791 666 876 695 Com.
897 668 987 696 Rom.
1014 667 1086 695 Lsb.
1107 667 1145 695 II.
1173 677 1197 695 e.
1218 667 1244 695 5.
1272 677 1302 705 p.
1323 666 1386 704 689.
1415 665 1643 703 magistratuum
1664 665 1788 693 comitia
1808 665 1926 694 tributa

56 719 181 748 omnino
204 718 237 746 in
258 726 363 754 campo
384 715 497 744 Martio
519 714 624 742 haberi
645 724 709 742 esse
729 714 821 742 solita
840 716 970 744 monuit.
1000 714 1106 753 Itaque
1128 713 1253 742 comitia
1273 715 1364 742 etiarn
1385 714 1527 742 aedilicia
1548 712 1690 752 quotiens
1706 719 1827 742 ueteres
1847 715 1926 742 scri-

54 771 160 805 ptores
181 764 348 793 ostendunt
368 774 427 802 quo
457 763 489 791 in
517 763 585 790 Ioco
612 762 674 790 sint
699 761 818 797 habita,
848 772 986 801 campum
1008 762 1156 790 Martium
1183 761 1352 790 nominant.
1374 762 1437 790 Csr.
1459 761 1560 789 Uarro
1582 760 1618 787 de
1639 760 1676 787 R.
1698 760 1736 788 R.
1758 761 1819 796 ΙΙΙ,
1841 771 1866 790 2.
1887 762 1925 797 5.,

55 823 146 852 quem
166 813 268 841 Iocum
289 821 378 850 supra
398 809 425 850 §.
445 812 471 839 3.
498 811 625 838 incunte
651 809 763 844 adtuli,
791 814 821 837 et
842 809 906 837 Cic.
925 820 983 848 pro
1004 810 1107 838 Plane.
1129 810 1162 838 C.
1184 810 1240 838 VI.
1260 808 1370 849 §.16.:
1397 819 1452 836 cur
1473 814 1507 835 m
1527 809 1564 836 id
1579 810 1612 836 in
1632 808 1747 836 iudicio
1769 811 1924 846 exprimis,

53 861 138 900 qaod
163 870 223 888 non
242 860 287 896 fit
315 862 348 888 in
368 858 499 897 campo?
530 857 673 886 Licuisse
706 862 807 885 tamen
843 858 1022 885 consulibus
1051 857 1230 884 conditione
1261 856 1388 895 quadam
1420 855 1546 884 comitia
1571 855 1712 884 aedilicia
1738 855 1770 882 in
1799 856 1924 884 comitio

52 907 185 944 habere,
205 918 243 936 ex
264 907 329 936 Cic.
350 907 387 935 ad
407 908 472 935 Att.
494 906 558 941 IV,
577 906 604 934 3.
632 910 767 943 apparet.
807 904 912 933 Unum
941 904 1014 932 illut
1040 904 1136 939 addo,
1168 904 1292 932 comitia
1319 904 1411 932 etiam
1438 903 1611 942 quaestoria
1629 903 1663 931 in
1684 913 1788 941 campo
1809 904 1923 931 Martio

51 955 157 984 habita
188 965 270 991 esse,
305 955 427 984 disertis
455 958 596 983 ueterum
628 952 816 991 scriptorum
850 951 1036 981 testimoniis
1062 951 1153 980 nobis
1181 951 1328 980 traditum
1356 961 1431 979 csse.
1464 951 1530 980 Csr.
1557 950 1719 979 Schulzius
1745 950 1784 979 de
1811 950 1923 979 Comit.

51 1002 143 1032 Rom.
161 1013 192 1042 p.
210 1002 286 1032 363..

944 1073 971 1115 §.
992 1080 1018 1107 5.

197 1137 287 1178 Quo
320 1142 509 1180 tempore
539 1137 722 1170 comitia
750 1135 974 1169 aedilibus
997 1134 1227 1168 curulibus
1257 1134 1462 1168 creandis
1490 1134 1644 1168 habita
1668 1134 1772 1166 sint.

123 1216 336 1246 Uehementer
355 1216 476 1245 fallitur
496 1215 659 1244 Schubert.
679 1227 709 1254 p.
729 1225 793 1251 270.
822 1215 866 1244 sic
886 1215 1040 1244 scribens:
1058 1214 1213 1251 „Mensis,
1243 1225 1303 1253 quo
1323 1215 1449 1244 comitia
1468 1214 1610 1243 aedilicia
1636 1213 1745 1242 haberi
1771 1212 1920 1249 solebant,

46 1276 110 1296 non
133 1269 272 1293 accurate
298 1264 465 1302 significari
484 1269 603 1302 potest.
634 1264 687 1292 sed
715 1263 844 1291 diuersis
871 1263 1063 1302 temporibus
1093 1263 1249 1291 diuersum
1277 1263 1377 1301 ipsum
1404 1263 1498 1291 fuisse
1526 1268 1652 1301 apparet
1679 1272 1696 1290 e
1722 1260 1919 1289 comitiorum

46 1312 254 1342 consularium
281 1311 433 1349 analogia;
470 1311 630 1340 Ciceronis
658 1311 781 1350 quidem
811 1316 908 1339 aetate
938 1311 971 1339 in
998 1320 1102 1338 mense
1128 1310 1270 1338 Ianuario
1305 1310 1410 1339 habita
1443 1320 1526 1345 esse,
1560 1310 1695 1338 eiusdem
1723 1309 1854 1348 epistola
1880 1308 1918 1336 ad

47 1360 200 1397 Quintum
227 1360 353 1388 fratrem
378 1359 496 1397 scripta
521 1365 653 1388 testatur
682 1359 741 1398 (II,
761 1357 817 1396 2.):
853 1359 904 1387 Set
931 1361 1035 1387 omnia
1062 1364 1135 1385 sunt
1163 1358 1304 1386 tardiora
1323 1357 1362 1394 (e.
1383 1368 1409 1396 g.
1430 1357 1601 1386 aedificatio
1629 1356 1764 1396 quoqne)
1787 1363 1917 1395 propter

42 1409 183 1444 furiosae
203 1407 378 1435 aedilitatis
397 1409 644 1443 expectationem.
682 1408 769 1435 Nam
788 1408 914 1434 comitia
934 1409 999 1434 sine
1020 1416 1107 1433 mora
1126 1405 1248 1443 futura
1266 1406 1434 1440 unientur,-
1454 1406 1556 1434 edicta
1575 1411 1649 1433 sunt
1668 1416 1696 1434 α.
1717 1406 1745 1434 cl.
1765 1406 1824 1434 XI.
1844 1405 1918 1434 Kal.

45 1455 266 1483 Februarffmss
306 1453 461 1482 Nimirum
486 1454 619 1482 nesciuit
645 1454 852 1489 Schubcrtus,
880 1453 912 1481 id
939 1453 1021 1492 quod
1048 1453 1139 1489 longe
1159 1453 1380 1488 notissumum‚
1412 1453 1537 1482 comitia
1558 1453 1626 1489 illa,
1655 1453 1765 1491 quibus
1784 1453 1817 1481 P.
1839 1452 1914 1480 Clo-

45 1501 112 1530 dius
132 1501 199 1529 fieri
220 1501 327 1529 aedilis
348 1501 464 1529 curulis
484 1502 618 1537 uolebat,
639 1501 882 1530 aduersariorum
903 1512 997 1540 opera
1016 1501 1155 1540 inpedita
1175 1507 1205 1530 et
1226 1501 1307 1530 ultra
1331 1500 1512 1539 legitumum
1531 1506 1652 1540 tempus
1670 1501 1820 1540 producta
1839 1508 1914 1528 esse.

42 1548 143 1583 Uide‚
163 1558 237 1586 quae
258 1548 417 1577 Manutius
434 1555 520 1577 recte
539 1549 576 1578 ad
595 1550 698 1578 locum
718 1550 806 1578 illum
826 1550 957 1578 monuit.

118 1610 187 1638 Etsi
207 1620 266 1648 quo
287 1609 336 1638 die
355 1611 479 1640 comitia
498 1612 639 1640 aedilicia
660 1612 765 1640 haberi
787 1612 878 1640 solita
897 1611 974 1647 sint,
1003 1622 1072 1640 cum
1092 1621 1155 1639 non
1176 1611 1432 1650 inpediebantur,
1459 1611 1580 1640 nescire
1600 1621 1649 1640 me
1667 1611 1783 1645 fateor,
1810 1614 1912 1637 tamen

41 1669 102 1697 quo
123 1667 227 1686 mense
247 1657 309 1685 sint
328 1657 446 1694 habita,
467 1669 506 1688 ex
527 1660 687 1688 Ciceronis
707 1659 832 1698 scriptis
853 1664 937 1687 certo
959 1664 1061 1697 polest
1082 1659 1294 1689 demonstrari.
1334 1659 1454 1688 Habuit
1475 1659 1584 1687 Cicero
1605 1658 1793 1697 principium
1813 1657 1912 1685 actio·

39 1706 89 1734 nis
108 1705 225 1744 primae
245 1705 278 1733 in
299 1705 428 1734 Uerrem
448 1707 549 1735 Nonis
570 1708 755 1743 Sextilibus3
783 1707 828 1735 ibi
848 1707 931 1735 enim
952 1707 986 1735 C.
1007 1707 1050 1735 X.
1072 1707 1099 1747 §.
1120 1708 1164 1736 31.
1185 1708 1298 1737 Nonae
1317 1714 1401 1742 sunt,
1421 1706 1540 1745 inquit,
1558 1706 1647 1735 hodie
1666 1707 1814 1739 Sextiles;
1833 1704 1912 1732 hora

40 1763 124 1781 nona
143 1754 306 1781 conuenire
325 1756 475 1789 coepistis.
512 1755 588 1783 Erat
614 1761 713 1784 antem
742 1756 801 1783 inm
828 1759 894 1783 tum
920 1754 1029 1782 aedilis
1058 1756 1174 1783 curulis
1202 1755 1235 1784 in
1256 1766 1367 1784 annum
1396 1765 1581 1793 proxumum
1603 1754 1785 1791 designatus.
1823 1750 1909 1780 Audi

40 1801 141 1839 ipsum
161 1800 276 1828 ibidem
297 1799 331 1828 C.
354 1799 411 1828 IX.
431 1798 459 1839 §.
479 1802 524 1829 25.
545 1802 737 1840 loquentem:
767 1803 892 1831 Interea
913 1804 1039 1830 comitia
1059 1810 1183 1838 nostra,
1210 1815 1341 1843 quorum
1361 1805 1417 1832 iste
1437 1813 1484 1836 se,
1510 1808 1545 1830 ut
1563 1808 1732 1830 ceterorum
1750 1799 1806 1827 Ιιοο
1826 1808 1910 1827 anno

37 1849 231 1877 comitiorum
250 1847 407 1876 dominum
427 1859 489 1876 esse
508 1849 733 1883 arbitrabatur,
752 1849 860 1878 haberi
881 1856 988 1888 coepta
1007 1856 1089 1880 sunt.
1131 1852 1264 1880 Cnrsare
1282 1853 1350 1887 iste,
1370 1851 1458 1878 Ῐιοηιο
1472 1856 1593 1887 potens,
1613 1859 1683 1877 cum
1701 1848 1776 1885 filio
1796 1845 1909 1875 blando

37 1902 66 1925 et
81 1898 221 1934 gratioso
242 1896 359 1923 circam
378 1895 475 1923 trihus
486 1907 498 1930 ;
523 1903 670 1935 paternos
689 1900 819 1933 amicos,
838 1897 894 1926 hoc
914 1904 974 1934 est,
1003 1898 1154 1927 diuisores
1173 1900 1333 1936 appellare
1353 1899 1450 1926 omnis
1471 1903 1499 1925 et
1519 1897 1692 1925 conuenire.
1732 1894 1823 1931 Quod
1838 1903 1908 1922 cum

37 1950 113 1973 esset
131 1944 323 1972 intellectum
342 1949 371 1972 et
389 1944 658 1979 animaduersum,
670 1944 755 1982 fecit
774 1946 877 1972 animo
896 1945 1117 1974 lubentissumo
1132 1948 1269 1984 populus
1288 1949 1462 1977 RomanztS,
1492 1951 1526 1972 ut
1546 1945 1635 1972 cuius
1654 1943 1785 1971 diuitiae
1804 1952 1850 1969 me
1870 1942 1908 1969 cle

29 1992 97 2028 fide
123 1991 271 2020 deducere
298 2001 359 2019 non
382 1993 574 2029 potuissent,
610 2003 647 2021 ne
675 1992 808 2020 eiusdem
828 1994 983 2030 pecuniae
1008 1993 1045 2021 de
1078 1990 1192 2021 honor&
1224 1995 1388 2022 deicerent.
1432 1993 1641 2029 Posteaquam
1664 1991 1721 2019 illa
1742 1990 1907 2027 petitionis

36 2049 153 2077 magna
172 2049 249 2068 cura
268 2039 418 2068 liberatus
436 2049 520 2073 sum,
551 2041 655 2068 animo
682 2042 767 2076 coepi
786 2041 882 2068 multo
902 2042 1004 2078 magis
1024 2051 1122 2069 uacuo
1143 2052 1180 2070 ac
1206 2043 1304 2069 soluto
1325 2039 1408 2068 nihil
1433 2040 1514 2067 aliut
1541 2040 1603 2067 nisi
1621 2039 1658 2066 de
1677 2038 1793 2066 indicio
1811 2046 1907 2074 agere

36 2092 66 2115 et
84 2088 226 2125 cogitare.
265 2085 315 2115 Ex
335 2097 394 2125 quo
415 2086 484 2114 Ioco
505 2086 564 2115 hoc
585 2097 706 2125 quoque
727 2090 870 2125 apparet,
890 2087 1009 2125 aliquot
1029 2087 1093 2116 dies
1113 2088 1196 2117 inter
1217 2087 1460 2125 designationem
1480 2091 1511 2114 et
1530 2085 1635 2114 Nonas
1656 2084 1783 2114 Sextilis
1803 2084 1903 2113 inter-

37 2134 178 2170 cessisse,
204 2133 335 2172 ideoque
356 2133 481 2162 comitia
501 2134 554 2162 illa
574 2134 714 2163 aedilicia
734 2140 866 2163 exeunte
886 2145 989 2162 mense
1010 2136 1165 2172 Quinctili
1185 2135 1290 2163 habita
1317 2134 1467 2162 censenda
1486 2144 1560 2162 esse.
1599 2133 1705 2172 Atque
1729 2132 1788 2160 hoc
1815 2137 1903 2161 extra

36 2191 154 2209 omnem
180 2180 421 2209 controuersiam
449 2182 578 2220 ponitur
597 2183 641 2211 M.
663 2182 748 2211 Caeli
769 2182 898 2221 epistola
918 2188 1024 2221 quarta
1043 2184 1080 2212 ad
1101 2183 1284 2212 Ciceronem
1304 2182 1418 2221 scripta
1437 2181 1507 2220 (Ep.
1528 2182 1565 2211 ad
1584 2181 1660 2210 Diu.
1680 2181 1778 2216 VIII,
1796 2179 1848 2218 4.),
1867 2180 1900 2208 in

35 2237 94 2267 qua
113 2227 139 2266 §-
156 2228 182 2257 6.
201 2227 276 2256 haec
295 2227 440 2266 legimus:
459 2231 529 2258 Has
547 2240 599 2267 ego
619 2229 678 2258 tibi
696 2231 817 2258 litteras
837 2240 870 2258 eo
891 2232 1005 2258 maiore
1024 2233 1097 2259 misi
1114 2231 1291 2265 interuallo,
1312 2230 1394 2269 quod
1411 2231 1604 2258 comitiorum
1624 2230 1790 2258 dilationes
1809 2239 1901 2258 oeca-

28 2277 183 2312 patiorem
201 2286 247 2304 me
265 2276 437 2312 habebant,
457 2283 486 2306 et
505 2283 665 2315 expectare
684 2280 718 2306 in
738 2279 801 2306 (lies
821 2279 936 2305 exitum
955 2278 1120 2315 cogebant,
1149 2284 1183 2305 ut
1203 2277 1351 2316 confictis
1371 2276 1511 2305 omnibus
1530 2283 1560 2305 te
1570 2278 1715 2316 facerem
1733 2279 1901 2306 certiorem.

35 2322 90 2349 Ad
106 2322 176 2351 Kal.
188 2323 311 2352 Sextilis
330 2335 425 2363 usqae
445 2327 613 2363 expectaui.
651 2327 824 2354 praetoriis
846 2335 948 2353 morae
969 2326 1122 2363 quaedam
1141 2326 1337 2360 inciderunt;
1356 2336 1424 2353 mea
1439 2335 1534 2362 porro
1553 2327 1680 2353 comitia
1699 2335 1787 2364 quem
1807 2335 1899 2353 euen-

33 2375 100 2396 tum
119 2370 181 2396 sint
199 2369 363 2407 habitura,
382 2375 502 2407 nescio;
529 2374 701 2410 opinionem
720 2373 861 2411 quidem,
886 2372 969 2410 quod
986 2373 1030 2400 ad
1048 2374 1182 2400 Hirrum
1200 2373 1338 2406 adtinet,
1362 2372 1572 2401 incredibilem
1591 2373 1683 2401 aedil.
1699 2374 1745 2411 pl.
1765 2372 1897 2400 comitiis

33 2422 128 2445 nacta
153 2423 235 2447 sunt.
274 2419 511 2460 Occupatiorem
537 2420 692 2450 habebant
710 2422 754 2450 Μ.
779 2420 918 2449 Caelium
944 2420 1140 2449 comitiorum
1169 2420 1349 2456 dilationes,
1377 2419 1447 2458 quia
1467 2430 1503 2448 ea
1521 2421 1603 2459 ipsa,
1635 2421 1746 2459 quibus
1766 2418 1894 2448 aedilem

1448 2475 1480 2499 12
