<?xml version="1.0" encoding="UTF-8"?>
<!DOCTYPE html PUBLIC "-//W3C//DTD XHTML 1.0 Transitional//EN"
    "http://www.w3.org/TR/xhtml1/DTD/xhtml1-transitional.dtd">
<html xmlns="http://www.w3.org/1999/xhtml" xml:lang="en" lang="en">
 <head>
  <title>
</title>
<meta http-equiv="Content-Type" content="text/html;charset=utf-8" />
  <meta name='ocr-system' content='tesseract 3.04.00' />
  <meta name='ocr-capabilities' content='ocr_page ocr_carea ocr_par ocr_line ocrx_word'/>
</head>
<body>
  <div class='ocr_page' id='page_1' title='image "./oratioprocnplan00ciceuoft/oratioprocnplan00ciceuoft_0260.png"; bbox 0 0 2264 2746; ppageno 0'>
   <div class='ocr_carea' id='block_1_1' title="bbox 267 96 1490 142">
    <p class='ocr_par' dir='ltr' id='par_1_1' title="bbox 267 96 1490 142">
     <span class='ocr_line' id='line_1_1' title="bbox 267 96 1490 142; baseline -0.016 0"><span class='ocrx_word' id='word_1_1' title='bbox 267 113 323 142; x_wconf 65' lang='lat'>144</span> <span class='ocrx_word' id='word_1_2' title='bbox 916 96 1490 128; x_wconf 86' lang='lat' dir='ltr'>COMMENTARIUS.</span> 
     </span>
    </p>
   </div>
   <div class='ocr_carea' id='block_1_2' title="bbox 267 170 2144 542">
    <p class='ocr_par' dir='ltr' id='par_1_2' title="bbox 267 170 2138 333">
     <span class='ocr_line' id='line_1_2' title="bbox 267 170 2137 216; baseline -0.008 -1"><span class='ocrx_word' id='word_1_3' title='bbox 267 183 422 216; x_wconf 85' lang='lat' dir='ltr'>sitionern</span> <span class='ocrx_word' id='word_1_4' title='bbox 444 179 574 212; x_wconf 86' lang='lat' dir='ltr'>uncinis</span> <span class='ocrx_word' id='word_1_5' title='bbox 597 190 662 210; x_wconf 88' lang='grc'><strong>11011</strong></span> <span class='ocrx_word' id='word_1_6' title='bbox 684 175 830 206; x_wconf 85' lang='lat' dir='ltr'>inclusit.</span> <span class='ocrx_word' id='word_1_7' title='bbox 874 173 924 205; x_wconf 87' lang='lat' dir='ltr'>Ea</span> <span class='ocrx_word' id='word_1_8' title='bbox 945 173 1035 205; x_wconf 87' lang='lat' dir='ltr'>enim</span> <span class='ocrx_word' id='word_1_9' title='bbox 1060 172 1181 204; x_wconf 86' lang='lat' dir='ltr'>omissa</span> <span class='ocrx_word' id='word_1_10' title='bbox 1201 171 1285 202; x_wconf 90' lang='lat' dir='ltr'>dura</span> <span class='ocrx_word' id='word_1_11' title='bbox 1307 171 1491 203; x_wconf 88' lang='lat' dir='ltr'>admodum</span> <span class='ocrx_word' id='word_1_12' title='bbox 1515 170 1630 202; x_wconf 76' lang='lat' dir='ltr'><strong>existit</strong></span> <span class='ocrx_word' id='word_1_13' title='bbox 1653 170 1771 202; x_wconf 87' lang='lat' dir='ltr'>oratio.</span> <span class='ocrx_word' id='word_1_14' title='bbox 1816 172 1966 215; x_wconf 77' lang='lat' dir='ltr'><em>Supplex</em></span> <span class='ocrx_word' id='word_1_15' title='bbox 1989 180 2038 205; x_wconf 70' lang='lat' dir='ltr'>est</span> <span class='ocrx_word' id='word_1_16' title='bbox 2060 187 2137 206; x_wconf 70' lang='grc' dir='ltr'>ριῃη</span> 
     </span>
     <span class='ocr_line' id='line_1_3' title="bbox 269 224 2138 280; baseline -0.009 -11"><span class='ocrx_word' id='word_1_17' title='bbox 269 234 495 280; x_wconf 75' lang='lat' dir='ltr'>supplicabat.</span> <span class='ocrx_word' id='word_1_18' title='bbox 541 230 610 262; x_wconf 81' lang='lat' dir='ltr'>Cfr.</span> <span class='ocrx_word' id='word_1_19' title='bbox 642 240 704 271; x_wconf 91' lang='lat' dir='ltr'>pro</span> <span class='ocrx_word' id='word_1_20' title='bbox 733 227 841 259; x_wconf 75' lang='lat' dir='ltr'>Sest10</span> <span class='ocrx_word' id='word_1_21' title='bbox 876 239 903 259; x_wconf 90' lang='lat' dir='ltr'>c.</span> <span class='ocrx_word' id='word_1_22' title='bbox 928 227 979 260; x_wconf 81' lang='lat'>24.</span> <span class='ocrx_word' id='word_1_23' title='bbox 1010 227 1039 269; x_wconf 55' lang='grc' dir='ltr'>ἕ.</span> <span class='ocrx_word' id='word_1_24' title='bbox 1064 228 1115 259; x_wconf 71' lang='lat'>54.</span> <span class='ocrx_word' id='word_1_25' title='bbox 1145 226 1277 264; x_wconf 81' lang='lat' dir='ltr'><strong><em>Gener,</em></strong></span> <span class='ocrx_word' id='word_1_26' title='bbox 1313 229 1345 256; x_wconf 77' lang='lat' dir='ltr'>et</span> <span class='ocrx_word' id='word_1_27' title='bbox 1366 224 1450 256; x_wconf 89' lang='lat' dir='ltr'>Piso</span> <span class='ocrx_word' id='word_1_28' title='bbox 1476 236 1584 268; x_wconf 81' lang='lat' dir='ltr'>gener</span> <span class='ocrx_word' id='word_1_29' title='bbox 1613 237 1635 257; x_wconf 87' lang='lat' dir='ltr'>a</span> <span class='ocrx_word' id='word_1_30' title='bbox 1657 225 1798 256; x_wconf 81' lang='lat' dir='ltr'>Pisonis</span> <span class='ocrx_word' id='word_1_31' title='bbox 1821 225 1970 257; x_wconf 77' lang='lat' dir='ltr'>consulis</span> <span class='ocrx_word' id='word_1_32' title='bbox 1995 226 2138 269; x_wconf 66' lang='lat' dir='ltr'>pedibas</span> 
     </span>
     <span class='ocr_line' id='line_1_4' title="bbox 270 284 648 333; baseline -0.021 -11"><span class='ocrx_word' id='word_1_33' title='bbox 270 289 413 333; x_wconf 70' lang='lat' dir='ltr'>supplex</span> <span class='ocrx_word' id='word_1_34' title='bbox 436 284 648 318; x_wconf 68' lang='lat' dir='ltr'>reieiebatar.</span> 
     </span>
    </p>

    <p class='ocr_par' dir='ltr' id='par_1_3' title="bbox 270 329 2142 428">
     <span class='ocr_line' id='line_1_5' title="bbox 355 329 2142 374; baseline -0.008 -3"><span class='ocrx_word' id='word_1_35' title='bbox 355 339 524 374; x_wconf 66' lang='lat' dir='ltr'>Secundo,</span> <span class='ocrx_word' id='word_1_36' title='bbox 558 341 596 367; x_wconf 79' lang='lat' dir='ltr'>ut</span> <span class='ocrx_word' id='word_1_37' title='bbox 630 334 867 374; x_wconf 59' lang='lat' dir='ltr'>eristzmzarer)</span> <span class='ocrx_word' id='word_1_38' title='bbox 911 332 1030 365; x_wconf 84' lang='lat' dir='ltr'>Monet</span> <span class='ocrx_word' id='word_1_39' title='bbox 1054 331 1263 364; x_wconf 85' lang='lat' dir='ltr'>Goerenzius</span> <span class='ocrx_word' id='word_1_40' title='bbox 1289 329 1332 361; x_wconf 87' lang='lat' dir='ltr'>ad</span> <span class='ocrx_word' id='word_1_41' title='bbox 1355 329 1424 361; x_wconf 88' lang='lat' dir='ltr'>Cic.</span> <span class='ocrx_word' id='word_1_42' title='bbox 1457 329 1498 360; x_wconf 87' lang='lat' dir='ltr'>de</span> <span class='ocrx_word' id='word_1_43' title='bbox 1520 330 1624 372; x_wconf 86' lang='lat' dir='ltr'>Legg.</span> <span class='ocrx_word' id='word_1_44' title='bbox 1648 330 1682 370; x_wconf 90' lang='lat' dir='ltr'>I,</span> <span class='ocrx_word' id='word_1_45' title='bbox 1715 331 1762 362; x_wconf 84' lang='grc'>15.</span> <span class='ocrx_word' id='word_1_46' title='bbox 1785 342 1821 374; x_wconf 83' lang='lat' dir='ltr'>p.</span> <span class='ocrx_word' id='word_1_47' title='bbox 1844 331 1896 363; x_wconf 77' lang='lat'>54.</span> <span class='ocrx_word' id='word_1_48' title='bbox 1925 341 2031 362; x_wconf 88' lang='lat' dir='ltr'>unum</span> <span class='ocrx_word' id='word_1_49' title='bbox 2052 330 2142 363; x_wconf 72' lang='lat' dir='ltr'>huno</span> 
     </span>
     <span class='ocr_line' id='line_1_6' title="bbox 270 382 1745 428; baseline -0.007 -3"><span class='ocrx_word' id='word_1_50' title='bbox 270 395 382 426; x_wconf 78' lang='lat' dir='ltr'>locum</span> <span class='ocrx_word' id='word_1_51' title='bbox 405 391 466 422; x_wconf 82' lang='lat' dir='ltr'>sibi</span> <span class='ocrx_word' id='word_1_52' title='bbox 490 387 691 425; x_wconf 84' lang='lat' dir='ltr'><strong>innotuisse,</strong></span> <span class='ocrx_word' id='word_1_53' title='bbox 715 386 750 417; x_wconf 89' lang='lat' dir='ltr'>in</span> <span class='ocrx_word' id='word_1_54' title='bbox 777 397 842 428; x_wconf 82' lang='lat' dir='ltr'>quo</span> <span class='ocrx_word' id='word_1_55' title='bbox 865 386 1011 418; x_wconf 81' lang='lat' dir='ltr'>secando</span> <span class='ocrx_word' id='word_1_56' title='bbox 1036 396 1103 416; x_wconf 88' lang='lat' dir='ltr'>non</span> <span class='ocrx_word' id='word_1_57' title='bbox 1126 384 1241 415; x_wconf 87' lang='lat' dir='ltr'>addito</span> <span class='ocrx_word' id='word_1_58' title='bbox 1264 382 1403 415; x_wconf 87' lang='lat' dir='ltr'>nomine</span> <span class='ocrx_word' id='word_1_59' title='bbox 1426 383 1497 414; x_wconf 73' lang='lat' dir='ltr'>loco</span> <span class='ocrx_word' id='word_1_60' title='bbox 1519 383 1668 425; x_wconf 86' lang='lat' dir='ltr'>positum</span> <span class='ocrx_word' id='word_1_61' title='bbox 1691 383 1745 415; x_wconf 89' lang='lat' dir='ltr'>sit.</span> 
     </span>
    </p>

    <p class='ocr_par' dir='ltr' id='par_1_4' title="bbox 274 434 2144 542">
     <span class='ocr_line' id='line_1_7' title="bbox 356 434 2144 482; baseline -0.004 -7"><span class='ocrx_word' id='word_1_62' title='bbox 356 442 560 482; x_wconf 76' lang='lat' dir='ltr'>Ambitioni)</span> <span class='ocrx_word' id='word_1_63' title='bbox 606 439 724 472; x_wconf 88' lang='lat' dir='ltr'>Multis</span> <span class='ocrx_word' id='word_1_64' title='bbox 757 439 847 473; x_wconf 86' lang='lat' dir='ltr'>enim</span> <span class='ocrx_word' id='word_1_65' title='bbox 875 438 1099 470; x_wconf 78' lang='lat' dir='ltr'>ambientibus</span> <span class='ocrx_word' id='word_1_66' title='bbox 1128 437 1235 469; x_wconf 85' lang='lat' dir='ltr'>honos</span> <span class='ocrx_word' id='word_1_67' title='bbox 1266 436 1383 474; x_wconf 76' lang='lat' dir='ltr'>datm-3</span> <span class='ocrx_word' id='word_1_68' title='bbox 1415 442 1466 467; x_wconf 87' lang='lat' dir='ltr'>set</span> <span class='ocrx_word' id='word_1_69' title='bbox 1487 436 1527 467; x_wconf 90' lang='lat' dir='ltr'>iis</span> <span class='ocrx_word' id='word_1_70' title='bbox 1552 435 1733 467; x_wconf 82' lang='lat' dir='ltr'>iucundior</span> <span class='ocrx_word' id='word_1_71' title='bbox 1755 446 1826 467; x_wconf 89' lang='lat' dir='ltr'>esse</span> <span class='ocrx_word' id='word_1_72' title='bbox 1849 434 1965 476; x_wconf 85' lang='lat' dir='ltr'>debet,</span> <span class='ocrx_word' id='word_1_73' title='bbox 1999 446 2144 478; x_wconf 90' lang='lat' dir='ltr'>quorum</span> 
     </span>
     <span class='ocr_line' id='line_1_8' title="bbox 274 493 820 542; baseline -0.018 -10"><span class='ocrx_word' id='word_1_74' title='bbox 274 496 427 542; x_wconf 77' lang='lat' dir='ltr'>dignitati</span> <span class='ocrx_word' id='word_1_75' title='bbox 450 495 558 525; x_wconf 84' lang='lat' dir='ltr'>datur.</span> <span class='ocrx_word' id='word_1_76' title='bbox 604 493 820 524; x_wconf 74' lang='lat' dir='ltr'>MANUTIUS.</span> 
     </span>
    </p>
   </div>
   <div class='ocr_carea' id='block_1_3' title="bbox 1058 575 1366 612">
    <p class='ocr_par' dir='ltr' id='par_1_5' title="bbox 1058 575 1366 612">
     <span class='ocr_line' id='line_1_9' title="bbox 1058 575 1366 612; baseline -0.013 0"><span class='ocrx_word' id='word_1_77' title='bbox 1058 579 1086 612; x_wconf 95' lang='lat' dir='ltr'>C</span> <span class='ocrx_word' id='word_1_78' title='bbox 1113 577 1145 612; x_wconf 88' lang='lat' dir='ltr'><strong>A</strong></span> <span class='ocrx_word' id='word_1_79' title='bbox 1168 578 1210 612; x_wconf 90' lang='lat' dir='ltr'>P.</span> <span class='ocrx_word' id='word_1_80' title='bbox 1262 575 1366 610; x_wconf 83' lang='lat' dir='ltr'>XXI.</span> 
     </span>
    </p>
   </div>
   <div class='ocr_carea' id='block_1_4' title="bbox 270 646 2160 2224">
    <p class='ocr_par' dir='ltr' id='par_1_6' title="bbox 270 646 2154 1386">
     <span class='ocr_line' id='line_1_10' title="bbox 359 646 2147 698; baseline -0.005 -11"><span class='ocrx_word' id='word_1_81' title='bbox 359 659 388 698; x_wconf 85' lang='lat'>§.</span> <span class='ocrx_word' id='word_1_82' title='bbox 412 657 463 687; x_wconf 85' lang='lat'>51.</span> <span class='ocrx_word' id='word_1_83' title='bbox 485 654 640 698; x_wconf 78' lang='lat' dir='ltr'>Appium</span> <span class='ocrx_word' id='word_1_84' title='bbox 663 650 859 693; x_wconf 82' lang='lat' dir='ltr'>Claudium)</span> <span class='ocrx_word' id='word_1_85' title='bbox 905 649 999 692; x_wconf 83' lang='lat' dir='ltr'>Quid</span> <span class='ocrx_word' id='word_1_86' title='bbox 1022 656 1088 690; x_wconf 88' lang='lat' dir='ltr'>est,</span> <span class='ocrx_word' id='word_1_87' title='bbox 1124 648 1214 692; x_wconf 88' lang='lat' dir='ltr'>quod</span> <span class='ocrx_word' id='word_1_88' title='bbox 1236 648 1392 691; x_wconf 90' lang='lat' dir='ltr'>Appium</span> <span class='ocrx_word' id='word_1_89' title='bbox 1416 646 1497 679; x_wconf 84' lang='lat' dir='ltr'>dicit</span> <span class='ocrx_word' id='word_1_90' title='bbox 1519 648 1665 680; x_wconf 77' lang='lat' dir='ltr'><em>aedilem</em></span> <span class='ocrx_word' id='word_1_91' title='bbox 1686 660 1753 680; x_wconf 83' lang='lat' dir='ltr'>non</span> <span class='ocrx_word' id='word_1_92' title='bbox 1779 660 1848 680; x_wconf 86' lang='lat' dir='ltr'>esse</span> <span class='ocrx_word' id='word_1_93' title='bbox 1862 647 2029 692; x_wconf 76' lang='lat' dir='ltr'>factam?</span> <span class='ocrx_word' id='word_1_94' title='bbox 2064 658 2147 679; x_wconf 86' lang='lat' dir='ltr'>con-</span> 
     </span>
     <span class='ocr_line' id='line_1_11' title="bbox 273 700 2147 747; baseline -0.006 -5"><span class='ocrx_word' id='word_1_95' title='bbox 273 717 337 744; x_wconf 86' lang='lat' dir='ltr'>stat</span> <span class='ocrx_word' id='word_1_96' title='bbox 367 709 458 740; x_wconf 84' lang='lat' dir='ltr'>enim</span> <span class='ocrx_word' id='word_1_97' title='bbox 487 719 529 739; x_wconf 76' lang='lat' dir='ltr'>ex</span> <span class='ocrx_word' id='word_1_98' title='bbox 559 718 586 737; x_wconf 84' lang='lat' dir='ltr'>c.</span> <span class='ocrx_word' id='word_1_99' title='bbox 617 717 663 737; x_wconf 78' lang='lat'>1¹2.</span> <span class='ocrx_word' id='word_1_100' title='bbox 695 704 736 735; x_wconf 90' lang='lat' dir='ltr'>de</span> <span class='ocrx_word' id='word_1_101' title='bbox 760 705 844 735; x_wconf 87' lang='lat' dir='ltr'>Har.</span> <span class='ocrx_word' id='word_1_102' title='bbox 871 703 974 747; x_wconf 88' lang='lat' dir='ltr'>Resp.</span> <span class='ocrx_word' id='word_1_103' title='bbox 1005 710 1131 746; x_wconf 84' lang='lat' dir='ltr'>gestam</span> <span class='ocrx_word' id='word_1_104' title='bbox 1159 702 1200 732; x_wconf 87' lang='lat' dir='ltr'>ab</span> <span class='ocrx_word' id='word_1_105' title='bbox 1223 701 1340 743; x_wconf 87' lang='lat' dir='ltr'>Appio</span> <span class='ocrx_word' id='word_1_106' title='bbox 1371 701 1434 731; x_wconf 92' lang='grc'><strong>1100</strong></span> <span class='ocrx_word' id='word_1_107' title='bbox 1459 700 1578 732; x_wconf 90' lang='lat' dir='ltr'>eodem</span> <span class='ocrx_word' id='word_1_108' title='bbox 1608 700 1813 732; x_wconf 79' lang='lat' dir='ltr'>aedilitatem</span> <span class='ocrx_word' id='word_1_109' title='bbox 1836 700 1949 733; x_wconf 85' lang='lat' dir='ltr'>fuisse.</span> <span class='ocrx_word' id='word_1_110' title='bbox 1993 702 2147 733; x_wconf 84' lang='lat' dir='ltr'>Tantane</span> 
     </span>
     <span class='ocr_line' id='line_1_12' title="bbox 272 753 2148 799; baseline -0.006 -2"><span class='ocrx_word' id='word_1_111' title='bbox 272 763 445 797; x_wconf 88' lang='lat' dir='ltr'>hominem</span> <span class='ocrx_word' id='word_1_112' title='bbox 476 759 736 791; x_wconf 64' lang='lat' dir='ltr'>nobilis-sumum</span> <span class='ocrx_word' id='word_1_113' title='bbox 766 756 929 799; x_wconf 84' lang='lat' dir='ltr'>cupiditas</span> <span class='ocrx_word' id='word_1_114' title='bbox 959 755 1149 799; x_wconf 84' lang='lat' dir='ltr'>sumptuosi</span> <span class='ocrx_word' id='word_1_115' title='bbox 1178 755 1392 796; x_wconf 81' lang='lat' dir='ltr'>magistratus</span> <span class='ocrx_word' id='word_1_116' title='bbox 1416 759 1449 784; x_wconf 88' lang='lat' dir='ltr'>et</span> <span class='ocrx_word' id='word_1_117' title='bbox 1471 753 1624 784; x_wconf 85' lang='lat' dir='ltr'>minume</span> <span class='ocrx_word' id='word_1_118' title='bbox 1652 753 1817 784; x_wconf 76' lang='lat' dir='ltr'>necessari</span> <span class='ocrx_word' id='word_1_119' title='bbox 1846 754 1972 794; x_wconf 89' lang='lat' dir='ltr'>tenuit,</span> <span class='ocrx_word' id='word_1_120' title='bbox 2009 760 2048 785; x_wconf 88' lang='lat' dir='ltr'>ut</span> <span class='ocrx_word' id='word_1_121' title='bbox 2069 765 2148 785; x_wconf 88' lang='lat' dir='ltr'>eum</span> 
     </span>
     <span class='ocr_line' id='line_1_13' title="bbox 271 805 2148 861; baseline -0.006 -13"><span class='ocrx_word' id='word_1_122' title='bbox 271 824 388 861; x_wconf 86' lang='lat' dir='ltr'>petere</span> <span class='ocrx_word' id='word_1_123' title='bbox 410 815 533 846; x_wconf 85' lang='lat' dir='ltr'>iterum</span> <span class='ocrx_word' id='word_1_124' title='bbox 557 811 726 843; x_wconf 76' lang='lat' dir='ltr'>uoluerit?</span> <span class='ocrx_word' id='word_1_125' title='bbox 771 810 849 842; x_wconf 80' lang='lat' dir='ltr'>Alia</span> <span class='ocrx_word' id='word_1_126' title='bbox 874 810 999 842; x_wconf 84' lang='lat' dir='ltr'>etenim</span> <span class='ocrx_word' id='word_1_127' title='bbox 1022 809 1107 840; x_wconf 82' lang='lat' dir='ltr'>ratio</span> <span class='ocrx_word' id='word_1_128' title='bbox 1140 814 1189 839; x_wconf 88' lang='lat' dir='ltr'>est</span> <span class='ocrx_word' id='word_1_129' title='bbox 1217 808 1254 839; x_wconf 93' lang='lat' dir='ltr'>C.</span> <span class='ocrx_word' id='word_1_130' title='bbox 1278 807 1384 845; x_wconf 85' lang='lat' dir='ltr'>Mari,</span> <span class='ocrx_word' id='word_1_131' title='bbox 1419 807 1501 838; x_wconf 90' lang='lat' dir='ltr'>noui</span> <span class='ocrx_word' id='word_1_132' title='bbox 1530 806 1698 845; x_wconf 83' lang='lat' dir='ltr'>hominis3</span> <span class='ocrx_word' id='word_1_133' title='bbox 1733 817 1833 848; x_wconf 90' lang='lat' dir='ltr'>quem</span> <span class='ocrx_word' id='word_1_134' title='bbox 1861 812 1973 837; x_wconf 85' lang='lat' dir='ltr'>tamen</span> <span class='ocrx_word' id='word_1_135' title='bbox 2001 818 2070 837; x_wconf 90' lang='lat' dir='ltr'>non</span> <span class='ocrx_word' id='word_1_136' title='bbox 2097 805 2148 837; x_wconf 84' lang='lat' dir='ltr'>bis</span> 
     </span>
     <span class='ocr_line' id='line_1_14' title="bbox 273 859 2150 903; baseline -0.007 0"><span class='ocrx_word' id='word_1_137' title='bbox 273 870 443 903; x_wconf 81' lang='lat' dir='ltr'>aedilitate</span> <span class='ocrx_word' id='word_1_138' title='bbox 466 866 575 898; x_wconf 83' lang='lat' dir='ltr'>curuli</span> <span class='ocrx_word' id='word_1_139' title='bbox 596 864 778 902; x_wconf 83' lang='lat' dir='ltr'>deiectum,</span> <span class='ocrx_word' id='word_1_140' title='bbox 809 870 859 894; x_wconf 85' lang='lat' dir='ltr'>set</span> <span class='ocrx_word' id='word_1_141' title='bbox 881 863 984 894; x_wconf 88' lang='lat' dir='ltr'>semel</span> <span class='ocrx_word' id='word_1_142' title='bbox 1006 862 1134 901; x_wconf 85' lang='lat' dir='ltr'>curuli,</span> <span class='ocrx_word' id='word_1_143' title='bbox 1171 860 1275 892; x_wconf 89' lang='lat' dir='ltr'>semel</span> <span class='ocrx_word' id='word_1_144' title='bbox 1297 860 1429 903; x_wconf 86' lang='lat' dir='ltr'>plebeia</span> <span class='ocrx_word' id='word_1_145' title='bbox 1452 859 1609 891; x_wconf 78' lang='lat' dir='ltr'>discimus</span> <span class='ocrx_word' id='word_1_146' title='bbox 1633 872 1675 891; x_wconf 74' lang='lat' dir='ltr'>ex</span> <span class='ocrx_word' id='word_1_147' title='bbox 1698 860 1787 890; x_wconf 88' lang='lat' dir='ltr'>Plut.</span> <span class='ocrx_word' id='word_1_148' title='bbox 1809 859 1845 890; x_wconf 87' lang='lat' dir='ltr'>in</span> <span class='ocrx_word' id='word_1_149' title='bbox 1869 860 1938 891; x_wconf 89' lang='lat' dir='ltr'>eius</span> <span class='ocrx_word' id='word_1_150' title='bbox 1962 859 2032 890; x_wconf 89' lang='lat' dir='ltr'>uita</span> <span class='ocrx_word' id='word_1_151' title='bbox 2057 870 2084 890; x_wconf 89' lang='lat' dir='ltr'>c.</span> <span class='ocrx_word' id='word_1_152' title='bbox 2108 860 2150 898; x_wconf 89' lang='lat'>5.,</span> 
     </span>
     <span class='ocr_line' id='line_1_15' title="bbox 270 911 2151 962; baseline -0.007 -8"><span class='ocrx_word' id='word_1_153' title='bbox 270 929 312 954; x_wconf 89' lang='lat' dir='ltr'>ut</span> <span class='ocrx_word' id='word_1_154' title='bbox 334 922 400 953; x_wconf 89' lang='lat' dir='ltr'>iam</span> <span class='ocrx_word' id='word_1_155' title='bbox 426 926 565 962; x_wconf 85' lang='lat' dir='ltr'>optumo</span> <span class='ocrx_word' id='word_1_156' title='bbox 591 916 772 959; x_wconf 80' lang='lat' dir='ltr'>repugnari</span> <span class='ocrx_word' id='word_1_157' title='bbox 795 915 988 947; x_wconf 84' lang='lat' dir='ltr'>Erfurtensi</span> <span class='ocrx_word' id='word_1_158' title='bbox 1010 926 1077 946; x_wconf 89' lang='lat' dir='ltr'>non</span> <span class='ocrx_word' id='word_1_159' title='bbox 1100 913 1223 956; x_wconf 83' lang='lat' dir='ltr'>possit,</span> <span class='ocrx_word' id='word_1_160' title='bbox 1255 913 1348 944; x_wconf 88' lang='lat' dir='ltr'>cuius</span> <span class='ocrx_word' id='word_1_161' title='bbox 1370 912 1468 943; x_wconf 89' lang='lat' dir='ltr'>lectio</span> <span class='ocrx_word' id='word_1_162' title='bbox 1492 923 1565 944; x_wconf 86' lang='lat' dir='ltr'>rem</span> <span class='ocrx_word' id='word_1_163' title='bbox 1588 913 1674 944; x_wconf 86' lang='lat' dir='ltr'>hanc</span> <span class='ocrx_word' id='word_1_164' title='bbox 1695 917 1791 943; x_wconf 83' lang='lat' dir='ltr'>notat</span> <span class='ocrx_word' id='word_1_165' title='bbox 1812 912 1964 955; x_wconf 86' lang='lat' dir='ltr'>adposite</span> <span class='ocrx_word' id='word_1_166' title='bbox 1986 911 2151 954; x_wconf 88' lang='lat' dir='ltr'>ponitque</span> 
     </span>
     <span class='ocr_line' id='line_1_16' title="bbox 273 962 2151 1012; baseline -0.007 -4"><span class='ocrx_word' id='word_1_167' title='bbox 273 981 350 1008; x_wconf 87' lang='lat' dir='ltr'>ante</span> <span class='ocrx_word' id='word_1_168' title='bbox 373 973 505 1009; x_wconf 87' lang='lat' dir='ltr'>oculos,</span> <span class='ocrx_word' id='word_1_169' title='bbox 546 970 603 1012; x_wconf 87' lang='lat' dir='ltr'>qui</span> <span class='ocrx_word' id='word_1_170' title='bbox 626 969 758 1001; x_wconf 78' lang='lat' dir='ltr'>duabus</span> <span class='ocrx_word' id='word_1_171' title='bbox 781 968 1019 1000; x_wconf 76' lang='lat' dir='ltr'>aedilitatibus</span> <span class='ocrx_word' id='word_1_172' title='bbox 1043 967 1209 1011; x_wconf 52' lang='lat' dir='ltr'>repulsas</span> <span class='ocrx_word' id='word_1_173' title='bbox 1256 966 1314 996; x_wconf 89' lang='lat' dir='ltr'>Set</span> <span class='ocrx_word' id='word_1_174' title='bbox 1337 966 1399 997; x_wconf 86' lang='lat' dir='ltr'>hac</span> <span class='ocrx_word' id='word_1_175' title='bbox 1423 977 1488 996; x_wconf 88' lang='lat' dir='ltr'>una</span> <span class='ocrx_word' id='word_1_176' title='bbox 1512 965 1650 996; x_wconf 90' lang='lat' dir='ltr'>omnino</span> <span class='ocrx_word' id='word_1_177' title='bbox 1674 965 1804 996; x_wconf 84' lang='lat' dir='ltr'>ratione</span> <span class='ocrx_word' id='word_1_178' title='bbox 1827 966 1863 997; x_wconf 87' lang='lat' dir='ltr'>hi</span> <span class='ocrx_word' id='word_1_179' title='bbox 1887 966 1954 997; x_wconf 84' lang='lat' dir='ltr'>duo</span> <span class='ocrx_word' id='word_1_180' title='bbox 1978 962 2151 996; x_wconf 86' lang='lat' dir='ltr'>Ciceronis</span> 
     </span>
     <span class='ocr_line' id='line_1_17' title="bbox 273 1017 2151 1065; baseline -0.005 -8"><span class='ocrx_word' id='word_1_181' title='bbox 273 1028 340 1060; x_wconf 85' lang='lat' dir='ltr'>loci</span> <span class='ocrx_word' id='word_1_182' title='bbox 371 1024 541 1057; x_wconf 85' lang='lat' dir='ltr'>conciliari</span> <span class='ocrx_word' id='word_1_183' title='bbox 569 1027 720 1065; x_wconf 86' lang='lat' dir='ltr'>possunt.</span> <span class='ocrx_word' id='word_1_184' title='bbox 765 1021 868 1052; x_wconf 86' lang='lat' dir='ltr'>Forte</span> <span class='ocrx_word' id='word_1_185' title='bbox 897 1032 975 1051; x_wconf 84' lang='lat' dir='ltr'>cum</span> <span class='ocrx_word' id='word_1_186' title='bbox 995 1019 1129 1051; x_wconf 88' lang='lat' dir='ltr'>Tullius</span> <span class='ocrx_word' id='word_1_187' title='bbox 1158 1017 1314 1060; x_wconf 90' lang='lat' dir='ltr'>Appium</span> <span class='ocrx_word' id='word_1_188' title='bbox 1337 1017 1433 1056; x_wconf 85' lang='lat' dir='ltr'>dicit,</span> <span class='ocrx_word' id='word_1_189' title='bbox 1472 1018 1555 1049; x_wconf 75' lang='lat' dir='ltr'>uiuo</span> <span class='ocrx_word' id='word_1_190' title='bbox 1575 1023 1678 1060; x_wconf 82' lang='lat' dir='ltr'>patre</span> <span class='ocrx_word' id='word_1_191' title='bbox 1701 1030 1780 1056; x_wconf 77' lang='lat' dir='ltr'>suo,</span> <span class='ocrx_word' id='word_1_192' title='bbox 1815 1018 1959 1049; x_wconf 86' lang='lat' dir='ltr'>aedilem</span> <span class='ocrx_word' id='word_1_193' title='bbox 1988 1028 2058 1049; x_wconf 86' lang='lat' dir='ltr'>non</span> <span class='ocrx_word' id='word_1_194' title='bbox 2080 1027 2151 1047; x_wconf 86' lang='lat' dir='ltr'>esse</span> 
     </span>
     <span class='ocr_line' id='line_1_18' title="bbox 273 1069 2153 1117; baseline -0.006 -4"><span class='ocrx_word' id='word_1_195' title='bbox 273 1081 416 1115; x_wconf 81' lang='lat' dir='ltr'>factum,</span> <span class='ocrx_word' id='word_1_196' title='bbox 450 1075 614 1117; x_wconf 79' lang='lat' dir='ltr'>intellegit</span> <span class='ocrx_word' id='word_1_197' title='bbox 642 1081 738 1116; x_wconf 83' lang='lat' dir='ltr'>patre</span> <span class='ocrx_word' id='word_1_198' title='bbox 764 1080 899 1105; x_wconf 89' lang='lat' dir='ltr'>mortuo</span> <span class='ocrx_word' id='word_1_199' title='bbox 929 1072 1054 1103; x_wconf 82' lang='lat' dir='ltr'>factum</span> <span class='ocrx_word' id='word_1_200' title='bbox 1085 1083 1172 1111; x_wconf 79' lang='lat' dir='ltr'>esse:</span> <span class='ocrx_word' id='word_1_201' title='bbox 1207 1083 1283 1102; x_wconf 88' lang='lat' dir='ltr'>cum</span> <span class='ocrx_word' id='word_1_202' title='bbox 1313 1076 1426 1101; x_wconf 90' lang='lat' dir='ltr'>autem</span> <span class='ocrx_word' id='word_1_203' title='bbox 1454 1069 1551 1109; x_wconf 82' lang='lat' dir='ltr'>dicit,</span> <span class='ocrx_word' id='word_1_204' title='bbox 1588 1071 1731 1102; x_wconf 72' lang='lat' dir='ltr'>eundem</span> <span class='ocrx_word' id='word_1_205' title='bbox 1755 1072 1828 1103; x_wconf 78' lang='lat' dir='ltr'>siae</span> <span class='ocrx_word' id='word_1_206' title='bbox 1858 1072 1997 1115; x_wconf 77' lang='lat' dir='ltr'>repulsa</span> <span class='ocrx_word' id='word_1_207' title='bbox 2009 1069 2153 1114; x_wconf 82' lang='lat' dir='ltr'>factum</span> 
     </span>
     <span class='ocr_line' id='line_1_19' title="bbox 276 1122 2153 1168; baseline -0.009 -1"><span class='ocrx_word' id='word_1_208' title='bbox 276 1146 346 1167; x_wconf 83' lang='lat' dir='ltr'>esse</span> <span class='ocrx_word' id='word_1_209' title='bbox 368 1131 556 1167; x_wconf 78' lang='lat' dir='ltr'>consulem,</span> <span class='ocrx_word' id='word_1_210' title='bbox 587 1126 769 1168; x_wconf 80' lang='lat' dir='ltr'>intellegit,</span> <span class='ocrx_word' id='word_1_211' title='bbox 799 1126 941 1156; x_wconf 80' lang='lat' dir='ltr'>aedilem</span> <span class='ocrx_word' id='word_1_212' title='bbox 965 1125 1102 1166; x_wconf 89' lang='lat' dir='ltr'>quidem</span> <span class='ocrx_word' id='word_1_213' title='bbox 1124 1123 1245 1163; x_wconf 88' lang='lat' dir='ltr'>fuisse,</span> <span class='ocrx_word' id='word_1_214' title='bbox 1279 1129 1329 1155; x_wconf 86' lang='lat' dir='ltr'>set</span> <span class='ocrx_word' id='word_1_215' title='bbox 1350 1128 1427 1165; x_wconf 89' lang='lat' dir='ltr'>post</span> <span class='ocrx_word' id='word_1_216' title='bbox 1448 1122 1630 1164; x_wconf 83' lang='lat' dir='ltr'>repulsam.</span> <span class='ocrx_word' id='word_1_217' title='bbox 1674 1123 1790 1165; x_wconf 84' lang='lat' dir='ltr'>Itaque</span> <span class='ocrx_word' id='word_1_218' title='bbox 1813 1124 1951 1167; x_wconf 84' lang='lat' dir='ltr'>Pighius</span> <span class='ocrx_word' id='word_1_219' title='bbox 1977 1122 2073 1165; x_wconf 87' lang='lat' dir='ltr'>Appi</span> <span class='ocrx_word' id='word_1_220' title='bbox 2094 1132 2153 1152; x_wconf 88' lang='lat' dir='ltr'>ae-</span> 
     </span>
     <span class='ocr_line' id='line_1_20' title="bbox 277 1175 2154 1219; baseline -0.007 -1"><span class='ocrx_word' id='word_1_221' title='bbox 277 1186 443 1218; x_wconf 84' lang='lat' dir='ltr'>dilitatem</span> <span class='ocrx_word' id='word_1_222' title='bbox 478 1182 629 1213; x_wconf 85' lang='lat' dir='ltr'>conlocat</span> <span class='ocrx_word' id='word_1_223' title='bbox 664 1190 751 1209; x_wconf 86' lang='lat' dir='ltr'>anno</span> <span class='ocrx_word' id='word_1_224' title='bbox 783 1179 943 1210; x_wconf 81' lang='lat' dir='ltr'>DCLXI.</span> <span class='ocrx_word' id='word_1_225' title='bbox 983 1177 1174 1218; x_wconf 88' lang='lat' dir='ltr'>factumque</span> <span class='ocrx_word' id='word_1_226' title='bbox 1205 1183 1301 1219; x_wconf 89' lang='lat' dir='ltr'>putat</span> <span class='ocrx_word' id='word_1_227' title='bbox 1329 1175 1472 1206; x_wconf 87' lang='lat' dir='ltr'>aedilem</span> <span class='ocrx_word' id='word_1_228' title='bbox 1502 1187 1589 1206; x_wconf 88' lang='lat' dir='ltr'>anno</span> <span class='ocrx_word' id='word_1_229' title='bbox 1619 1176 1733 1207; x_wconf 89' lang='lat' dir='ltr'>statim</span> <span class='ocrx_word' id='word_1_230' title='bbox 1763 1182 1840 1218; x_wconf 90' lang='lat' dir='ltr'>post</span> <span class='ocrx_word' id='word_1_231' title='bbox 1868 1176 2050 1218; x_wconf 84' lang='lat' dir='ltr'>repulsam.</span> <span class='ocrx_word' id='word_1_232' title='bbox 2095 1175 2154 1206; x_wconf 88' lang='lat' dir='ltr'>Set</span> 
     </span>
     <span class='ocr_line' id='line_1_21' title="bbox 279 1227 2152 1282; baseline -0.006 -12"><span class='ocrx_word' id='word_1_233' title='bbox 279 1238 370 1282; x_wconf 84' lang='lat' dir='ltr'>quod</span> <span class='ocrx_word' id='word_1_234' title='bbox 396 1236 441 1267; x_wconf 84' lang='lat' dir='ltr'>ait</span> <span class='ocrx_word' id='word_1_235' title='bbox 464 1233 637 1276; x_wconf 86' lang='lat' dir='ltr'>repulsum</span> <span class='ocrx_word' id='word_1_236' title='bbox 661 1230 779 1269; x_wconf 83' lang='lat' dir='ltr'>fuisse,</span> <span class='ocrx_word' id='word_1_237' title='bbox 817 1231 894 1272; x_wconf 85' lang='lat' dir='ltr'>quia</span> <span class='ocrx_word' id='word_1_238' title='bbox 917 1242 992 1262; x_wconf 82' lang='lat' dir='ltr'>cum</span> <span class='ocrx_word' id='word_1_239' title='bbox 1017 1231 1102 1262; x_wconf 88' lang='lat' dir='ltr'>Gaio</span> <span class='ocrx_word' id='word_1_240' title='bbox 1126 1229 1231 1261; x_wconf 86' lang='lat' dir='ltr'>fratre</span> <span class='ocrx_word' id='word_1_241' title='bbox 1253 1228 1407 1272; x_wconf 83' lang='lat' dir='ltr'>petierit,</span> <span class='ocrx_word' id='word_1_242' title='bbox 1445 1228 1480 1259; x_wconf 89' lang='lat' dir='ltr'>id</span> <span class='ocrx_word' id='word_1_243' title='bbox 1505 1227 1570 1259; x_wconf 83' lang='lat' dir='ltr'>Gai</span> <span class='ocrx_word' id='word_1_244' title='bbox 1596 1229 1770 1260; x_wconf 84' lang='lat' dir='ltr'>consulatu</span> <span class='ocrx_word' id='word_1_245' title='bbox 1792 1229 2021 1268; x_wconf 72' lang='lat' dir='ltr'>subuel-titur,</span> <span class='ocrx_word' id='word_1_246' title='bbox 2050 1238 2152 1270; x_wconf 87' lang='lat' dir='ltr'>quem</span> 
     </span>
     <span class='ocr_line' id='line_1_22' title="bbox 278 1279 2152 1325; baseline -0.006 -2"><span class='ocrx_word' id='word_1_247' title='bbox 278 1293 337 1324; x_wconf 88' lang='lat' dir='ltr'>ille</span> <span class='ocrx_word' id='word_1_248' title='bbox 361 1301 435 1320; x_wconf 90' lang='lat' dir='ltr'>cum</span> <span class='ocrx_word' id='word_1_249' title='bbox 459 1287 564 1318; x_wconf 79' lang='lat' dir='ltr'>altero</span> <span class='ocrx_word' id='word_1_250' title='bbox 590 1285 627 1315; x_wconf 88' lang='lat' dir='ltr'>C.</span> <span class='ocrx_word' id='word_1_251' title='bbox 653 1283 794 1315; x_wconf 87' lang='lat' dir='ltr'>Claudio</span> <span class='ocrx_word' id='word_1_252' title='bbox 827 1283 950 1314; x_wconf 88' lang='lat' dir='ltr'>horum</span> <span class='ocrx_word' id='word_1_253' title='bbox 978 1283 1132 1325; x_wconf 80' lang='lat' dir='ltr'>patruele</span> <span class='ocrx_word' id='word_1_254' title='bbox 1164 1281 1351 1313; x_wconf 85' lang='lat' dir='ltr'>confundit.</span> <span class='ocrx_word' id='word_1_255' title='bbox 1397 1279 1524 1312; x_wconf 80' lang='lat' dir='ltr'>Confer</span> <span class='ocrx_word' id='word_1_256' title='bbox 1553 1292 1637 1322; x_wconf 91' lang='lat' dir='ltr'>quae</span> <span class='ocrx_word' id='word_1_257' title='bbox 1666 1281 1814 1312; x_wconf 70' lang='lat' dir='ltr'>diximus</span> <span class='ocrx_word' id='word_1_258' title='bbox 1840 1281 1881 1311; x_wconf 90' lang='lat' dir='ltr'>ad</span> <span class='ocrx_word' id='word_1_259' title='bbox 1904 1281 1927 1312; x_wconf 88' lang='lat' dir='ltr'>l.</span> <span class='ocrx_word' id='word_1_260' title='bbox 1952 1292 1978 1311; x_wconf 91' lang='lat' dir='ltr'>c.</span> <span class='ocrx_word' id='word_1_261' title='bbox 2004 1279 2045 1311; x_wconf 87' lang='lat' dir='ltr'>de</span> <span class='ocrx_word' id='word_1_262' title='bbox 2066 1280 2152 1311; x_wconf 71' lang='lat' dir='ltr'>Har.</span> 
     </span>
     <span class='ocr_line' id='line_1_23' title="bbox 279 1332 2090 1386; baseline -0.006 -14"><span class='ocrx_word' id='word_1_263' title='bbox 279 1345 402 1386; x_wconf 82' lang='lat' dir='ltr'>Resp..</span> <span class='ocrx_word' id='word_1_264' title='bbox 428 1342 685 1372; x_wconf 65' lang='lat' dir='ltr'>GARATONIL&#39;S.</span> <span class='ocrx_word' id='word_1_265' title='bbox 732 1335 802 1367; x_wconf 75' lang='lat' dir='ltr'>Cfr.</span> <span class='ocrx_word' id='word_1_266' title='bbox 827 1336 926 1367; x_wconf 81' lang='lat' dir='ltr'>etiam</span> <span class='ocrx_word' id='word_1_267' title='bbox 952 1336 992 1366; x_wconf 85' lang='lat' dir='ltr'>de</span> <span class='ocrx_word' id='word_1_268' title='bbox 1012 1335 1128 1378; x_wconf 83' lang='lat' dir='ltr'>Appio</span> <span class='ocrx_word' id='word_1_269' title='bbox 1152 1335 1294 1366; x_wconf 78' lang='lat' dir='ltr'>Claudio</span> <span class='ocrx_word' id='word_1_270' title='bbox 1319 1333 1388 1365; x_wconf 88' lang='lat' dir='ltr'>Cic.</span> <span class='ocrx_word' id='word_1_271' title='bbox 1413 1333 1454 1364; x_wconf 86' lang='lat' dir='ltr'>de</span> <span class='ocrx_word' id='word_1_272' title='bbox 1478 1334 1530 1364; x_wconf 80' lang='lat' dir='ltr'>Re</span> <span class='ocrx_word' id='word_1_273' title='bbox 1553 1344 1586 1375; x_wconf 88' lang='lat' dir='ltr'>p.</span> <span class='ocrx_word' id='word_1_274' title='bbox 1610 1334 1642 1372; x_wconf 89' lang='lat' dir='ltr'>I,</span> <span class='ocrx_word' id='word_1_275' title='bbox 1671 1346 1719 1376; x_wconf 87' lang='lat'>19.</span> <span class='ocrx_word' id='word_1_276' title='bbox 1742 1334 1857 1376; x_wconf 85' lang='lat' dir='ltr'>ibique</span> <span class='ocrx_word' id='word_1_277' title='bbox 1879 1335 1924 1366; x_wconf 88' lang='lat' dir='ltr'>A.</span> <span class='ocrx_word' id='word_1_278' title='bbox 1947 1332 2090 1364; x_wconf 85' lang='lat' dir='ltr'>Maium.</span> 
     </span>
    </p>

    <p class='ocr_par' dir='ltr' id='par_1_7' title="bbox 271 1384 2159 1756">
     <span class='ocr_line' id='line_1_24' title="bbox 365 1384 2153 1432; baseline -0.007 -4"><span class='ocrx_word' id='word_1_279' title='bbox 365 1397 407 1428; x_wconf 77' lang='lat' dir='ltr'>Iri</span> <span class='ocrx_word' id='word_1_280' title='bbox 431 1395 499 1426; x_wconf 76' lang='lat' dir='ltr'>ista</span> <span class='ocrx_word' id='word_1_281' title='bbox 521 1390 700 1422; x_wconf 74' lang='lat' dir='ltr'>aedilitate</span> <span class='ocrx_word' id='word_1_282' title='bbox 723 1388 973 1432; x_wconf 74' lang='lat' dir='ltr'>offensiuncula</span> <span class='ocrx_word' id='word_1_283' title='bbox 995 1387 1147 1432; x_wconf 76' lang='lat' dir='ltr'>accepta)</span> <span class='ocrx_word' id='word_1_284' title='bbox 1193 1386 1381 1418; x_wconf 79' lang='lat' dir='ltr'>Priscianus</span> <span class='ocrx_word' id='word_1_285' title='bbox 1404 1397 1437 1428; x_wconf 89' lang='lat' dir='ltr'>p.</span> <span class='ocrx_word' id='word_1_286' title='bbox 1457 1386 1530 1417; x_wconf 77' lang='lat'>614.</span> <span class='ocrx_word' id='word_1_287' title='bbox 1563 1386 1652 1427; x_wconf 87' lang='lat' dir='ltr'>[Lib.</span> <span class='ocrx_word' id='word_1_288' title='bbox 1676 1388 1736 1418; x_wconf 85' lang='lat' dir='ltr'>III.</span> <span class='ocrx_word' id='word_1_289' title='bbox 1758 1398 1785 1417; x_wconf 92' lang='grc'>0.</span> <span class='ocrx_word' id='word_1_290' title='bbox 1810 1388 1839 1418; x_wconf 87' lang='grc'>6.</span> <span class='ocrx_word' id='word_1_291' title='bbox 1862 1398 1896 1429; x_wconf 88' lang='lat' dir='ltr'>p.</span> <span class='ocrx_word' id='word_1_292' title='bbox 1926 1386 1994 1417; x_wconf 81' lang='grc'><strong>151.</strong></span> <span class='ocrx_word' id='word_1_293' title='bbox 2017 1384 2153 1426; x_wconf 87' lang='lat' dir='ltr'>Krehl.]</span> 
     </span>
     <span class='ocr_line' id='line_1_25' title="bbox 283 1438 2158 1485; baseline -0.009 -1"><span class='ocrx_word' id='word_1_294' title='bbox 283 1452 352 1484; x_wconf 82' lang='lat' dir='ltr'>ista</span> <span class='ocrx_word' id='word_1_295' title='bbox 376 1450 411 1480; x_wconf 79' lang='lat' dir='ltr'>in</span> <span class='ocrx_word' id='word_1_296' title='bbox 433 1444 631 1479; x_wconf 79' lang='lat' dir='ltr'>aedilitate,</span> <span class='ocrx_word' id='word_1_297' title='bbox 658 1447 695 1472; x_wconf 79' lang='lat' dir='ltr'>ut</span> <span class='ocrx_word' id='word_1_298' title='bbox 717 1442 776 1480; x_wconf 83' lang='lat' dir='ltr'>sit,</span> <span class='ocrx_word' id='word_1_299' title='bbox 800 1442 868 1473; x_wconf 80' lang='lat' dir='ltr'>ista</span> <span class='ocrx_word' id='word_1_300' title='bbox 891 1441 1161 1485; x_wconf 71' lang='lat' dir='ltr'>offensiuncula,</span> <span class='ocrx_word' id='word_1_301' title='bbox 1189 1450 1272 1481; x_wconf 87' lang='lat' dir='ltr'>quae</span> <span class='ocrx_word' id='word_1_302' title='bbox 1296 1450 1366 1469; x_wconf 77' lang='lat' dir='ltr'>uox</span> <span class='ocrx_word' id='word_1_303' title='bbox 1390 1438 1560 1480; x_wconf 84' lang='lat' dir='ltr'>sequitur,</span> <span class='ocrx_word' id='word_1_304' title='bbox 1586 1441 1621 1471; x_wconf 81' lang='lat' dir='ltr'>in</span> <span class='ocrx_word' id='word_1_305' title='bbox 1645 1440 1824 1472; x_wconf 78' lang='lat' dir='ltr'>aedilitate</span> <span class='ocrx_word' id='word_1_306' title='bbox 1847 1444 1998 1483; x_wconf 79' lang='lat' dir='ltr'>accepta.</span> <span class='ocrx_word' id='word_1_307' title='bbox 2029 1438 2158 1469; x_wconf 77' lang='lat' dir='ltr'>GARA-</span> 
     </span>
     <span class='ocr_line' id='line_1_26' title="bbox 271 1490 2157 1535; baseline -0.007 0"><span class='ocrx_word' id='word_1_308' title='bbox 271 1511 432 1535; x_wconf 56' lang='grc' dir='ltr'>ΔΤΟΝΙΗΞ.</span> <span class='ocrx_word' id='word_1_309' title='bbox 475 1495 573 1529; x_wconf 83' lang='lat' dir='ltr'>Nihil</span> <span class='ocrx_word' id='word_1_310' title='bbox 603 1493 820 1532; x_wconf 78' lang='lat' dir='ltr'>mutandum3</span> <span class='ocrx_word' id='word_1_311' title='bbox 857 1495 891 1525; x_wconf 77' lang='lat' dir='ltr'>in</span> <span class='ocrx_word' id='word_1_312' title='bbox 917 1495 984 1525; x_wconf 84' lang='lat' dir='ltr'>ista</span> <span class='ocrx_word' id='word_1_313' title='bbox 1007 1494 1187 1525; x_wconf 80' lang='lat' dir='ltr'>aedilitate</span> <span class='ocrx_word' id='word_1_314' title='bbox 1216 1503 1292 1522; x_wconf 91' lang='lat' dir='ltr'>cum</span> <span class='ocrx_word' id='word_1_315' title='bbox 1325 1491 1423 1530; x_wconf 86' lang='lat' dir='ltr'>dicit,</span> <span class='ocrx_word' id='word_1_316' title='bbox 1458 1491 1567 1522; x_wconf 87' lang='lat' dir='ltr'>eleuat</span> <span class='ocrx_word' id='word_1_317' title='bbox 1596 1492 1687 1523; x_wconf 86' lang='lat' dir='ltr'>hunc</span> <span class='ocrx_word' id='word_1_318' title='bbox 1716 1492 1898 1531; x_wconf 87' lang='lat' dir='ltr'>honorem,</span> <span class='ocrx_word' id='word_1_319' title='bbox 1932 1497 1970 1522; x_wconf 84' lang='lat' dir='ltr'>ut</span> <span class='ocrx_word' id='word_1_320' title='bbox 1996 1490 2032 1521; x_wconf 88' lang='lat' dir='ltr'>in</span> <span class='ocrx_word' id='word_1_321' title='bbox 2054 1491 2157 1523; x_wconf 76' lang='lat' dir='ltr'>Uerr-</span> 
     </span>
     <span class='ocr_line' id='line_1_27' title="bbox 284 1543 2159 1592; baseline -0.005 -8"><span class='ocrx_word' id='word_1_322' title='bbox 284 1556 362 1589; x_wconf 85' lang='lat' dir='ltr'>Act.</span> <span class='ocrx_word' id='word_1_323' title='bbox 385 1554 421 1591; x_wconf 90' lang='lat' dir='ltr'>I,</span> <span class='ocrx_word' id='word_1_324' title='bbox 458 1550 505 1582; x_wconf 80' lang='grc'>15.</span> <span class='ocrx_word' id='word_1_325' title='bbox 540 1560 602 1592; x_wconf 85' lang='lat' dir='ltr'>ego</span> <span class='ocrx_word' id='word_1_326' title='bbox 625 1553 739 1579; x_wconf 75' lang='lat' dir='ltr'>(intem</span> <span class='ocrx_word' id='word_1_327' title='bbox 762 1547 846 1588; x_wconf 84' lang='lat' dir='ltr'>(ero)</span> <span class='ocrx_word' id='word_1_328' title='bbox 872 1547 1015 1584; x_wconf 81' lang='lat' dir='ltr'>aedilis,</span> <span class='ocrx_word' id='word_1_329' title='bbox 1048 1547 1108 1577; x_wconf 81' lang='lat' dir='ltr'>lzoc</span> <span class='ocrx_word' id='word_1_330' title='bbox 1132 1550 1200 1583; x_wconf 76' lang='lat' dir='ltr'>est,</span> <span class='ocrx_word' id='word_1_331' title='bbox 1228 1545 1338 1587; x_wconf 76' lang='lat' dir='ltr'>paulo</span> <span class='ocrx_word' id='word_1_332' title='bbox 1361 1545 1511 1587; x_wconf 80' lang='lat' dir='ltr'>amplias</span> <span class='ocrx_word' id='word_1_333' title='bbox 1536 1557 1638 1588; x_wconf 80' lang='lat' dir='ltr'>quam</span> <span class='ocrx_word' id='word_1_334' title='bbox 1657 1546 1842 1588; x_wconf 75' lang='lat' dir='ltr'>priaatas3</span> <span class='ocrx_word' id='word_1_335' title='bbox 1876 1550 1910 1575; x_wconf 85' lang='lat' dir='ltr'>et</span> <span class='ocrx_word' id='word_1_336' title='bbox 1937 1543 1974 1574; x_wconf 89' lang='lat' dir='ltr'>iu</span> <span class='ocrx_word' id='word_1_337' title='bbox 1996 1544 2057 1575; x_wconf 90' lang='lat' dir='ltr'>hac</span> <span class='ocrx_word' id='word_1_338' title='bbox 2084 1543 2159 1586; x_wconf 85' lang='lat' dir='ltr'>ipsa</span> 
     </span>
     <span class='ocr_line' id='line_1_28' title="bbox 287 1595 2159 1640; baseline -0.006 -1"><span class='ocrx_word' id='word_1_339' title='bbox 287 1607 438 1640; x_wconf 88' lang='lat' dir='ltr'>oratione</span> <span class='ocrx_word' id='word_1_340' title='bbox 467 1615 494 1633; x_wconf 84' lang='lat' dir='ltr'>c.</span> <span class='ocrx_word' id='word_1_341' title='bbox 518 1602 548 1634; x_wconf 78' lang='lat'>5.</span> <span class='ocrx_word' id='word_1_342' title='bbox 580 1602 632 1633; x_wconf 77' lang='lat' dir='ltr'>liis</span> <span class='ocrx_word' id='word_1_343' title='bbox 662 1600 849 1631; x_wconf 74' lang='lat' dir='ltr'>leuioribus</span> <span class='ocrx_word' id='word_1_344' title='bbox 879 1599 1045 1637; x_wconf 79' lang='lat' dir='ltr'>comitiis3</span> <span class='ocrx_word' id='word_1_345' title='bbox 1081 1609 1108 1628; x_wconf 76' lang='lat' dir='ltr'>c-</span> <span class='ocrx_word' id='word_1_346' title='bbox 1134 1599 1164 1629; x_wconf 89' lang='lat'>5.</span> <span class='ocrx_word' id='word_1_347' title='bbox 1194 1599 1297 1629; x_wconf 84' lang='lat' dir='ltr'>istam</span> <span class='ocrx_word' id='word_1_348' title='bbox 1327 1598 1550 1629; x_wconf 80' lang='lat' dir='ltr'>aedilitatem.</span> <span class='ocrx_word' id='word_1_349' title='bbox 1591 1597 1792 1628; x_wconf 72' lang='lat' dir='ltr'>ORELLlrs.</span> <span class='ocrx_word' id='word_1_350' title='bbox 1839 1597 2054 1638; x_wconf 85' lang='lat' dir='ltr'>Quamquam</span> <span class='ocrx_word' id='word_1_351' title='bbox 2080 1595 2159 1627; x_wconf 82' lang='lat' dir='ltr'>Pri-</span> 
     </span>
     <span class='ocr_line' id='line_1_29' title="bbox 287 1647 2159 1699; baseline -0.006 -8"><span class='ocrx_word' id='word_1_352' title='bbox 287 1659 389 1692; x_wconf 88' lang='lat' dir='ltr'>sciani</span> <span class='ocrx_word' id='word_1_353' title='bbox 412 1657 577 1699; x_wconf 84' lang='lat' dir='ltr'>scriptura</span> <span class='ocrx_word' id='word_1_354' title='bbox 602 1666 620 1684; x_wconf 89' lang='lat' dir='ltr'>a</span> <span class='ocrx_word' id='word_1_355' title='bbox 643 1664 740 1684; x_wconf 85' lang='lat' dir='ltr'>sensu</span> <span class='ocrx_word' id='word_1_356' title='bbox 768 1664 836 1683; x_wconf 87' lang='lat' dir='ltr'>non</span> <span class='ocrx_word' id='word_1_357' title='bbox 861 1651 969 1682; x_wconf 80' lang='lat' dir='ltr'>aliena</span> <span class='ocrx_word' id='word_1_358' title='bbox 997 1657 1062 1689; x_wconf 87' lang='lat' dir='ltr'>est,</span> <span class='ocrx_word' id='word_1_359' title='bbox 1099 1649 1195 1681; x_wconf 82' lang='lat' dir='ltr'>nolui</span> <span class='ocrx_word' id='word_1_360' title='bbox 1217 1656 1348 1691; x_wconf 84' lang='lat' dir='ltr'>tamen,</span> <span class='ocrx_word' id='word_1_361' title='bbox 1385 1650 1447 1682; x_wconf 80' lang='lat' dir='ltr'>etsi</span> <span class='ocrx_word' id='word_1_362' title='bbox 1470 1650 1586 1682; x_wconf 89' lang='lat' dir='ltr'>eadem</span> <span class='ocrx_word' id='word_1_363' title='bbox 1608 1650 1644 1681; x_wconf 90' lang='lat' dir='ltr'>in</span> <span class='ocrx_word' id='word_1_364' title='bbox 1666 1651 1694 1682; x_wconf 92' lang='lat' dir='ltr'><strong>E</strong></span> <span class='ocrx_word' id='word_1_365' title='bbox 1717 1656 1900 1694; x_wconf 81' lang='lat' dir='ltr'>repertast,</span> <span class='ocrx_word' id='word_1_366' title='bbox 1933 1650 1968 1681; x_wconf 90' lang='lat' dir='ltr'>in</span> <span class='ocrx_word' id='word_1_367' title='bbox 1990 1661 2028 1681; x_wconf 87' lang='lat' dir='ltr'>re</span> <span class='ocrx_word' id='word_1_368' title='bbox 2059 1647 2159 1680; x_wconf 85' lang='lat' dir='ltr'>dubia</span> 
     </span>
     <span class='ocr_line' id='line_1_30' title="bbox 288 1702 1178 1756; baseline -0.012 -11"><span class='ocrx_word' id='word_1_369' title='bbox 288 1726 307 1746; x_wconf 92' lang='lat' dir='ltr'>a</span> <span class='ocrx_word' id='word_1_370' title='bbox 328 1713 567 1756; x_wconf 63' lang='lat' dir='ltr'>plurrimorum</span> <span class='ocrx_word' id='word_1_371' title='bbox 590 1706 742 1738; x_wconf 88' lang='lat' dir='ltr'>codicum</span> <span class='ocrx_word' id='word_1_372' title='bbox 765 1704 961 1735; x_wconf 87' lang='lat' dir='ltr'>auctoritate</span> <span class='ocrx_word' id='word_1_373' title='bbox 987 1702 1178 1734; x_wconf 87' lang='lat' dir='ltr'>desciscere.</span> 
     </span>
    </p>

    <p class='ocr_par' dir='ltr' id='par_1_8' title="bbox 290 1753 2160 2120">
     <span class='ocr_line' id='line_1_31' title="bbox 370 1753 2158 1802; baseline -0.007 -6"><span class='ocrx_word' id='word_1_374' title='bbox 370 1765 527 1796; x_wconf 78' lang='lat' dir='ltr'>Summos</span> <span class='ocrx_word' id='word_1_375' title='bbox 549 1758 703 1802; x_wconf 78' lang='lat' dir='ltr'>honores)</span> <span class='ocrx_word' id='word_1_376' title='bbox 749 1758 988 1789; x_wconf 83' lang='lat' dir='ltr'>Consulatum:</span> <span class='ocrx_word' id='word_1_377' title='bbox 1017 1755 1044 1786; x_wconf 89' lang='lat' dir='ltr'>is</span> <span class='ocrx_word' id='word_1_378' title='bbox 1068 1755 1158 1786; x_wconf 87' lang='lat' dir='ltr'>enim</span> <span class='ocrx_word' id='word_1_379' title='bbox 1179 1767 1330 1787; x_wconf 88' lang='lat' dir='ltr'>summus</span> <span class='ocrx_word' id='word_1_380' title='bbox 1352 1755 1463 1787; x_wconf 84' lang='lat' dir='ltr'>honor</span> <span class='ocrx_word' id='word_1_381' title='bbox 1485 1755 1561 1788; x_wconf 89' lang='lat' dir='ltr'>fuit.</span> <span class='ocrx_word' id='word_1_382' title='bbox 1608 1758 1665 1788; x_wconf 87' lang='lat' dir='ltr'>Set</span> <span class='ocrx_word' id='word_1_383' title='bbox 1684 1756 1809 1794; x_wconf 89' lang='lat' dir='ltr'>miror,</span> <span class='ocrx_word' id='word_1_384' title='bbox 1837 1767 1897 1786; x_wconf 88' lang='lat' dir='ltr'>cur</span> <span class='ocrx_word' id='word_1_385' title='bbox 1921 1753 2060 1793; x_wconf 78' lang='lat' dir='ltr'>dixerit,</span> <span class='ocrx_word' id='word_1_386' title='bbox 2093 1753 2158 1785; x_wconf 80' lang='lat' dir='ltr'>Ui·-</span> 
     </span>
     <span class='ocr_line' id='line_1_32' title="bbox 290 1806 2157 1860; baseline -0.007 -10"><span class='ocrx_word' id='word_1_387' title='bbox 290 1819 343 1850; x_wconf 78' lang='lat' dir='ltr'>dit</span> <span class='ocrx_word' id='word_1_388' title='bbox 360 1822 464 1860; x_wconf 81' lang='lat' dir='ltr'>pater</span> <span class='ocrx_word' id='word_1_389' title='bbox 488 1821 588 1852; x_wconf 79' lang='lat' dir='ltr'>tans3</span> <span class='ocrx_word' id='word_1_390' title='bbox 621 1824 697 1843; x_wconf 90' lang='lat' dir='ltr'>cum</span> <span class='ocrx_word' id='word_1_391' title='bbox 728 1817 911 1852; x_wconf 81' lang='lat' dir='ltr'>utrumque</span> <span class='ocrx_word' id='word_1_392' title='bbox 941 1808 1131 1840; x_wconf 85' lang='lat' dir='ltr'>Laterensis</span> <span class='ocrx_word' id='word_1_393' title='bbox 1160 1808 1277 1838; x_wconf 89' lang='lat' dir='ltr'>uidere</span> <span class='ocrx_word' id='word_1_394' title='bbox 1309 1810 1477 1850; x_wconf 68' lang='lat' dir='ltr'>potuerit:</span> <span class='ocrx_word' id='word_1_395' title='bbox 1516 1821 1719 1852; x_wconf 85' lang='lat' dir='ltr'>quamquam</span> <span class='ocrx_word' id='word_1_396' title='bbox 1749 1808 1926 1840; x_wconf 86' lang='lat' dir='ltr'>aedilitatis</span> <span class='ocrx_word' id='word_1_397' title='bbox 1957 1806 2157 1850; x_wconf 83' lang='lat' dir='ltr'>petitionem</span> 
     </span>
     <span class='ocr_line' id='line_1_33' title="bbox 290 1859 2158 1906; baseline -0.005 -5"><span class='ocrx_word' id='word_1_398' title='bbox 290 1867 575 1904; x_wconf 78' lang='lat' dir='ltr'>adulescentulus,</span> <span class='ocrx_word' id='word_1_399' title='bbox 608 1871 641 1896; x_wconf 88' lang='lat' dir='ltr'>et</span> <span class='ocrx_word' id='word_1_400' title='bbox 662 1864 802 1895; x_wconf 83' lang='lat' dir='ltr'>fortasse</span> <span class='ocrx_word' id='word_1_401' title='bbox 824 1874 909 1906; x_wconf 88' lang='lat' dir='ltr'>puer</span> <span class='ocrx_word' id='word_1_402' title='bbox 931 1861 1029 1892; x_wconf 89' lang='lat' dir='ltr'>uidit.</span> <span class='ocrx_word' id='word_1_403' title='bbox 1052 1861 1265 1893; x_wconf 71' lang='lat' dir='ltr'>MANUTms.</span> <span class='ocrx_word' id='word_1_404' title='bbox 1309 1862 1389 1892; x_wconf 85' lang='lat' dir='ltr'>Non</span> <span class='ocrx_word' id='word_1_405' title='bbox 1412 1861 1445 1892; x_wconf 84' lang='lat' dir='ltr'>id</span> <span class='ocrx_word' id='word_1_406' title='bbox 1469 1874 1560 1893; x_wconf 89' lang='lat' dir='ltr'>nuuc</span> <span class='ocrx_word' id='word_1_407' title='bbox 1585 1863 1711 1905; x_wconf 87' lang='lat' dir='ltr'>agitur,</span> <span class='ocrx_word' id='word_1_408' title='bbox 1747 1874 1828 1904; x_wconf 88' lang='lat' dir='ltr'>qnos</span> <span class='ocrx_word' id='word_1_409' title='bbox 1852 1861 1943 1892; x_wconf 89' lang='lat' dir='ltr'>uiros</span> <span class='ocrx_word' id='word_1_410' title='bbox 1965 1859 2158 1892; x_wconf 79' lang='lat' dir='ltr'>Laterensis</span> 
     </span>
     <span class='ocr_line' id='line_1_34' title="bbox 292 1912 2160 1958; baseline -0.004 -5"><span class='ocrx_word' id='word_1_411' title='bbox 292 1922 380 1954; x_wconf 84' lang='lat' dir='ltr'>filius</span> <span class='ocrx_word' id='word_1_412' title='bbox 404 1932 478 1951; x_wconf 87' lang='lat' dir='ltr'>cum</span> <span class='ocrx_word' id='word_1_413' title='bbox 499 1918 668 1950; x_wconf 82' lang='lat' dir='ltr'>aedilitate</span> <span class='ocrx_word' id='word_1_414' title='bbox 690 1915 809 1947; x_wconf 87' lang='lat' dir='ltr'>deiecti</span> <span class='ocrx_word' id='word_1_415' title='bbox 832 1921 940 1947; x_wconf 79' lang='lat' dir='ltr'>essent</span> <span class='ocrx_word' id='word_1_416' title='bbox 961 1925 1109 1945; x_wconf 88' lang='lat' dir='ltr'>summos</span> <span class='ocrx_word' id='word_1_417' title='bbox 1132 1913 1278 1945; x_wconf 88' lang='lat' dir='ltr'>honores</span> <span class='ocrx_word' id='word_1_418' title='bbox 1301 1925 1371 1945; x_wconf 88' lang='lat' dir='ltr'>esse</span> <span class='ocrx_word' id='word_1_419' title='bbox 1393 1915 1531 1958; x_wconf 85' lang='lat' dir='ltr'>adeptos</span> <span class='ocrx_word' id='word_1_420' title='bbox 1555 1915 1680 1946; x_wconf 88' lang='lat' dir='ltr'>uiderit</span> <span class='ocrx_word' id='word_1_421' title='bbox 1701 1921 1759 1951; x_wconf 61' lang='lat' dir='ltr'>arat</span> <span class='ocrx_word' id='word_1_422' title='bbox 1783 1915 1898 1946; x_wconf 89' lang='lat' dir='ltr'>uidere</span> <span class='ocrx_word' id='word_1_423' title='bbox 1917 1912 2086 1957; x_wconf 79' lang='lat' dir='ltr'>potuerit,</span> <span class='ocrx_word' id='word_1_424' title='bbox 2109 1919 2160 1945; x_wconf 87' lang='lat' dir='ltr'>set</span> 
     </span>
     <span class='ocr_line' id='line_1_35' title="bbox 296 1966 2158 2016; baseline -0.003 -11"><span class='ocrx_word' id='word_1_425' title='bbox 296 1986 376 2016; x_wconf 87' lang='lat' dir='ltr'>quos</span> <span class='ocrx_word' id='word_1_426' title='bbox 398 1972 588 2005; x_wconf 86' lang='lat' dir='ltr'>Laterensis</span> <span class='ocrx_word' id='word_1_427' title='bbox 619 1976 715 2013; x_wconf 85' lang='lat' dir='ltr'>pater</span> <span class='ocrx_word' id='word_1_428' title='bbox 736 1968 878 2008; x_wconf 87' lang='lat' dir='ltr'>uiderit,</span> <span class='ocrx_word' id='word_1_429' title='bbox 913 1978 1012 2009; x_wconf 88' lang='lat' dir='ltr'>quem</span> <span class='ocrx_word' id='word_1_430' title='bbox 1037 1967 1154 1998; x_wconf 86' lang='lat' dir='ltr'>Cicero</span> <span class='ocrx_word' id='word_1_431' title='bbox 1178 1967 1343 2009; x_wconf 79' lang='lat' dir='ltr'>exemplis</span> <span class='ocrx_word' id='word_1_432' title='bbox 1366 1967 1433 1999; x_wconf 83' lang='lat' dir='ltr'>illis</span> <span class='ocrx_word' id='word_1_433' title='bbox 1462 1968 1637 2008; x_wconf 82' lang='lat' dir='ltr'>edoctum,</span> <span class='ocrx_word' id='word_1_434' title='bbox 1672 1968 1908 2000; x_wconf 85' lang='lat' dir='ltr'>nobilissumos</span> <span class='ocrx_word' id='word_1_435' title='bbox 1937 1977 2036 2008; x_wconf 87' lang='lat' dir='ltr'>saepe</span> <span class='ocrx_word' id='word_1_436' title='bbox 2065 1966 2158 1999; x_wconf 90' lang='lat' dir='ltr'>uiros</span> 
     </span>
     <span class='ocr_line' id='line_1_36' title="bbox 297 2018 2157 2062; baseline -0.004 -5"><span class='ocrx_word' id='word_1_437' title='bbox 297 2025 535 2057; x_wconf 79' lang='lat' dir='ltr'>offensiuncula</span> <span class='ocrx_word' id='word_1_438' title='bbox 557 2025 591 2055; x_wconf 90' lang='lat' dir='ltr'>in</span> <span class='ocrx_word' id='word_1_439' title='bbox 610 2023 778 2055; x_wconf 81' lang='lat' dir='ltr'>aedilitate</span> <span class='ocrx_word' id='word_1_440' title='bbox 801 2026 933 2062; x_wconf 85' lang='lat' dir='ltr'>accepta</span> <span class='ocrx_word' id='word_1_441' title='bbox 953 2031 1102 2051; x_wconf 86' lang='lat' dir='ltr'>summos</span> <span class='ocrx_word' id='word_1_442' title='bbox 1125 2030 1143 2049; x_wconf 91' lang='lat' dir='ltr'>a</span> <span class='ocrx_word' id='word_1_443' title='bbox 1165 2020 1293 2062; x_wconf 89' lang='lat' dir='ltr'>populo</span> <span class='ocrx_word' id='word_1_444' title='bbox 1316 2020 1359 2051; x_wconf 84' lang='lat' dir='ltr'>R.</span> <span class='ocrx_word' id='word_1_445' title='bbox 1389 2020 1535 2052; x_wconf 87' lang='lat' dir='ltr'>honores</span> <span class='ocrx_word' id='word_1_446' title='bbox 1559 2026 1752 2052; x_wconf 87' lang='lat' dir='ltr'>consecutos</span> <span class='ocrx_word' id='word_1_447' title='bbox 1775 2031 1854 2058; x_wconf 87' lang='lat' dir='ltr'>esse,</span> <span class='ocrx_word' id='word_1_448' title='bbox 1880 2018 2042 2058; x_wconf 88' lang='lat' dir='ltr'>minume,</span> <span class='ocrx_word' id='word_1_449' title='bbox 2067 2019 2157 2062; x_wconf 90' lang='lat' dir='ltr'>quod</span> 
     </span>
     <span class='ocr_line' id='line_1_37' title="bbox 297 2073 1288 2120; baseline -0.005 -12"><span class='ocrx_word' id='word_1_450' title='bbox 297 2077 384 2110; x_wconf 89' lang='lat' dir='ltr'>filius</span> <span class='ocrx_word' id='word_1_451' title='bbox 406 2089 494 2108; x_wconf 85' lang='grc'><strong>1111110</strong></span> <span class='ocrx_word' id='word_1_452' title='bbox 515 2076 715 2120; x_wconf 82' lang='lat' dir='ltr'>praeteritus</span> <span class='ocrx_word' id='word_1_453' title='bbox 738 2073 796 2111; x_wconf 78' lang='lat' dir='ltr'>sit,</span> <span class='ocrx_word' id='word_1_454' title='bbox 823 2085 892 2104; x_wconf 88' lang='lat' dir='ltr'>esse</span> <span class='ocrx_word' id='word_1_455' title='bbox 910 2073 1111 2104; x_wconf 87' lang='lat' dir='ltr'>miraturum</span> <span class='ocrx_word' id='word_1_456' title='bbox 1131 2073 1288 2103; x_wconf 85' lang='lat' dir='ltr'>ostendit.</span> 
     </span>
    </p>

    <p class='ocr_par' dir='ltr' id='par_1_9' title="bbox 299 2123 2160 2224">
     <span class='ocr_line' id='line_1_38' title="bbox 383 2123 2160 2170; baseline -0.003 -10"><span class='ocrx_word' id='word_1_457' title='bbox 383 2130 481 2161; x_wconf 84' lang='lat' dir='ltr'>Aaas</span> <span class='ocrx_word' id='word_1_458' title='bbox 513 2142 593 2161; x_wconf 82' lang='lat' dir='ltr'>uero</span> <span class='ocrx_word' id='word_1_459' title='bbox 623 2135 703 2160; x_wconf 82' lang='lat' dir='ltr'>tuas</span> <span class='ocrx_word' id='word_1_460' title='bbox 733 2133 765 2159; x_wconf 85' lang='lat' dir='ltr'>et</span> <span class='ocrx_word' id='word_1_461' title='bbox 786 2127 829 2158; x_wconf 90' lang='lat' dir='ltr'>P.</span> <span class='ocrx_word' id='word_1_462' title='bbox 851 2126 986 2159; x_wconf 81' lang='lat' dir='ltr'>Nasica</span> <span class='ocrx_word' id='word_1_463' title='bbox 1008 2126 1071 2157; x_wconf 82' lang='lat' dir='ltr'>tibi</span> <span class='ocrx_word' id='word_1_464' title='bbox 1092 2126 1289 2157; x_wconf 79' lang='lat' dir='ltr'>aediliciam</span> <span class='ocrx_word' id='word_1_465' title='bbox 1311 2127 1534 2169; x_wconf 77' lang='lat' dir='ltr'>praedicaret</span> <span class='ocrx_word' id='word_1_466' title='bbox 1556 2124 1740 2170; x_wconf 80' lang='lat' dir='ltr'>repulsam)</span> <span class='ocrx_word' id='word_1_467' title='bbox 1785 2123 1938 2155; x_wconf 90' lang='lat' dir='ltr'>Totum</span> <span class='ocrx_word' id='word_1_468' title='bbox 1970 2124 2049 2155; x_wconf 90' lang='lat' dir='ltr'>hoc</span> <span class='ocrx_word' id='word_1_469' title='bbox 2071 2143 2111 2149; x_wconf 92' lang='lat'>-—</span> <span class='ocrx_word' id='word_1_470' title='bbox 2135 2126 2160 2166; x_wconf 80' lang='lat'>¹)</span> 
     </span>
     <span class='ocr_line' id='line_1_39' title="bbox 299 2176 2158 2224; baseline -0.001 -12"><span class='ocrx_word' id='word_1_471' title='bbox 299 2180 579 2213; x_wconf 83' lang='lat' dir='ltr'>sufficienter</span> <span class='ocrx_word' id='word_1_472' title='bbox 602 2180 805 2224; x_wconf 85' lang='lat' dir='ltr'>impleuit</span> <span class='ocrx_word' id='word_1_473' title='bbox 825 2197 867 2204; x_wconf 89' lang='lat'>—</span> <span class='ocrx_word' id='word_1_474' title='bbox 888 2181 917 2216; x_wconf 83' lang='lat'>2)</span> <span class='ocrx_word' id='word_1_475' title='bbox 952 2179 1153 2222; x_wconf 84' lang='lat' dir='ltr'>quoniam</span> <span class='ocrx_word' id='word_1_476' title='bbox 1184 2178 1351 2210; x_wconf 85' lang='lat' dir='ltr'>fecerat</span> <span class='ocrx_word' id='word_1_477' title='bbox 1379 2179 1459 2210; x_wconf 87' lang='lat' dir='ltr'>ille</span> <span class='ocrx_word' id='word_1_478' title='bbox 1487 2176 1876 2221; x_wconf 81' lang='lat' dir='ltr'>quaestiunculam,</span> <span class='ocrx_word' id='word_1_479' title='bbox 1911 2183 1954 2208; x_wconf 88' lang='lat' dir='ltr'>ut</span> <span class='ocrx_word' id='word_1_480' title='bbox 1975 2178 2158 2210; x_wconf 85' lang='lat' dir='ltr'>ambisse</span> 
     </span>
    </p>
   </div>
   <div class='ocr_carea' id='block_1_5' title="bbox 377 2336 971 2376">
    <p class='ocr_par' dir='ltr' id='par_1_10' title="bbox 377 2336 971 2376">
     <span class='ocr_line' id='line_1_40' title="bbox 377 2336 971 2376; baseline 0.005 -13"><span class='ocrx_word' id='word_1_481' title='bbox 377 2337 403 2376; x_wconf 86' lang='lat' dir='ltr'>l)</span> <span class='ocrx_word' id='word_1_482' title='bbox 440 2336 619 2364; x_wconf 81' lang='lat' dir='ltr'>Uersiculus</span> <span class='ocrx_word' id='word_1_483' title='bbox 639 2347 759 2366; x_wconf 80' lang='lat' dir='ltr'>uacuus.</span> <span class='ocrx_word' id='word_1_484' title='bbox 796 2338 834 2366; x_wconf 82' lang='lat' dir='ltr'>A.</span> <span class='ocrx_word' id='word_1_485' title='bbox 854 2340 971 2366; x_wconf 66' lang='lat' dir='ltr'>Mnus.</span> 
     </span>
    </p>
   </div>
   <div class='ocr_carea' id='block_1_6' title="bbox 373 2389 1210 2428">
    <p class='ocr_par' dir='ltr' id='par_1_11' title="bbox 373 2389 1210 2428">
     <span class='ocr_line' id='line_1_41' title="bbox 373 2389 1210 2428; baseline 0.005 -12"><span class='ocrx_word' id='word_1_486' title='bbox 373 2389 404 2428; x_wconf 88' lang='lat'>2)</span> <span class='ocrx_word' id='word_1_487' title='bbox 441 2389 619 2417; x_wconf 88' lang='lat' dir='ltr'>Uersiculus</span> <span class='ocrx_word' id='word_1_488' title='bbox 640 2399 707 2417; x_wconf 86' lang='lat' dir='ltr'>cum</span> <span class='ocrx_word' id='word_1_489' title='bbox 728 2390 853 2418; x_wconf 83' lang='lat' dir='ltr'>dimidio</span> <span class='ocrx_word' id='word_1_490' title='bbox 875 2401 995 2419; x_wconf 80' lang='lat' dir='ltr'>uacuus.</span> <span class='ocrx_word' id='word_1_491' title='bbox 1032 2391 1070 2419; x_wconf 84' lang='lat' dir='ltr'>A.</span> <span class='ocrx_word' id='word_1_492' title='bbox 1093 2392 1210 2420; x_wconf 62' lang='lat' dir='ltr'>Mnus.</span> 
     </span>
    </p>
   </div>
   <div class='ocr_carea' id='block_1_7' title="bbox 2204 0 2264 2746">
    <p class='ocr_par' dir='ltr' id='par_1_12' title="bbox 2204 0 2264 2746">
     <span class='ocr_line' id='line_1_42' title="bbox 2204 0 2264 2746; baseline 0 0"><span class='ocrx_word' id='word_1_493' title='bbox 2204 0 2264 2746; x_wconf 95' lang='lat' dir='ltr'> </span> 
     </span>
    </p>
   </div>
  </div>
 </body>
</html>
