2264 2746
812 112 849 140 L.
876 112 931 141 111.
987 113 1020 142 0.
1050 114 1104 142 111.
1150 112 1176 153 ς.
1204 124 1230 143 2.
1815 121 1944 149 cxxv

157 188 207 216 De
226 187 357 216 ueritate
376 186 438 223 rei,
459 197 546 226 quam
568 187 706 226 exposui,
726 187 923 226 persuadebit
943 188 1011 224 sibi,
1033 188 1085 227 qui
1106 188 1161 217 hos
1183 189 1331 217 orationis
1353 190 1533 219 Plancianae
1553 191 1637 219 locos
1657 192 1779 221 adtente
1800 196 1939 232 perlege—

80 235 130 265 rit.
171 236 204 264 C.
227 235 337 263 XXII.
357 233 384 274 §.
406 236 450 264 54.
476 237 559 264 Nicm
582 236 664 273 qnod
681 241 803 273 questus
827 246 872 270 es,
899 235 1002 273 pluris
1023 242 1051 264 le
1071 238 1156 264 teslls
1175 237 1286 265 habere
1306 238 1341 266 (le
1366 240 1521 277 Uoltinia,
1548 250 1639 278 qaam
1659 247 1729 278 qaod
1750 243 1783 269 in.
1803 252 1838 269 ea
1859 245 1940 271 lrc'lnc

77 290 200 322 puncta
220 285 337 312 talea-is.
358 283 395 311 ad
415 293 490 321 quae
511 283 695 311 conferenda
717 293 792 320 quac
813 282 844 310 in
867 283 982 311 Comm.
1004 284 1141 322 exposui.
1183 286 1216 314 C.
1237 285 1360 313 XVIII.
1381 285 1408 325 ᾗ.
1429 286 1474 315 45.
1501 298 1597 326 neque
1617 288 1673 316 hoc
1699 288 1802 318 liberis
1829 294 1940 318 nos-[ris

77 332 372 365 interdicendum-st,
398 341 434 359 ne
454 331 614 359 obseruent
634 330 757 358 tribulis
776 342 859 367 suos,
889 342 926 359 ne
952 331 1106 368 Alagma,
1141 343 1186 361 ne
1212 334 1422 370 conficere
1450 337 1697 364 necessariis
1724 339 1808 365 suis
1833 348 1942 366 suam·

76 378 225 407 tribum
243 381 424 415 possint,
453 389 491 406 ne
507 388 568 415 par
588 377 626 405 ab
647 380 687 406 iis
707 389 818 406 munus
845 380 878 406 in
903 389 961 406 sua
983 381 1135 415 pelilc'one
1161 386 1339 417 respeclenl.
1380 382 1413 409 C.
1434 383 1527 412 XIX.
1554 382 1582 423 §.
1601 384 1646 412 46.
1674 384 1739 421 Lgao
1759 386 1940 420 Plancium,

74 426 269 459 Laterensis,
298 432 326 454 et
345 428 446 463 ipsum
461 427 636 463 gratiosum
657 436 718 454 esse
739 425 806 452 dico
826 431 854 453 et
874 425 1015 453 habuisse
1035 428 1068 454 in.
1083 430 1234 464 petitione
1261 429 1406 456 multos
1427 432 1594 467 cupidos
1619 433 1683 459 sni
1704 435 1940 469 gratiosam

74 485 168 512 quos
188 479 226 501 tu
248 475 281 501 si
300 473 457 501 sodalis
477 484 613 507 uocas,
634 474 875 512 officiosam
896 475 1120 502 amicitiam
1142 477 1295 503 nozuine
1319 478 1517 515 inquinas
1537 482 1770 514 criminoso;
1790 483 1847 516 sin,
1867 484 1941 519 quia

72 522 208 559 gratio-si
227 521 305 554 sint,
333 521 538 549 acc-assandus
553 527 669 559 palas,
692 522 756 549 noli
774 523 901 555 mirari,
930 527 958 548 le
978 521 1027 556 id,
1055 523 1136 559 qaod
1153 529 1209 552 lna
1230 524 1369 562 (lignz'las
1384 526 1572 561 postulem-il,
1598 528 1798 564 repudiandis
1815 531 1938 566 gralia-

71 579 173 598 sorltm
193 570 340 596 amicitiis
360 580 418 597 non
442 579 503 597 esse
523 570 713 597 adseculam.
752 569 822 596 Iam
842 575 876 597 nt
897 578 949 606 ego
970 569 1074 605 (lovea,
1091 572 1266 606 gratiosum
1286 574 1320 599 in
1340 582 1398 600 sua
1419 573 1502 601 triba
1523 575 1705 608 Plancium,
1735 577 1817 613 quod
1834 578 1938 605 mullis.-

75 616 203 653 benigne
221 616 357 654 fecerit,
387 626 447 654 pro
469 617 575 644 multis
595 616 808 653 spoponderil,
834 619 868 645 in
887 627 994 653 operas
1008 616 1173 653 plurumos
1189 620 1294 655 patris
1314 622 1501 648 auctoritaie
1522 627 1548 648 et
1566 624 1674 657 gralia
1694 625 1826 655 miserit,
1859 624 1940 660 quod

72 665 201 702 (lenique
221 664 360 692 manibus
380 665 488 702 officii-s·
503 673 562 700 per
581 674 627 693 se,
644 673 700 700 per
717 671 855 701 patrem,
883 674 941 701 per
961 666 1092 692 maiores
1111 675 1180 693 suos
1201 671 1298 693 lolam
1317 666 1479 695 Atinatem
1495 669 1600 706 praefi
1610 676 1728 698 clm-am
1749 671 1936 708 conprehen-

70 713 167 741 derit:
197 713 241 740 sic
268 718 302 740 ίιι
331 712 418 745 (loce,
446 718 629 749 seques-[rem
648 711 767 748 fuisse,
795 713 948 749 largitmn
974 722 1049 744 esse,
1080 715 1309 750 conscripsisse,
1338 714 1462 743 tribulis
1490 716 1672 744 decuriasse.
1712 718 1780 753 Quo
1808 719 1839 746 in
1868 719 1935 746 loeo

69 760 294 789 adtendendum
313 760 351 788 ad
371 760 520 798 egregiam
542 758 671 786 oratoris
692 764 803 794 artem,
837 769 894 796 qua
915 758 1042 796 cupidos
1063 765 1182 788 tantum
1201 760 1296 789 fuisse
1320 760 1426 789 Planci
1454 767 1484 790 et
1510 763 1659 801 gratiosos
1680 765 1781 793 studet
1802 775 1934 804 conpro—

67 809 156 845 bare,
186 819 261 847 quos
284 818 345 836 11011
367 808 522 835 dubiumst
542 806 616 844 quin
636 810 719 833 recte
739 805 916 833 Laterensis
936 806 1047 834 sodalis
1068 808 1163 836 fuisse
1185 808 1308 837 dixerit.

141 856 204 884 Iam
232 861 360 894 utraque
387 854 550 883 ambeundi
578 852 657 882 ratio
685 852 743 880 etsi
770 852 945 891 periculosa
972 853 1018 881 rei
1045 855 1188 892 publicae
1210 861 1290 892 erat,
1329 861 1429 885 tamen
1449 857 1595 887 maiorem
1616 858 1644 886 ei
1666 859 1855 896 candidatos,
1884 862 1932 898 qui

67 916 230 945 operarum
250 914 355 932 manus
376 903 411 931 ad
432 902 494 930 uim
515 901 671 935 emebant,
706 910 795 938 quam
815 900 868 939 (1111
888 900 952 928 sola
971 901 1136 939 largitione
1156 904 1306 942 populum
1327 905 1582 943 corrumpebant,
1617 906 1735 934 adferre
1756 908 1932 945 perniciem,

66 963 130 983 non
150 958 273 992 poterat
299 953 463 981 obscurum
485 958 557 976 csse.
596 946 811 976 Nihilominus
838 948 891 976 (1111
918 948 951 977 111
972 950 1202 987 quaestionibus
1230 950 1267 978 de
1287 951 1404 979 ambitu
1423 953 1509 981 nulla
1528 953 1714 983 discriminis
1734 955 1818 983 illius
1840 954 1933 983 habc-

67 1003 158 1031 batur
178 1002 272 1037 ratio,
306 1010 362 1028 nec
383 999 497 1032 maius,
534 996 587 1034 qui
614 994 797 1032 largitione,
831 1006 921 1034 quam
942 997 988 1033 ei,
1023 997 1075 1035 qui
1095 997 1128 1025 ui
1148 997 1257 1036 populi
1277 999 1417 1037 suffragia
1438 1007 1619 1029 consecutus
1640 1007 1722 1037 erat,
1748 1002 1933 1040 inpendebat

289 1047 427 1076 Tandem
447 1055 514 1074 011111
535 1044 728 1072 intellectum
750 1048 844 1079 esset,
873 1050 986 1083 quanto
1006 1046 1076 1084 plus
1097 1044 1172 1073 hacc
1193 1045 1289 1074 altera
1314 1048 1477 1076 ambeundi
1497 1050 1575 1078 ratio
1596 1049 1632 1077 ad
1653 1050 1848 1078 euertendam
1868 1061 1930 1079 rem

66 1049 248 1089 periculum.

66 1098 221 1137 publicam
248 1096 418 1130 conferret,
447 1098 579 1122 exeunte
607 1091 727 1119 saeculo
758 1097 898 1130 septumo
924 1093 1048 1131 grauius
1074 1093 1107 1121 in
1135 1102 1187 1121 005
1216 1095 1356 1123 exerceri
1384 1095 1533 1125 iudicium
1560 1097 1677 1136 coepit,
1704 1097 1756 1135 qui
1783 1098 1931 1126 sodalium

64 1156 159 1186 opera
178 1145 311 1173 honores
332 1141 489 1171 consecuti
508 1150 576 1171 csse
596 1139 810 1177 arguebantur.

136 1193 264 1220 Factum
291 1191 323 1219 id
350 1195 395 1218 est
422 1190 488 1227 lege
515 1187 641 1216 Licinia
668 1187 704 1214 de
733 1187 904 1223 sodaliciis,
931 1198 1007 1226 quae
1032 1188 1099 1226 ipsa
1124 1192 1159 1216 ut
1185 1188 1336 1226 ferretur,
1370 1197 1491 1221 senatus
1519 1197 1626 1221 auctor
1651 1192 1712 1220 fuit
1738 1191 1806 1230 (cfr.
1826 1192 1927 1221 Plane.

63 1243 98 1272 C.
115 1241 191 1269 XV.
211 1238 238 1279 §
258 1239 304 1268 36.
324 1240 369 1274 37.
391 1238 423 1267 C.
444 1235 535 1264 XVI.
556 1233 582 1274 §.
603 1236 639 1273 39
660 1240 738 1263 extr.
761 1235 794 1264 C.
814 1236 922 1264 XVII.
943 1234 970 1275 §.
991 1236 1035 1264 41.
1058 1236 1091 1264 C.
1114 1236 1239 1264 XVIII.
1259 1235 1286 1276 §.
1307 1238 1352 1266 44.
1373 1238 1459 1277 45..)‚
1486 1240 1538 1278 qui
1564 1240 1622 1268 iam
1642 1250 1721 1268 auno
1742 1245 1825 1276 aute,
1846 1242 1927 1269 rcfe-

60 1295 148 1320 rente
170 1289 320 1317 Cicerone
347 1286 383 1314 ad
405 1286 443 1322 Q.
463 1285 501 1313 fr.
522 1284 568 1319 II,
588 1285 621 1319 3,
642 1283 668 1311 6.
690 1282 742 1322 (Τ.
763 1283 802 1311 II.
823 1294 852 1322 p.
874 1285 918 1321 59.
940 1283 985 1311 ed.
1008 1282 1077 1312 Sch.
1098 1282 1208 1323 mai..),
1237 1284 1430 1322 decreuerat,
1457 1293 1492 1315 ut
1518 1289 1697 1316 sodalitates
1717 1288 1926 1327 decuriatiqm

63 1337 268 1369 discederent,
292 1337 398 1372 lexque
419 1334 455 1361 de
474 1334 512 1360 iis
525 1332 684 1370 ferretur,
705 1337 755 1364 ut,
775 1332 829 1369 qai
849 1341 909 1358 non.
929 1331 1152 1368 discessissent,
1173 1343 1208 1360 ea
1222 1343 1340 1370 poena,
1361 1346 1439 1372 quae
1459 1341 1502 1363 est
1523 1335 1557 1362 (le
1578 1337 1627 1368 ui,
1651 1341 1835 1364 generentur-

138 1385 242 1422 Itaque
263 1384 321 1411 lata
340 1381 396 1409 hac
417 1381 499 1418 lege,
529 1379 581 1418 qui
601 1379 751 1407 honorem
772 1379 1018 1414 adfectaucrant,
1048 1378 1094 1406 bis
1114 1383 1257 1416 poterant
1276 1383 1443 1418 postulari,
1463 1388 1494 1411 et
1513 1382 1550 1410 de
1570 1382 1686 1410 ambitu
1706 1388 1736 1411 et
1756 1384 1792 1411 (10
1812 1384 1924 1412 sodali-

64 1433 128 1462 ciis.
166 1433 270 1469 Atque
290 1430 403 1458 factum
423 1427 482 1456 hoc
502 1438 611 1456 reuera
631 1437 858 1465 nonnumquam
878 1436 960 1462 esse,
995 1431 1117 1454 ueteres
1137 1427 1302 1466 scriptores
1323 1430 1486 1458 memoriae
1506 1431 1718 1470 prodiderunt.
1758 1431 1803 1459 Ita
1823 1432 1921 1459 Asco-

63 1481 133 1509 nius
152 1478 304 1508 Pedianus
324 1477 357 1504 in
377 1476 450 1513 Arg.
472 1486 515 1503 or.
535 1475 603 1504 Mil.
632 1485 662 1513 p.
687 1484 747 1512 190.
768 1474 813 1502 ed.
834 1475 932 1512 Lugd.
954 1480 984 1503 et
1003 1486 1033 1514 p.
1054 1475 1117 1503 205.
1138 1475 1289 1505 Milouem
1310 1483 1340 1506 et
1360 1478 1397 1506 de
1417 1478 1533 1507 ambitu
1553 1484 1583 1507 et
1604 1479 1641 1506 de
1661 1478 1815 1507 sodaliciis
1835 1483 1865 1506 et
1885 1478 1922 1506 de

62 1529 96 1557 ui
116 1531 301 1556 accussatum
321 1523 430 1552 scribit
450 1533 523 1551 csse.
562 1522 646 1550 Idem
667 1522 733 1550 sine
754 1522 846 1550 dubio
868 1523 910 1551 M.
931 1523 1093 1552 Messallae
1113 1523 1241 1560 accidit,
1275 1525 1327 1563 qui
1348 1536 1417 1554 cum
1435 1536 1505 1562 reus
1526 1527 1657 1554 ambitus
1678 1531 1756 1554 esset
1776 1528 1871 1555 factus
1892 1532 1921 1554 et

60 1575 195 1614 turpiter
214 1572 351 1601 iudicum
370 1571 532 1599 sententiis
553 1570 725 1605 absolutus,
759 1569 920 1608 postmodo
940 1570 1008 1607 loge
1027 1570 1151 1599 Licinia
1171 1571 1208 1599 de
1229 1573 1383 1601 sodaliciis
1402 1574 1573 1612 postulatus
1594 1579 1648 1602 est.
1687 1574 1765 1602 Nam
1787 1575 1817 1601 in
1838 1573 1919 1602 hunc

60 1633 182 1651 sensum
209 1620 368 1649 manifesto
395 1618 575 1656 accipiuuda
596 1618 681 1647 Caeli
701 1619 797 1646 uerba
816 1623 902 1654 sunt,
929 1628 1004 1656 quae
1025 1618 1057 1646 in
1087 1619 1174 1657 epist.
1203 1620 1241 1648 ad
1262 1621 1443 1650 Ciceronem
1465 1622 1581 1660 scripta
1601 1621 1651 1661 (ad
1670 1622 1743 1650 Diu.
1765 1621 1858 1657 VIII,
1877 1621 1919 1659 2.)

58 1671 218 1708 leguntur:
240 1668 324 1704 Quid
341 1668 417 1695 alios
432 1665 553 1704 pictas?
572 1666 757 1694 clamoribus
776 1667 893 1694 scilicet
912 1668 1065 1694 maxumis
1084 1668 1201 1695 iudices
1220 1671 1454 1707 corripuerunt,-
1473 1676 1502 1698 et
1522 1671 1728 1702 ostenderunt,
1742 1671 1838 1706 plane
1858 1679 1918 1697 esse

59 1717 238 1757 quodferri
258 1725 318 1742 uon.
334 1720 441 1751 posset.
480 1714 627 1751 [laque
645 1715 819 1742 relictas
837 1715 922 1751 lege
942 1714 1111 1743 Licinia
1131 1718 1282 1745 maiore
1302 1719 1590 1754 essepericalo
1610 1718 1782 1745 uidetur.
1810 1716 1920 1754 Neque

58 1764 140 1792 cnim
160 1764 286 1791 relictas
306 1761 357 1789 liic
377 1765 479 1800 potest
500 1770 563 1788 esse
584 1760 757 1795 absolutas,
784 1773 842 1800 quo
864 1772 954 1790 sensu
974 1762 1131 1791 Manutius
1151 1763 1342 1802 Kortiusque
1362 1770 1554 1803 acceperunt.
1595 1766 1720 1792 Sensum
1739 1769 1822 1792 recte
1842 1774 1915 1802 per-

58 1812 159 1852 spexit
180 1810 360 1845 Ernestius,
382 1808 434 1847 qui
454 1818 510 1846 pro
531 1809 594 1845 lege
614 1810 741 1836 Licinia
761 1809 955 1837 scribendum
976 1811 1040 1847 legi
1058 1811 1202 1840 Liciniae
1222 1812 1314 1851 idque
1334 1812 1371 1840 ad
1390 1814 1515 1841 relictus
1534 1812 1728 1841 referendum
1747 1812 1876 1850 putauit.

134 1860 208 1889 Post
228 1867 278 1892 ea,
299 1866 375 1894 quae
396 1855 609 1894 exposuimus,
637 1856 688 1884 uel
709 1862 818 1895 sponte
837 1857 1051 1895 intellegetur,
1077 1868 1140 1887 non
1159 1865 1243 1888 recte
1263 1860 1436 1890 Manutium
1457 1861 1493 1888 de
1512 1860 1605 1898 Legg.
1626 1860 1714 1887 Rom.
1736 1869 1759 1887 c.
1780 1861 1824 1887 30.
1845 1859 1912 1896 Iege

58 1909 94 1937 de
114 1905 269 1936 sodaliciis
291 1905 351 1933 lata
370 1904 518 1932 sancitum
540 1913 603 1931 csse
625 1903 735 1940 dicere,
755 1915 791 1932 ne
811 1907 880 1942 qais
899 1907 993 1933 colret
1012 1909 1216 1945 magistratus
1239 1909 1432 1945 adipiscendi
1451 1917 1571 1940 caussa,
1590 1907 1791 1944 similiterque
1810 1906 1912 1934 Erne-

56 1955 148 1984 stium
168 1963 285 1988 errare,
320 1951 424 1990 quiin
445 1951 517 1989 Arg.
544 1961 588 1979 or.
609 1951 790 1979 Plancianae
816 1950 889 1979 haec
915 1952 1090 1991 scripserit:
1121 1956 1210 1993 „Qua
1236 1957 1290 1984 ille
1316 1955 1483 1992 ignominia
1510 1959 1668 1983 conmotus
1687 1953 1845 1982 Plancium
1872 1963 1910 1981 ex

55 2001 122 2039 lege
141 2000 266 2029 Licinia
285 2000 321 2028 (le
340 2000 515 2035 sodaliciis,
542 1998 571 2026 h.
592 2008 618 2027 e.
639 2000 825 2028 coitionibus
845 1999 882 2027 ad
902 2002 1124 2039 corrumpenda
1150 2004 1259 2042 populi
1287 2004 1426 2041 suffragia
1454 2003 1541 2031 factis
1569 2001 1648 2041 (nam
1669 2012 1796 2039 quorum
1818 2012 1910 2040 opera

55 2049 154 2077 tribus
183 2048 474 2086 corrumpebantur,
501 2046 617 2074 sodales
646 2051 676 2075 et
702 2051 872 2085 sequestres
900 2047 1094 2086 dicebantur,
1123 2051 1184 2079 uid.
1204 2060 1261 2090 pro
1284 2051 1386 2079 Caelio
1408 2061 1432 2078 c.
1454 2048 1492 2089 7.)
1513 2050 1696 2086 accussauit,
1726 2049 1807 2087 quod
1828 2049 1908 2078 inter

55 2095 184 2124 ambitus
204 2095 333 2123 crimina
352 2095 571 2133 grauissumum
591 2097 665 2123 est.“

129 2143 200 2171 Nisi
220 2144 301 2172 forte
321 2143 408 2171 ambo
429 2142 462 2170 in
483 2152 518 2170 eo
540 2147 657 2170 tanturn
677 2148 860 2182 peccarunt,
897 2140 977 2181 quod
997 2144 1124 2173 uerbum
1144 2146 1274 2174 coeundi
1299 2151 1329 2174 et
1349 2147 1488 2174 coitionis
1506 2146 1582 2175 falso
1602 2156 1691 2175 sensu
1709 2151 1906 2185 usurparunt,

55 2190 194 2229 idemque
214 2193 374 2220 coitionem
394 2190 474 2229 quod
502 2191 653 2219 sodalicia
673 2191 844 2229 significare
866 2191 1070 2221 crediderunt.
1111 2193 1201 2229 Quod
1221 2193 1297 2221 mihi
1319 2204 1354 2221 eo
1374 2193 1564 2232 probabilius
1584 2194 1724 2230 uidetur,
1754 2204 1820 2222 cum
1841 2194 1903 2222 Er-

56 2238 171 2265 nestius
199 2238 231 2266 in
252 2238 336 2267 Clau.
358 2238 421 2267 Cic.
449 2238 540 2266 ctiam
567 2238 630 2266 uim
656 2238 788 2267 nominis
816 2240 956 2267 coitionis
982 2249 1045 2268 non
1070 2245 1155 2269 recte
1181 2241 1366 2279 exposuerit.
1405 2241 1530 2270 Monuit
1555 2242 1610 2270 ille
1637 2242 1696 2270 ibi:
1724 2242 1799 2277 „Est
1819 2241 1899 2269 euim

55 2287 161 2319 coitio,
181 2295 248 2314 011111
267 2285 406 2314 11011111105
427 2292 649 2325 congregantur
667 2286 713 2315 rei
736 2286 829 2314 malac
849 2286 1074 2324 perficiundae,
1094 2288 1192 2316 ueluti
1213 2288 1347 2317 tribuum
1368 2290 1657 2328 corrumpendarum
1678 2291 1808 2318 caussa.“

128 2332 171 2360 At
190 2332 248 2361 hoe
267 2344 329 2362 non
348 2344 422 2362 uere
443 2334 566 2362 dictum.
605 2335 682 2363 Nam
704 2335 830 2363 uerbum
852 2338 992 2364 coitionis
1019 2336 1159 2374 quotiens
1181 2336 1216 2364 de
1237 2337 1365 2365 ambitus
1385 2337 1445 2365 reis
1466 2343 1644 2377 usurpatur,
1670 2348 1731 2366 non
1751 2336 1900 2374 significat

54 2380 185 2418 aliquam
205 2381 377 2409 societatem
405 2381 557 2410 candidati
586 2392 654 2411 cum
681 2383 833 2411 sodalibus
860 2384 909 2411 ucl
938 2384 1040 2421 operis
1069 2385 1285 2423 campestribus
1318 2385 1354 2413 ad
1380 2386 1601 2424 corrumpenda
1627 2385 1734 2424 populi
1761 2383 1898 2421 suffragia

53 2428 179 2464 initam,
200 2437 305 2456 uerum
325 2429 572 2458 coniunctionem
593 2431 745 2460 candidati
767 2441 833 2459 011111
853 2431 1045 2470 conpetitore
1065 2442 1100 2460 00
1122 2432 1251 2461 consilio
1271 2433 1397 2469 saetam,
1424 2438 1459 2461 ut
1478 2434 1612 2472 reliquos
1633 2432 1838 2471 conpetitores
1859 2431 1895 2459 de

1430 2482 1486 2512 10*
