2264 2746
811 123 835 152 C
855 123 883 151 A
904 124 947 152 P.
984 123 1077 153 XIV.
1104 121 1130 164 §.
1157 130 1201 157 35.
1890 138 1944 163 117

70 197 144 229 nius
166 208 248 228 uero
271 197 374 236 addit,
400 198 586 235 Caesarem,
610 209 652 229 ne
676 198 710 229 in
735 198 902 231 locatione
925 211 1094 232 nouorum
1117 201 1345 244 uectzgralimn
1369 202 1618 235 inmoderatius
1641 204 1839 244 licerentur,
1863 206 1943 249 (pu-

66 250 214 281 blicanos
238 256 271 281 et
286 255 474 291 equestrem
489 249 659 291 ordinem)
684 253 866 294 propalam
889 253 1069 284 monuisse.
1093 253 1183 295 Ergo
1199 254 1335 296 petendi
1352 266 1463 286 caussa
1480 256 1675 298 permansit,
1698 269 1782 298 quae
1799 270 1817 289 a
1829 259 1941 301 primo

66 302 132 335 fuit
155 303 318 346 exposita.
361 303 418 333 Set
448 302 487 333 ab
513 302 563 333 his
586 303 805 335 uehementer
837 305 990 336 dissentit
1020 306 1231 345 scholiastes,
1279 308 1446 350 aliamque
1475 308 1571 340 docte
1600 321 1747 341 caussam
1773 310 1940 353 patefacit.

69 355 154 388 Clam
172 357 335 399 princ-eps
359 361 444 387 esset
462 355 728 398 publicanorum
752 356 810 389 (Ἰῑ.
832 359 974 390 I’lcmcii
990 365 1112 402 pater,
1147 365 1179 391 et
1202 361 1345 392 societas
1367 363 1483 393 eadem
1509 363 1543 393 irz
1567 364 1762 395 exercendis
1785 366 1943 408 uectlgcz-

66 409 155 440 libus
176 408 388 451 grauissimo
411 408 544 439 'damno
568 409 746 439 uideretur
769 410 925 452 adserta,
961 412 1195 443 desidet-alma
1224 418 1273 444 est
1297 414 1331 444 itt
1355 421 1474 446 settatu
1507 416 1642 447 nomine
1666 416 1943 459 publicanorum,

67 466 105 492 ut
128 473 204 492 (rum
227 462 270 492 iis
294 462 383 492 ratio
401 466 589 503 putaretur
612 461 687 503 lege
711 462 933 505 Senum-(mia,
971 470 1003 495 et
1026 465 1237 496 remissionis
1267 471 1404 498 tantum
1417 466 1526 508 ficret
1548 469 1588 499 de
1611 481 1744 500 summa
1761 471 1943 512 pecuniae,

67 519 234 557 quantum
262 514 418 556 aequitas
445 513 659 555 postularet,
692 526 760 556 pro
793 518 988 557 quantitate
1017 517 1241 555 damnorum,
1278 518 1400 560 quibus
1421 519 1571 562 ficerunt
1601 521 1719 552 lios-tili
1749 522 1944 554 incursione

65 567 195 598 uexati.
241 566 342 606 Quod
374 566 488 596 Planci
517 572 649 607 patrem
682 566 940 608 publicanorum
970 569 1118 611 appellat
1140 568 1349 611 principem,
1385 570 1468 601 bene
1493 578 1558 603 est:
1595 585 1670 604 nam
1697 574 1814 605 (¹icer0
1839 587 1866 606 c.
1894 576 1941 607 15.

65 614 256 650 intersuos
277 619 472 662 principem
496 619 595 657 dicit3
637 619 741 651 inimo
769 621 869 651 etiam
900 622 963 652 hoc
993 621 1100 663 capite
1130 627 1302 660 extrem0,
1341 624 1431 655 hunc
1459 637 1480 655 a
1500 637 1629 657 summo
1653 628 1730 658 uiro
1748 628 1944 671 principem

64 682 135 702 esse
158 672 289 702 ordinis
313 672 525 710 imlimtmn,
567 683 690 714 nempe
719 679 756 704 ut
779 685 805 703 0.
834 685 880 715 17.
905 686 945 705 ex
969 674 1106 705 CXXV
1137 673 1327 712 iudicibus,
1355 677 1575 719 prim-ipitius
1604 681 1770 721 equestris
1800 682 1943 714 ordinis.

64 724 117 754 De
139 723 212 765 lege
235 723 293 755 illa
317 725 518 767 Sempronia
543 725 722 767 singularis
749 732 798 756 est
821 726 912 757 locus
938 727 996 756 III.
1020 726 1055 756 in
1080 727 1180 758 Uerr.
1208 728 1256 766 6.,
1281 740 1347 769 (1110
1370 729 1556 769 prouinciis
1579 737 1659 771 ant,
1687 732 1812 774 inquit,
1845 735 1944 778 inpo-

63 776 170 808 sitam
199 778 353 820 uectigal
381 783 429 809 est
459 784 607 816 certum,
643 779 733 821 quod
756 779 1025 820 stipendiariunz
1055 779 1204 818 dicitur,
1229 786 1268 811 ut
1290 781 1465 823 Ilisparlis
1488 788 1520 813 et
1539 784 1714 827 plerisque
1736 787 1943 827 Poenorum,

64 829 165 872 quasi
188 830 355 861 uictoriae
373 832 571 873 praemium
592 845 633 863 m.-
646 843 759 874 poena
782 830 873 867 belli,
896 837 958 863 (tut
983 833 1137 863 censoria
1161 833 1286 864 locatio
1309 835 1542 873 constitutas-t,
1566 842 1605 866 nt
1622 838 1730 868 Asiae
1753 839 1827 881 lege
1850 841 1944 872 Sem-

57 882 197 925 prom'a.
243 883 329 913 Cum
352 883 455 925 igitur
478 883 514 914 hi
535 883 722 926 publicani,
751 895 834 925 quos
858 885 1044 925 generatim
1068 885 1170 916 ceteri
1194 885 1387 926 nominant,
1413 887 1552 926 Asiani,
1576 894 1614 919 ut
1636 889 1794 930 uidimus,
1820 903 1838 922 a
1857 893 1946 924 Tul-

63 934 109 964 lio
133 941 312 974 nocentur,
343 942 375 966 et
398 935 439 966 de
462 936 655 967 censoribus
678 936 880 967 conduxisse
904 936 1074 976 dicantur,
1105 938 1339 983 consequitur,
1372 951 1474 970 uuam
1497 940 1590 972 illam
1613 942 1805 973 societatem
1831 943 1944 985 fuisse,

67 998 151 1029 quae
174 988 276 1019 Asiae
300 988 474 1030 uectigalia
498 1000 539 1019 ex
563 988 636 1030 lege
660 989 861 1031 Sempronia
884 989 1099 1020 conduxerit.
1144 991 1266 1032 Neque
1288 997 1400 1021 tamen
1424 1003 1460 1022 ea
1485 992 1557 1035 lege
1581 995 1666 1026 ratio
1690 996 1838 1037 putanda
1863 1005 1944 1039 erat,

62 1046 112 1071 set
139 1040 277 1071 omnino
312 1041 388 1083 lege
410 1042 581 1079 censoria,
624 1052 689 1083 qua
720 1053 842 1084 nempe
873 1053 1026 1073 censores
1050 1042 1287 1085 Semproniam
1317 1044 1422 1075 secuti
1445 1045 1621 1086 uectigalia
1653 1046 1712 1077 illa
1734 1049 1944 1091 locaucrant3

64 1092 106 1123 de
129 1104 193 1134 qua
216 1104 291 1132 cum
314 1093 371 1122 alii
394 1092 484 1132 lCti,
525 1099 597 1124 tum
628 1094 695 1136 egit
717 1094 849 1125 abunde
871 1094 1064 1126 Brissonius
1088 1095 1150 1126 VI.
1176 1095 1216 1126 de
1240 1095 1378 1127 formul.
1402 1097 1472 1129 81..
1519 1098 1693 1140 Egregiast
1722 1100 1756 1131 in
1783 1113 1855 1133 rem
1881 1115 1946 1134 110-

63 1151 168 1176 stram
192 1145 364 1176 insectatio
390 1146 515 1177 Gabini
539 1146 580 1177 de
602 1158 701 1189 prou.
727 1158 817 1178 cons.
843 1159 870 1176 c.
895 1149 943 1177 In:
975 1146 1130 1185 Uidetis,
1154 1148 1196 1179 P.
1218 1148 1266 1186 (L,
1289 1161 1355 1180 non
1387 1151 1579 1183 temeritate
1607 1154 1850 1196 redemptionis
1883 1162 1946 1188 aut

63 1199 181 1241 negoti
201 1200 347 1242 gerendi
369 1200 530 1238 inscitia,
567 1205 617 1231 set
639 1199 814 1237 auaritia,
846 1199 1023 1242 superbia,
1058 1201 1264 1232 crudelitate
1288 1201 1417 1233 Gabini
1436 1215 1544 1245 [mene
1566 1206 1727 1248 adflictos
1750 1208 1820 1239 istm
1843 1215 1946 1252 atque

62 1263 197 1283 euersos
213 1252 437 1295 publicanos,
472 1251 594 1294 quibus
618 1252 755 1294 quidem
778 1265 838 1283 uos
856 1253 890 1283 in
906 1253 959 1284 his
973 1253 1150 1296 angustiis
1172 1255 1290 1285 aerari
1314 1260 1426 1287 tamen
1449 1256 1663 1289 suhzzem'atis
1685 1272 1818 1291 necesse
1841 1267 1891 1292 est
1907 1281 1946 1285 —

64 1304 142 1344 An,
172 1306 203 1336 si
224 1304 381 1348 quifrtti
397 1305 539 1348 publico
562 1317 628 1336 noll
646 1306 764 1348 potuit
782 1317 847 1348 ster
870 1306 1017 1343 hostem,
1045 1306 1101 1337 liic
1124 1307 1256 1349 tegitur
1279 1307 1356 1349 ips-(t
1379 1309 1453 1351 lege
1485 1312 1662 1348 cens-oria3
1695 1325 1793 1355 quem
1816 1314 1846 1345 is
1859 1313 1946 1357 frui

62 1370 129 1390 non
152 1359 255 1396 sinit,
289 1359 349 1401 qui
369 1364 436 1396 est,
467 1359 603 1390 etianzsi
625 1371 691 1389 non
716 1358 932 1401 appellatur,
965 1358 1091 1395 hostis,
1124 1359 1205 1390 Ῐιιιίιτ
1217 1358 1317 1402 ferri
1339 1362 1512 1393 auxillum
1534 1376 1599 1394 non
1623 1367 1781 1407 oportet?
1824 1367 1945 1409 Aequa

64 1411 266 1455 postulatio,
300 1422 399 1452 quam
422 1411 450 1442 si
473 1411 705 1453 redemptores
729 1411 781 1442 illi
802 1409 958 1441 fecissent
981 1410 1143 1450 Asiatici,
1181 1413 1264 1443 Cato
1288 1413 1359 1455 ipse
1382 1425 1450 1444 11011
1475 1423 1710 1457 oppugnasset.
1757 1419 1868 1459 Quem
1893 1426 1945 1451 ta-

62 1477 142 1498 men
171 1464 235 1495 hoc
264 1463 365 1495 etiam
386 1464 523 1494 nomine
548 1464 768 1507 reprehendit
791 1463 1006 1495 casaubonus
1033 1464 1075 1494 ad
1098 1464 1236 1496 Sueton.
1261 1466 1284 1496 l.
1308 1477 1354 1505 c.,
1390 1467 1483 1508 quasi
1510 1468 1596 1499 bello
1620 1470 1853 1503 Mithridatico
1883 1473 1945 1504 ad-

62 1518 146 1550 flicti
168 1516 297 1558 egerint
319 1517 392 1559 lege
415 1517 576 1548 censoria.
622 1518 762 1548 Summo
787 1517 862 1547 uiro
886 1516 1078 1547 scholiastes
1102 1528 1191 1548 nunc
1213 1524 1330 1549 auctor
1354 1521 1525 1559 exoritur,
1568 1528 1604 1552 ut
1628 1522 1794 1555 diuinasse
1816 1537 1945 1568 prope-

63 1571 205 1604 modum
227 1569 393 1601 uideatur.
440 1570 498 1601 Set
521 1570 795 1601 commenticium
819 1571 882 1601 hoc
905 1580 995 1608 esse,
1031 1569 1123 1600 testis
1147 1570 1384 1609 certissumus,
1423 1584 1522 1614 quem
1546 1575 1790 1616 produximus,
1825 1578 1944 1610 Cicero

64 1625 173 1657 docet.
218 1622 303 1665 Quis
333 1628 445 1654 autem
475 1623 673 1666 publicanos
701 1623 884 1654 existumet
911 1634 1060 1654 caussam
1085 1622 1307 1664 deteriorem,
1344 1625 1451 1656 immo
1476 1632 1611 1670 turpem
1636 1628 1806 1660 adlaturos
1829 1629 1943 1670 fuisse,

65 1690 167 1722 quam
190 1683 352 1720 patronus
375 1675 446 1718 ipse
469 1676 691 1718 dampnabat,
715 1676 742 1707 si
765 1675 902 1715 iustam,
931 1676 1143 1718 legitumam,
1173 1676 1397 1719 usitatamque
1420 1679 1639 1711 habuissent?
1674 1681 1731 1721 qui
1754 1693 1858 1723 porro
1882 1683 1945 1714 ha-

62 1731 145 1762 bere
166 1734 342 1771 poterant,
381 1740 457 1759 cum
480 1729 569 1760 bello
592 1729 824 1761 Mithridatico
855 1729 1004 1760 extincto
1028 1740 1234 1770 reuersoque
1257 1730 1297 1760 ad
1323 1732 1535 1775 triumphum
1566 1732 1725 1775 Pompeio
1749 1735 1852 1766 Asiae
1882 1747 1944 1766 ue-

65 1782 196 1824 ctigalia
220 1781 470 1813 conduxerint?
516 1783 605 1813 Nam
629 1782 750 1813 locatio
773 1781 858 1812 sacta
882 1781 1000 1812 eodem
1024 1793 1110 1812 anno
1134 1781 1199 1813 fuit
1222 1794 1288 1824 quo
1312 1785 1512 1825 postulatio,
1537 1786 1729 1825 DCXCH„
1754 1787 1843 1828 quod
1866 1794 1944 1819 ante

64 1848 119 1869 me
144 1834 282 1876 Pighius
306 1834 348 1864 T.
372 1834 432 1864 ΙΙΙ.
456 1835 582 1866 Annal.
606 1847 639 1877 p.
664 1836 735 1876 557.
760 1846 802 1866 ex
826 1835 920 1866 Tulli
943 1835 1136 1866 narratione
1159 1836 1317 1877 consequi
1343 1842 1408 1867 tam
1430 1844 1559 1868 certum
1582 1838 1715 1877 habuit,
1740 1846 1776 1871 ut
1799 1841 1869 1872 eius
1892 1841 1945 1874 rei

65 1900 178 1922 caussa
207 1898 360 1918 censores
390 1899 496 1919 nouos
521 1888 555 1918 in
578 1888 676 1919 illum
699 1899 825 1919 annum
854 1887 1047 1927 induxerit,
1086 1900 1231 1930 quorum
1255 1889 1392 1920 nomina
1422 1890 1628 1931 ignoremus.
1672 1893 1781 1934 Atqui
1810 1906 1945 1927 necesse

64 1955 135 1977 non
157 1947 238 1973 erat.
285 1940 320 1971 Si
344 1941 468 1971 etenim
493 1942 639 1973 lustrum
660 1947 795 1983 postero
819 1953 906 1973 anno
931 1942 1106 1973 conditum
1132 1953 1174 1972 ex
1190 1942 1214 1972 l.
1235 1941 1276 1972 ad
1293 1942 1397 1973 Attic.
1426 1943 1473 1973 13.
1498 1943 1718 1983 obseruasset‚
1742 1947 1944 1980 locationem

65 1999 102 2030 in
125 2001 282 2039 quartum
307 1994 424 2025 Cottae
450 2000 483 2025 et
506 1993 643 2025 Isaurici
666 2004 843 2025 censorum
866 2006 992 2026 annum
1023 1995 1171 2026 incidere
1200 1994 1445 2036 perspexisset,
1479 1995 1673 2039 bellumque
1702 1998 1780 2031 illut
1808 2001 1945 2044 inpedi-

65 2056 180 2082 mento
209 2047 329 2087 fuisse,
367 2047 546 2089 quominus
573 2053 670 2078 antea
701 2044 806 2076 fieret.
854 2046 1068 2089 Quamquam
1097 2047 1226 2078 etiamsi
1256 2058 1343 2078 auno
1374 2048 1549 2090 superiore
1580 2049 1737 2092 feceriut,
1779 2053 1866 2084 nihil
1896 2061 1945 2085 est

68 2113 216 2140 caussae,
240 2112 299 2131 cur
322 2100 363 2131 de
386 2101 552 2132 sententia
575 2099 828 2130 demoueamur.
873 2101 932 2131 Set
954 2107 1043 2131 certe
1066 2111 1134 2131 nou
1160 2100 1222 2139 ibi,
1250 2101 1310 2142 (sui
1331 2101 1371 2131 (lc
1393 2101 1587 2132 censoribus
1610 2104 1864 2144 conduxerant,
1893 2103 1947 2137 Ie-'

67 2155 215 2199 gendum
238 2159 302 2192 est,
330 2164 451 2184 uerum
475 2165 518 2184 ex
545 2152 684 2191 Uictori,
707 2151 878 2191 Lambini,
903 2153 1043 2195 aliisque
1067 2160 1144 2184 ante
1168 2154 1307 2184 Gruter.
1333 2152 1554 2193 editionibus,
1580 2155 1710 2188 duobus
1735 2157 1862 2190 Graeui
1885 2170 1944 2190 co-

67 2208 213 2245 dicibus,
237 2204 445 2247 totidemque
466 2206 668 2237 Britannicis
692 2205 939 2239 conduxerunt.
983 2207 1147 2238 Recentes
1172 2212 1267 2237 erant
1289 2206 1470 2236 locationes
1493 2219 1627 2249 quoque
1650 2208 1737 2249 illae,
1762 2210 1803 2241 de
1824 2212 1943 2253 quihus

67 2273 86 2292 e
108 2259 209 2292 Liuio
236 2258 369 2297 XLIII,
404 2260 451 2291 16.
474 2259 632 2290 nouimus
657 2258 880 2288 contumeliae
904 2270 1016 2290 caussa
1038 2259 1212 2290 tribunum
1235 2259 1317 2289 olim
1342 2259 1427 2289 hanc
1450 2260 1557 2301 legem
1580 2263 1830 2304 promulgasse:
1858 2278 1944 2308 quae

64 2313 207 2358 publica
229 2311 434 2354 uectigalia,
458 2313 551 2344 ultro
576 2311 707 2343 tributa
730 2311 765 2342 C.
790 2311 957 2343 Claudius
980 2319 1012 2343 et
1039 2312 1113 2344 Tib.
1137 2313 1357 2355 Sempronius
1381 2313 1564 2355 (censores)
1590 2315 1777 2355 locassent,
1802 2330 1840 2349 ea,
1864 2324 1942 2350 rata

70 2367 195 2398 locatio
217 2377 258 2396 ne
281 2369 382 2402 esset,
412 2366 452 2396 de
475 2366 612 2407 integro
635 2364 849 2403 locarentur,
880 2371 911 2396 et
935 2371 973 2396 ut
997 2365 1151 2396 omnibus
1173 2365 1363 2396 redimendi
1385 2371 1418 2396 et
1441 2368 1652 2399 conducendi
1667 2371 1865 2411 promiscue
1887 2371 1942 2402 ias

67 2425 162 2452 esset.
204 2417 261 2449 Illi
287 2416 411 2448 etenim
433 2417 496 2448 hoc
519 2418 570 2449 ius
594 2417 794 2460 quibusdam
825 2418 1030 2448 ademerant.
1077 2418 1336 2449 GARATONIUS.
