2264 2746
282 93 373 124 XCII
953 87 1480 118 PROLEGOMENA.

1174 160 1254 202 §.2-

354 239 510 267 Uirtutem
531 241 640 270 autem,
660 244 718 272 qua
738 233 775 262 de
796 233 907 271 agitur,
925 234 1069 263 bellicam
1089 233 1254 271 intellego3
1276 244 1352 272 quae
1372 243 1492 273 semper
1512 244 1652 263 maxume
1672 233 1785 262 honori
1806 234 1875 263 suit.
1907 235 2044 264 Marcum
2065 233 2148 263 enim

280 288 461 320 Marcellum
481 283 647 314 aemulatus
669 286 714 309 cst
734 281 768 309 C.
789 282 922 317 Marius;
951 287 985 310 ut
1005 282 1196 321 inperatores
1224 280 1284 309 (luo
1314 282 1580 320 praestantissumi
1607 282 1667 310 duo
1696 282 1811 320 templa
1836 281 1945 310 iisdem
1970 281 2147 311 nominibus

280 334 458 365 dedicarint.
497 332 582 367 Quae
602 340 651 358 res
668 329 782 357 nostris
803 329 990 365 homiuibus,
1012 334 1045 358 ut
1064 329 1156 368 paulo
1176 334 1247 367 post
1267 329 1449 363 uidebimus,
1469 329 1569 357 fraudi
1589 329 1658 358 suit.
1697 329 1824 357 Tertius
1846 329 2000 358 addendus
2021 335 2066 358 est
2085 331 2148 359 cla-

280 385 426 414 rissumus
446 381 603 417 inperator
626 379 664 414 Q.
690 377 802 405 Fabius
823 378 997 406 Maxumus.
1037 378 1087 405 Sic
1109 377 1191 404 enim
1206 376 1246 404 Π.
1271 376 1308 404 de
1331 381 1393 405 nat.
1408 377 1489 404 deor.
1504 378 1564 405 25:
1602 377 1694 405 Uides
1719 378 1854 405 Uirtutis
1878 378 2042 415 templum,
2062 378 2150 406 uide&

280 431 416 461 Honoris
423 448 433 460 ‚
453 437 473 454 α
492 427 539 454 Μ.
560 425 713 453 llffareello
733 432 915 454 renouatum
927 447 935 461 ,
964 426 1047 464 quod
1064 426 1171 453 multis
1191 430 1262 452 ante
1282 426 1375 452 annis
1395 430 1461 452 erat
1481 424 1556 452 hello
1577 425 1735 463 Ligustico
1756 436 1775 452 a
1796 427 1831 463 Q.
1852 426 2003 453 Blaxumo
2023 426 2150 454 dedica-

279 486 354 507 tum.
375 476 427 503 Set
446 473 478 500 in
498 471 546 500 his
568 471 758 510 explicandis
772 471 847 501 haut
862 473 941 502 leuis
959 478 1004 501 est
1025 473 1194 501 difficultas.
1221 472 1325 501 Facile
1341 472 1561 509 intellegerem,
1580 471 1606 499 si
1626 472 1669 500 ita
1688 472 1874 510 scripsisset:
1900 473 1993 500 Uides
2012 473 2150 501 Honoris

279 525 445 562 templum,
465 521 550 548 uides
569 520 708 547 Honoris
728 525 757 547 et
782 520 918 549 Uirtutis
938 531 958 548 cz
978 521 1026 548 M
1047 522 1197 549 Marcello
1218 525 1422 552 renouatum,
1449 519 1558 557 quibus
1578 530 1637 548 non
1657 521 1765 548 maltis
1784 526 1857 548 ante
1876 521 1968 547 annis
1989 525 2056 547 erat
2075 519 2150 548 bello

280 572 442 610 Ligustico
462 578 482 595 a
504 568 537 603 Q.
558 567 712 595 Maxumo
732 567 916 598 dedicatam.
948 568 1027 596 Nam
1047 568 1181 606 primum
1201 567 1296 595 solius
1314 566 1451 595 Honoris
1472 567 1620 605 templum
1640 566 1781 594 extitisse
1802 567 1841 595 ΙΙ.
1863 566 1899 595 (le
1920 567 1996 605 legg.
2016 567 2062 596 23.
2083 566 2151 605 ipse

280 623 424 651 testatur,
451 624 577 652 eamque
596 614 681 642 illius
702 614 855 642 condendi
876 626 1008 644 caussam
1036 620 1173 650 enarrat,
1207 624 1283 652 quae
1308 614 1388 642 nihil
1410 614 1447 642 ad
1467 614 1613 650 Fabium,
1646 614 1696 642 cui
1716 625 1733 642 a
1753 614 1963 652 WVesselingio
1991 614 2150 652 tribuitur·

280 667 388 696 Fuisse
415 663 530 691 dicitur
558 667 645 690 extra
668 668 794 699 portam
821 663 990 696 Collinam,
1017 673 1085 691 cum
1112 663 1347 692 Marcellianum
1376 662 1472 691 fuerit
1498 662 1535 690 ad
1562 662 1724 700 Capenam.
1764 662 1847 698 Quid
1874 663 1906 690 ni
1934 662 2028 700 igitur
2055 662 2152 690 solius

280 715 373 743 ctiam
392 709 529 738 Uirtutis
551 708 639 737 aedes
661 710 824 738 extiterit?
857 711 899 739 Et
925 710 1047 748 quidem
1076 721 1093 738 a
1114 710 1259 749 Scipione
1280 710 1471 738 Numantino
1499 709 1653 738 conditam
1680 709 1774 737 tradit
1794 710 1977 738 Plutarchus
1999 709 2035 738 de
2055 709 2090 738 F.
2111 710 2150 738 R.

280 764 300 791 1,
321 771 364 796 c.;
384 757 466 797 quod
486 757 511 785 si
532 757 575 785 ita
595 762 656 793 est,
676 757 846 786 addendum
868 764 913 787 est
932 758 1020 793 illut,
1041 757 1122 796 quod
1142 758 1249 796 posui,
1270 764 1299 786 et
1324 759 1477 792 Uirtutis,
1498 757 1679 797 praesertim
1700 767 1768 785 cum
1789 757 1820 784 in
1843 757 1986 786 Sextiana
2004 757 2151 786 similiter

279 809 435 838 turbatum
462 805 566 833 fuerit.
606 804 715 843 quue
735 805 893 833 lubentius
916 806 1073 843 copulam,
1107 815 1182 842 quac
1203 810 1328 843 optume
1357 805 1442 833 deest
1463 806 1493 833 in
1517 806 1675 841 Sextia-na,
1705 804 1755 833 hic
1776 804 1991 842 adgnoucrim,
2017 804 2099 842 quod
2119 809 2151 833 et

279 860 365 884 extat
385 853 441 881 IV.
461 852 495 879 in
515 852 608 880 Uerr.
630 853 694 887 54„
715 857 745 880 ct
768 853 908 881 Marcelli
929 852 1078 890 templum
1098 852 1171 879 duas
1190 852 1283 880 cellas
1304 852 1435 881 habebat
1457 854 1635 881 coniunctas
1664 853 1696 880 in
1717 852 1899 887 latitudine,
1925 862 1979 880 suo
2001 862 2151 890 quamque

279 912 396 944 pronao
417 905 507 938 atquc
528 900 626 935 ostio,
647 910 719 938 quas
740 901 856 928 ideirco
877 901 962 928 aedis
982 900 1143 938 appellant
1162 899 1273 928 Liuius
1293 900 1313 928 1.
1335 911 1359 928 c.
1381 906 1411 928 et
1431 901 1550 929 Plinius
1571 900 1725 936 XXXV,
1749 910 1808 935 10.,
1829 904 1935 928 contra
1956 899 1989 927 in
2008 900 2149 929 Mariano

279 963 341 983 una
360 954 441 984 erat,
461 958 556 986 eaque
576 948 656 976 ostio
677 948 709 975 in
729 948 848 985 postica
866 953 971 987 parte,
990 948 1116 987 porticu
1135 951 1237 975 tamen
1257 957 1320 975 non
1341 948 1518 983 deficiente,
1540 949 1668 976 carebat.
1707 949 1809 976 Docet
1829 946 2012 982 Uitruuius,
2032 947 2069 974 de
2089 957 2150 985 quo

279 1010 353 1030 mox
372 997 432 1026 erit
452 996 609 1033 agendum.
647 994 771 1022 Deinde
799 1005 867 1023 cum
892 1005 1044 1034 proxume
1066 996 1175 1024 Cicero
1205 994 1312 1022 Fidem
1338 1001 1407 1023 ante
1429 996 1575 1024 Scaurum
1601 1007 1616 1024 a
1638 996 1778 1024 Calatino
1799 1000 2004 1024 consecratam
2025 994 2152 1032 dixerit,

279 1059 335 1077 cur
354 1056 417 1074 non
437 1044 482 1072 ibi
502 1043 604 1081 potius
625 1041 747 1081 posuit,
774 1043 880 1070 multis
899 1049 973 1071 ante
1000 1042 1117 1071 annis?
1144 1042 1236 1069 Nunc
1263 1042 1376 1070 multos
1402 1053 1497 1071 anuos
1526 1043 1608 1072 inter
1629 1044 1705 1071 Fabi
1732 1054 1808 1082 opus
1837 1049 1867 1071 et
1887 1041 2030 1071 Marcelli
2055 1042 2152 1071 fuisse

280 1095 364 1129 uolt,
395 1091 447 1130 qui
475 1090 615 1128 aequales
642 1090 777 1117 fuerunt.
816 1089 930 1117 Fabius
957 1101 1037 1118 anno
1063 1090 1175 1118 DXX.
1204 1087 1294 1129 (521.)
1323 1089 1360 1117 de
1387 1090 1556 1128 Liguribus
1582 1091 1804 1130 triu1npliauit3
1843 1101 1919 1129 opus
1951 1089 2014 1117 cito
2041 1090 2151 1128 perfici

279 1141 392 1182 potuit.
430 1139 596 1167 BIarcellus
617 1141 688 1176 post
707 1135 858 1173 insignem
878 1137 915 1165 ad
936 1138 1118 1166 Clastidium
1138 1148 1284 1176 pugnam,
1314 1137 1346 1165 in
1367 1148 1425 1176 qua
1444 1138 1548 1166 aedem
1569 1139 1653 1167 illam
1673 1144 1820 1174 uouerat,
1845 1137 2050 1176 triumphauit
2069 1148 2149 1166 anno

277 1185 448 1217 DXXVI..
489 1185 577 1223 Opus
598 1194 674 1222 quae
694 1194 813 1212 caussae
834 1185 1035 1221 retardarint,
1061 1196 1150 1213 neruo
1177 1185 1330 1224 prodidit3
1359 1197 1439 1214 anno
1460 1186 1598 1214 DXLV.
1619 1187 1791 1225 perfectum
1812 1185 1868 1214 uix
1887 1185 1962 1219 fuit,
1989 1194 2048 1222 quo
2069 1194 2149 1214 anno

278 1247 347 1265 eum
375 1235 408 1262 iu
434 1232 551 1272 praelio
579 1231 744 1259 Marcellus
771 1232 968 1266 occubuerit,
995 1233 1136 1261 dedicare
1164 1233 1230 1271 ipse
1257 1243 1319 1260 non
1348 1234 1461 1272 potuit.
1501 1235 1637 1272 Tempus
1665 1233 1747 1261 inter
1773 1233 1829 1261 hos
1856 1231 2005 1260 terminos
2024 1231 2149 1270 longum

278 1283 357 1313 sumi
376 1292 439 1309 non
459 1289 563 1319 posse,
584 1277 721 1306 Buherio
742 1284 774 1306 et
793 1279 940 1315 Danisio,
967 1281 1021 1318 qui
1042 1280 1237 1319 negationem
1258 1280 1451 1317 inserebant,
1478 1280 1722 1318 XVesselingium
1743 1281 1913 1309 concedere
1933 1289 2056 1308 necesse
2077 1280 2148 1317 fuit,

279 1331 320 1359 II.
342 1330 473 1358 Obseru.
495 1328 530 1356 5..
569 1326 612 1354 At
632 1326 760 1354 Liuium
781 1327 912 1365 opponit
932 1327 1082 1364 XXVII,
1102 1329 1165 1363 34„
1194 1327 1246 1365 qui
1266 1328 1310 1356 M.
1332 1329 1534 1357 Salinatorem
1562 1329 1670 1357 scribit
1690 1329 1797 1356 maltis
1816 1334 1889 1357 ante
1907 1330 2001 1356 annis
2020 1339 2056 1356 ex
2075 1338 2149 1357 eon-

277 1378 385 1406 sulam
408 1376 517 1412 populi
544 1375 659 1403 indicio
688 1375 871 1402 damnatum
904 1374 1016 1402 iterum
1050 1386 1128 1403 anno
1164 1375 1220 1403 illo
1249 1375 1405 1404 consulem
1432 1377 1556 1405 factum.
1596 1376 1624 1404 Is
1650 1385 1745 1411 uero,
1772 1375 1824 1414 qui
1851 1386 1932 1403 anno
1952 1374 2147 1405 DXXXIV.

279 1424 387 1454 consul
408 1424 516 1458 fuerat,
537 1433 616 1450 anno
637 1421 792 1450 DXLVI.
813 1421 927 1449 iterum
947 1422 1015 1450 fuit.
1048 1422 1241 1461 W'esselingi
1261 1424 1454 1463 subscriptor
1468 1424 1618 1452 Ernestus
1638 1428 1722 1451 recte
1741 1423 1931 1450 locutionem
1950 1421 2028 1450 hanc
2047 1429 2148 1460 uocat,

279 1480 314 1504 ut
336 1473 496 1503 Dialectici
528 1473 687 1508 locuntur,
717 1468 864 1511 σχεῑικήν.
907 1472 1015 1500 Liuius
1042 1473 1136 1510 igitur
1163 1478 1283 1511 tempus
1311 1473 1448 1501 intuetur
1477 1473 1565 1510 illut,
1602 1472 1684 1511 quod
1715 1473 1778 1500 uita
1807 1471 1964 1500 hominum
1990 1478 2090 1511 potest
2114 1474 2147 1504 in

278 1525 371 1554 rebus
392 1522 514 1561 agendis
535 1532 731 1557 consumere,
761 1522 872 1550 Cicero
902 1522 934 1550 in
956 1523 1039 1551 omni
1059 1523 1146 1552 urbis
1166 1522 1350 1562 antiquitate
1370 1523 1529 1562 spatiatur.
1567 1523 1742 1557 Postremo,
1770 1522 1852 1560 quod
1872 1527 1963 1560 caput
1981 1528 2043 1559 est,
2067 1529 2148 1553 tem-

278 1572 364 1610 plum
385 1581 447 1598 non
468 1569 590 1598 uidetur
610 1570 680 1597 uiro
701 1570 886 1598 doctissumo
906 1576 1090 1599 renouatum
1111 1582 1128 1599 a
1147 1571 1313 1606 Marcello,
1340 1576 1385 1599 set
1405 1571 1590 1598 institutum.
1628 1569 1710 1598 Mihi
1737 1570 1860 1608 quidem
1888 1570 1964 1598 aliut
1984 1572 2148 1602 consilium

281 1624 341 1653 est,
362 1623 407 1646 set
425 1623 527 1646 tamen
547 1617 584 1645 ab
606 1627 641 1644 eo
662 1618 811 1645 refectum
832 1617 957 1645 credere
979 1618 1034 1646 uix
1054 1629 1187 1657 possum.
1226 1618 1367 1647 Hoccine
1389 1624 1422 1647 ut
1442 1619 1555 1647 sactum
1575 1617 1624 1652 sit,
1652 1617 1725 1645 uiuo
1747 1623 1777 1645 et
1798 1617 1927 1656 inperiis
1946 1617 2149 1659 laudibusque

280 1666 410 1695 florente
430 1665 552 1692 Fabio?
572 1664 654 1703 quod
673 1669 738 1693 erat
758 1665 805 1693 ius
825 1665 858 1692 in
879 1664 978 1693 aliena
997 1671 1195 1695 monumenta
1214 1666 1390 1695 Marcello?
1416 1666 1474 1694 Ille
1494 1666 1596 1703 itaque
1616 1675 1672 1703 pro
1694 1664 1828 1692 amicitia
1849 1665 2043 1694 concesserit.
2080 1667 2149 1695 Ne·-

282 1723 340 1751 que
360 1712 409 1739 hic
429 1712 573 1750 petisset,
594 1722 693 1751 neque
717 1713 771 1740 ille
792 1713 999 1751 permisisset,
1025 1714 1103 1750 nisi,
1129 1719 1190 1742 tam
1210 1724 1317 1742 recens
1338 1724 1406 1741 cum
1427 1718 1522 1748 esset,
1551 1713 1662 1742 uitium
1682 1718 1783 1740 tamen
1803 1711 1929 1747 fecerit,
1948 1712 2007 1741 iam
2027 1713 2149 1753 iamque

283 1765 454 1788 conrueret.
494 1760 590 1788 Immo
610 1771 649 1789 ne
669 1761 711 1789 ita
732 1761 864 1798 quidem.
902 1759 985 1798 Ego,
1005 1766 1040 1789 ut
1059 1761 1154 1790 breue
1174 1761 1298 1797 faciam,
1324 1762 1368 1790 sic
1389 1762 1552 1799 intellego:
1580 1762 1605 1789 si
1626 1761 1774 1799 templum
1794 1759 1889 1787 solius
1908 1758 2043 1789 Uirtutis
2064 1762 2148 1791 exti-

282 1807 373 1841 terit,
394 1807 526 1835 secuudo
547 1807 616 1835 loco
637 1809 774 1837 Honoris
795 1814 823 1837 et
848 1809 983 1836 Uirtutis
1002 1809 1179 1846 ponendum
1199 1819 1282 1845 esse;
1317 1819 1356 1836 ne
1375 1809 1504 1837 uerbum
1530 1814 1637 1837 contra
1657 1809 1755 1837 libros
1775 1806 1934 1841 addamus,
1963 1806 2034 1836 duas
2055 1809 2147 1838 cellas

284 1855 397 1890 templa
417 1855 537 1891 uocari,
564 1860 599 1883 ut
618 1855 706 1883 aedes
727 1855 849 1883 eaedem
876 1865 892 1883 a
911 1854 1007 1883 Liuio
1035 1860 1065 1884 et
1092 1867 1107 1884 a
1128 1857 1248 1894 Plinio3
1275 1861 1457 1885 renouatum
1485 1866 1501 1884 a
1521 1856 1669 1884 Marcello
1690 1854 1861 1883 aedificium
1882 1863 1943 1881 non
1963 1854 2073 1892 fuisse,
2100 1861 2147 1886 set

281 1900 424 1936 titulum3
452 1909 633 1930 renouatum
661 1913 754 1941 porro
776 1903 922 1940 templum
942 1903 1055 1931 eisdem
1076 1904 1134 1932 diis
1161 1904 1204 1932 ita
1224 1905 1301 1940 dici,
1327 1909 1362 1932 ut
1381 1904 1512 1932 aliorum
1533 1904 1688 1942 exempla,
1713 1913 1782 1932 cum
1802 1901 1868 1940 quis
1889 1901 1921 1929 in
1940 1912 1973 1929 se
1992 1904 2147 1941 transfert,

283 1946 384 1975 denuo
414 1947 492 1982 edit,
519 1950 699 1988 exequitur,
735 1951 848 1989 referri
872 1960 906 1978 ac
933 1953 1081 1979 renouari
1108 1951 1261 1980 dicuntur.
1301 1952 1431 1980 Fabium
1458 1951 1560 1990 itaque
1588 1950 1702 1978 eisdem
1729 1949 1906 1979 nominibus
1934 1949 1971 1977 de
1994 1952 2147 1980 manubiis

283 1993 453 2031 Ligusticis
480 1995 556 2024 aliut
583 2003 669 2025 antea
696 1997 886 2033 condidisse,
914 1998 996 2036 quod
1020 1999 1150 2027 fortasse
1179 1999 1338 2028 Ciceronis
1368 2004 1506 2037 tempore
1533 2008 1594 2026 non
1622 1999 1760 2034 extabat,
1787 2003 1870 2025 certe
1895 2002 1995 2026 autem
2019 1998 2147 2028 alterius

283 2041 508 2078 magnificentia
527 2048 557 2071 et
577 2045 763 2073 ornamentis
791 2045 963 2073 Sicularum
982 2046 1105 2074 urbium
1135 2047 1262 2085 egregiis
1284 2047 1480 2075 obruebatur.
1520 2046 1686 2074 Tarditatis
1707 2051 1807 2074 autem
1827 2046 1912 2074 illius
1934 2056 2070 2083 caussae,
2099 2046 2146 2075 rei

283 2089 442 2128 publicae,
472 2099 539 2118 cum
560 2091 715 2120 Hannibal
735 2096 874 2130 urgeret,
900 2092 1046 2132 tubisque
1066 2098 1178 2132 status,
1206 2095 1321 2124 bellum
1342 2095 1495 2130 Siculum,
1521 2103 1649 2133 spesque
1669 2094 1798 2133 praedae
1818 2104 1881 2122 non
1900 2093 2011 2130 fallax,
2037 2104 2147 2123 manu-

283 2137 353 2166 biae
374 2137 506 2176 denique
526 2137 609 2176 ipsae
629 2138 774 2168 uidenuu·
792 2140 895 2169 fuisse.

1175 2231 1202 2273 ς.
1227 2237 1254 2266 3.

361 2300 451 2329 Nunc
473 2300 509 2329 ad
530 2300 563 2330 C.
584 2300 664 2329 Mari
689 2307 921 2330 monumentum
946 2302 1121 2340 redeamus,
1148 2304 1181 2332 in
1203 2305 1285 2344 quod
1305 2304 1414 2334 Cicero
1435 2303 1458 2331 I.
1479 2303 1516 2332 de
1536 2301 1632 2331 diuin.
1653 2305 1697 2333 28.
1719 2303 1827 2332 scribit
1847 2315 1878 2332 se
1899 2302 2008 2332 deduci
2028 2302 2144 2332 somni-

286 2357 358 2375 asse.
399 2348 476 2377 Cum
497 2348 622 2376 deorum
643 2349 766 2376 nomina
786 2359 825 2377 ne
844 2350 889 2377 ibi
910 2351 1032 2389 quidem
1059 2352 1222 2387 adiecerit,
1253 2352 1455 2389 Hottingerus
1476 2351 1566 2379 fidem
1593 2350 1701 2379 habuit
1730 2351 1834 2379 eadem
1859 2351 1996 2379 narranti
2016 2350 2142 2379 Ualerio

286 2396 369 2423 Max.
391 2395 422 2430 I,
445 2406 476 2432 7,
497 2396 538 2432 5.3
559 2395 610 2423 hic
631 2401 746 2431 autem,
772 2399 805 2424 in
825 2398 918 2431 aede,
944 2399 1061 2438 inquit,
1088 2400 1174 2428 Iouis
1194 2400 1349 2428 stlat-iana
1374 2399 1471 2428 SCum
1498 2399 1534 2427 cle
1560 2400 1663 2427 reditu
1689 2400 1754 2427 eius
1780 2405 1824 2427 est
1840 2399 1980 2437 factum.
2015 2399 2143 2436 Magnus
