2264 2746
243 81 296 108 232
883 69 1456 101 COMMENTARIUS.

242 151 278 182 in
301 161 432 193 quoque
454 148 500 180 sit
519 147 700 191 ponderis,
732 157 802 176 esse
823 144 1060 177 aestumanda.
1082 143 1124 174 ad
1146 143 1228 176 Diu.
1252 144 1319 184 III,
1343 143 1381 184 5,
1407 153 1457 176 2.=
1487 143 1644 187 equidem
1659 156 1727 188 pro
1749 157 1786 177 eo
1794 169 1806 184 ,
1837 147 1958 189 quanti
1980 151 2013 180 te
2035 145 2103 190 fa-

243 204 312 242 cio,
342 202 511 246 quidquid
522 199 653 244 feceris
675 196 880 240 adprobabo.

327 255 357 297 ς.
383 255 434 297 95.
480 254 579 283 Stare
608 250 698 281 enim
728 261 840 281 omnes
870 249 1027 282 debemus
1057 254 1234 292 tamquam
1262 249 1298 280 in
1321 248 1399 281 orbe
1421 249 1539 293 aliquo
1568 248 1686 292 reip.)
1731 247 1821 281 Uide
1855 259 1940 290 quae
1971 249 2013 281 de
2042 251 2105 284 hoc

242 313 438 351 argumento
473 305 568 334 docte
606 301 753 344 disputat
789 301 890 332 etiam
931 313 975 334 ex
1014 301 1300 344 Philosophorum
1338 301 1434 333 libris
1473 301 1511 333 iu
1551 313 1604 344 ep.
1639 301 1703 333 IX.
1740 302 1800 333 lib.
1836 302 1863 333 Ι.
1898 301 1942 333 ad
1975 303 2107 335 Lentu-

243 362 325 394 lum.
372 361 576 391 GRAEL'IUS.

327 412 397 452 Qui
427 409 589 453 quoniam
617 413 800 446 uersatur,
839 419 914 439 eam
944 408 1095 451 deligere
1126 406 1276 451 partem)
1321 406 1448 438 Similis
1479 414 1527 439 est
1548 407 1657 446 locus,
1701 417 1802 448 quem
1832 405 1891 448 qui
1919 407 2109 450 appellatur

243 464 407 498 Asconius
438 473 507 492 non
540 460 758 503 expediebat,
792 460 817 491 I.
841 461 919 493 Act.
947 460 981 492 in
1004 462 1105 493 Uerr.
1130 472 1159 503 9.
1194 460 1328 492 Siculos
1355 472 1436 492 sane
1458 461 1495 492 in
1518 473 1554 493 eo
1580 461 1703 492 liberos
1719 458 1837 502 fuisse
1860 459 2002 500 (audio),
2038 462 2110 504 qui,

245 514 460 560 quamobrem
480 518 752 549 arcesserentur,
790 525 891 556 quom
913 514 1170 557 intellegerent,
1207 526 1273 545 non
1300 512 1443 544 uenisse.
1487 513 1589 546 Adde
1612 514 1674 546 IV.
1698 513 1733 543 111
1757 513 1857 545 Uerr.
1880 513 1932 544 58.
1969 513 2111 546 Etenim

244 569 302 600 ille
326 567 508 610 requisisse
531 567 660 598 dicitur
684 566 788 597 etiam
808 567 1050 599 Archimedem
1073 567 1191 605 illum,
1214 578 1345 598 summo
1369 566 1508 608 ingenio
1531 568 1701 600 hominem
1726 578 1766 597 ac
1789 566 1987 609 disciplina,
2011 579 2110 610 quem

243 632 342 663 quom
364 620 519 652 audisset
550 617 787 661 interfectum,
818 620 1023 662 permoleste
1052 621 1183 652 tulisse.
1223 620 1276 651 Ita
1304 619 1352 650 ibi
1378 618 1448 651 cod.
1473 625 1629 661 optumus
1653 620 1730 650 Car.
1754 617 1870 660 Steph.
1905 629 1981 649 cum
2003 618 2110 661 Regio

241 679 273 703 et
295 672 401 704 altero
428 672 561 709 Ursini,
601 670 750 702 Graeuio
774 671 936 713 nobisque
959 672 1195 714 probanssbusg
1237 672 1295 703 alii
1319 671 1410 703 enim
1433 684 1576 715 eumque
1598 684 1683 703 cum.
1726 672 1812 702 Item
1837 671 1939 702 Corn.
1962 672 2052 714 Nep.
2074 671 2111 703 in

239 725 360 767 Epaln.
384 725 452 763 VI,
478 736 507 756 2.
536 724 659 756 Thebis
683 722 855 766 Oedipum
879 731 1017 763 natum,
1041 725 1101 769 qui
1125 737 1225 768 quom
1242 731 1382 768 patrem
1404 738 1505 757 suum
1528 723 1769 768 interfecisset,
1795 735 1835 755 ex
1857 730 1967 756 matre
1987 724 2111 756 liberos

233 789 454 821 procreasse3
491 776 548 807 ubi
571 776 751 808 nonnullos
776 783 808 807 et
830 777 985 809 librarios
1017 783 1050 808 et
1072 777 1270 820 interpretes
1288 783 1506 822 procreasset
1531 777 1688 808 maluisse
1710 788 1771 808 nec
1793 776 1899 807 miror
1918 787 1981 807 nec
2002 776 2110 808 laudo.

239 831 361 871 Neque
387 829 442 860 hic
465 830 565 872 plane
588 829 768 860 defuerunt
791 829 1032 862 emendatores.
1077 831 1167 861 Nam
1190 831 1359 873 Heruag.,
1389 831 1426 861 P.
1449 831 1598 867 lNIanut„
1633 830 1666 861 S.
1692 830 1845 872 Gryph.‚
1878 829 1915 860 C.
1940 830 2110 872 Stephan.‚

240 888 271 913 et
292 881 479 913 Lambinus
504 881 696 921 ediderunt,
721 896 796 914 eam
818 884 970 926 deligere
986 889 1126 927 partem
1149 883 1325 923 debemus,
1357 884 1494 922 ceteris,
1519 894 1600 924 quos
1624 881 1720 921 noui,
1749 881 1843 912 libris
1867 892 1904 912 ea
1925 882 2035 925 glossa
2056 893 2112 914 ca-

239 934 403 966 rentibus.
448 935 554 968 Porro
577 934 678 966 etiam
700 936 743 967 II.
767 935 809 967 ad
831 936 907 968 Ait.
931 947 961 978 9.
983 936 1040 968 hic
1062 935 1152 967 orbis
1176 937 1228 968 rei
1243 949 1282 980 P.
1306 943 1355 969 est
1379 948 1574 969 conuersus.
1620 935 1880 967 GARATONIUS.

981 1025 1010 1058 C
1037 1023 1069 1058 A
1094 1026 1142 1059 P.
1188 1025 1367 1059 XXXIX.

325 1096 404 1139 Ego
427 1103 543 1129 autem
565 1097 625 1129 Cu.
645 1096 862 1140 Pompeium)
908 1097 977 1128 Cur
999 1096 1161 1138 Pompeio
1192 1097 1347 1128 inimicus
1372 1108 1443 1128 esse
1470 1108 1539 1128 non
1564 1096 1686 1139 possit,
1721 1095 1801 1127 licet
1827 1100 1939 1127 contra
1961 1094 1998 1126 P.
2023 1094 2107 1127 Clo-

239 1148 332 1181 dium
354 1150 394 1180 ab
419 1161 457 1181 eo
480 1148 635 1180 defensus
659 1160 728 1179 non
752 1155 852 1187 esset,
876 1148 1032 1191 pluribus
1058 1149 1175 1180 Cicero
1200 1150 1235 1180 111
1260 1162 1307 1182 or.
1331 1150 1397 1181 Pis.
1425 1150 1463 1181 C.
1482 1150 1619 1182 XXXI.
1644 1148 1796 1191 exponit.

325 1201 532 1235 Memoriam
559 1208 592 1232 et
613 1202 771 1244 gratiam
803 1202 988 1245 quaerunt)
1033 1202 1113 1232 Bau.
1146 1204 1345 1234 memoriam
1376 1208 1547 1245 quaerunt
1574 1208 1607 1234 et
1634 1202 1812 1244 gratiam3
1851 1199 1910 1241 qui
1938 1210 2110 1239 numerus,

241 1265 325 1296 quae
347 1253 531 1284 conlocatio
555 1253 591 1283 in
615 1254 677 1284 hac
698 1254 829 1296 periodi
852 1254 1117 1286 conformatione
1140 1265 1209 1285 11011
1233 1260 1282 1285 est
1304 1253 1520 1295 aspernanda.
1553 1254 1813 1284 GARATONIUS.
1857 1253 1929 1295 Ego
1952 1263 2013 1284 cur
2034 1252 2112 1285 uol-

240 1313 354 1349 gatum
378 1305 529 1337 ordinem
552 1306 769 1345 retinuerim,
794 1307 917 1339 dictum
940 1308 976 1338 111
999 1307 1131 1348 Proleg.
1153 1307 1195 1338 L.
1219 1307 1245 1337 I.
1269 1307 1306 1337 C.
1331 1306 1390 1336 III.
1416 1306 1445 1346 ἓ.
1471 1317 1518 1338 10.
1542 1317 1575 1348 p.
1596 1305 1732 1337 XXIV.
1757 1311 1817 1336 est.

322 1359 402 1401 Ego
426 1370 503 1390 eum
526 1372 593 1390 non
617 1366 736 1398 tuear,
768 1373 867 1402 quem
892 1373 1005 1392 omnes
1028 1360 1064 1391 in
1090 1372 1125 1391 re
1142 1373 1180 1403 p.
1201 1360 1395 1403 principem
1418 1371 1487 1390 esse
1510 1358 1715 1396 concedunt)
1759 1357 1855 1389 Sensi
1877 1357 2026 1400 primum
2047 1358 2112 1389 hoc

239 1410 370 1452 legens,
403 1411 584 1453 elegantius
608 1411 680 1443 fore
704 1415 909 1452 concedant3
938 1424 1015 1443 cum
1038 1419 1114 1454 post
1136 1413 1359 1455 repperissem
1383 1425 1445 1455 ego
1469 1412 1504 1444 C.
1527 1411 1688 1443 laudibus
1711 1411 1835 1448 desim,
1867 1423 1952 1455 quas
1975 1412 2114 1444 uideam

239 1476 310 1495 esse
333 1463 537 1503 celebratas,
562 1464 606 1495 iia
630 1465 869 1507 corrigendum
892 1465 1050 1496 indicaui.
1081 1465 1136 1496 Sic
1160 1477 1236 1507 ergo
1260 1466 1405 1497 correxi.
1429 1465 1654 1496 ERNESTIF&
1686 1464 1776 1495 Male
1800 1464 1945 1505 quidem.
1975 1465 2113 1498 Utrius-

241 1527 306 1557 que
328 1516 473 1547 membri
496 1516 596 1547 ualde
619 1517 728 1559 dispar
750 1517 880 1549 ratiost.
924 1519 963 1550 In
986 1518 1101 1561 priore
1124 1519 1227 1549 uerba
1251 1531 1349 1562 quem
1369 1524 1428 1549 etc.
1452 1518 1501 1548 nil
1527 1517 1592 1548 nisi
1615 1517 1875 1559 explicationem
1901 1518 2114 1560 pronominis

240 1581 318 1600 eum
332 1569 513 1605 continent;
541 1581 641 1611 quam
665 1569 707 1600 ob
731 1581 878 1602 caussam
904 1571 1109 1602 necessarius
1133 1571 1328 1603 indicatiuos
1343 1571 1529 1603 concedunt
1543 1576 1602 1601 est.
1646 1570 1686 1601 In
1705 1571 1809 1602 altero
1831 1571 1985 1602 membro
2008 1571 2113 1602 uerba

241 1633 326 1665 quas
347 1638 389 1645 ·—
411 1622 549 1654 uideam
573 1635 643 1654 esse
665 1623 852 1655 celebratas
874 1635 1022 1654 caussam
1045 1623 1229 1663 continent,
1253 1636 1313 1656 cur
1337 1624 1469 1656 Caesari
1494 1623 1612 1655 Cicero
1635 1623 1746 1656 deesse
1768 1636 1836 1656 non
1858 1623 1972 1668 possit,
1996 1630 2113 1666 estque

241 1686 326 1717 quas
349 1675 488 1706 uideam
510 1675 556 1706 ita
579 1675 722 1714 dictum,
752 1682 790 1706 ut
814 1676 979 1718 significet
1003 1689 1081 1708 cum
1103 1690 1159 1709 eas
1182 1678 1331 1710 uideam.

324 1727 405 1769 Ego
428 1727 464 1760 C.
487 1728 645 1760 Caesaris
669 1729 831 1761 laudibus
855 1729 975 1772 desim)
1023 1729 1144 1761 Omnis
1169 1731 1259 1761 enim
1282 1732 1342 1762 illa
1364 1737 1552 1774 tempestas,
1577 1731 1630 1762 cui
1653 1736 1791 1762 cesserat
1816 1729 1944 1768 Cicero,
1971 1731 2111 1762 Caesare

240 1778 414 1821 inpulsore
436 1787 536 1822 atque
563 1781 712 1814 adiutore
736 1782 904 1813 dicebatur
928 1783 1082 1821 excitata,
1108 1783 1152 1813 ita
1175 1789 1213 1814 ut
1233 1795 1348 1816 omnes
1365 1785 1562 1816 Ciceronem
1586 1784 1721 1816 Caesari
1743 1795 1876 1825 semper
1898 1782 1972 1814 fore
1993 1783 2108 1814 inimi-

242 1832 423 1863 cissumum
445 1840 615 1875 putarent.
660 1836 778 1877 Itaque
801 1835 890 1878 quod
913 1847 994 1867 mox
1017 1836 1051 1866 111
1075 1836 1216 1878 gratiam
1247 1849 1323 1869 cum
1347 1849 1384 1870 eo
1408 1838 1523 1878 rediit,
1560 1849 1579 1868 a
1607 1837 1722 1868 multis
1758 1836 1926 1867 obiectum
1956 1835 2108 1868 Ciceroni

242 1891 299 1915 est.
344 1884 415 1916 Cfr.
445 1886 486 1917 de
518 1899 616 1929 prou.
649 1899 739 1920 cons.
772 1890 810 1920 C.
836 1889 931 1922 VIII.
965 1889 994 1930 ς.
1026 1888 1063 1920 18
1086 1900 1158 1931 sqq.
1192 1891 1230 1922 C.
1253 1891 1360 1924 XVII
1390 1903 1483 1933 sqq.,
1519 1902 1583 1934 pro
1612 1891 1715 1922 Corn.
1740 1889 1846 1921 Balbo
1876 1889 1913 1920 C.
1941 1889 2108 1929 XXVII„

242 1937 277 1968 111
299 1939 365 1969 Pis.
391 1940 428 1970 C.
453 1940 607 1971 XXXII.
631 1940 673 1971 ad
697 1940 778 1972 Diu.
803 1943 836 1981 I,
861 1954 897 1984 9,
922 1942 972 1973 5..

326 1993 422 2030 Quas
450 1993 616 2035 primum)
660 1994 726 2025 Pro
758 2008 843 2038 quas
874 1996 1004 2037 aliquot
1032 1996 1111 2027 libri
1140 1996 1265 2027 liabent
1305 1998 1381 2040 qui,
1416 1996 1622 2038 probarique
1650 1996 1685 2027 id
1714 2002 1823 2039 potest
1851 2006 1893 2026 ex
1923 1993 1982 2032 iis,
2023 2005 2108 2035 quae

243 2042 435 2084 VVopkens.
458 2046 484 2076 Ι.
508 2047 602 2079 Lect.
626 2047 718 2078 Tull.
746 2049 794 2079 15.
821 2059 854 2090 p.
879 2049 930 2081 84.
955 2050 1006 2081 35.
1031 2048 1235 2091 suppeditat.
1280 2050 1354 2081 Alii
1377 2049 1498 2080 malint
1522 2050 1581 2092 qui
1604 2062 1671 2081 eas.
1714 2049 1786 2090 Ego
1810 2047 1977 2088 uolgatam
2006 2053 2110 2089 optu-

242 2105 333 2124 mam
354 2095 424 2126 sine
451 2104 670 2139 optumorum
693 2099 846 2131 codicum
864 2101 997 2144 inperio
1021 2113 1089 2133 11011
1107 2101 1232 2133 desero.
1259 2102 1518 2133 GARATONH'S.
1565 2104 1643 2134 Non
1665 2100 1819 2132 conuenit
1840 2101 1900 2142 qui
1924 2099 2003 2130 huic
2021 2100 2107 2133 loco.

243 2147 290 2179 Ut
313 2146 402 2178 enini
431 2149 466 2179 iu
488 2152 755 2184 antecedentibus
784 2153 879 2192 dicit,
917 2165 979 2196 ego
1005 2167 1081 2186 eum
1107 2167 1172 2186 non
1204 2161 1321 2194 tuear,
1361 2167 1459 2198 quem
1483 2161 1562 2193 etc„
1597 2155 1645 2186 sic
1666 2153 1720 2184 uel
1742 2152 1973 2183 concinnitatis
1995 2163 2108 2185 caussa

244 2198 382 2229 debebat
410 2210 566 2243 pergere,
605 2218 667 2249 ego
702 2206 738 2239 C.
767 2206 924 2239 Caesaris
953 2207 1116 2239 laudibus
1145 2208 1272 2247 desim,
1308 2220 1394 2252 quas
1417 2214 1496 2248 etc„
1531 2207 1566 2238 id
1589 2213 1652 2246 est,
1687 2216 1746 2247 ego
1771 2206 1808 2237 C·
1834 2206 2010 2237 Caesarem
2037 2217 2107 2239 non

244 2258 354 2289 tuear,
381 2253 472 2284 cuius
493 2255 602 2288 laudes
627 2265 706 2289 etc..

327 2305 489 2337 Primam
506 2311 630 2351 populi
651 2312 816 2354 Romani)
862 2313 896 2345 A
919 2324 984 2355 quo
1010 2313 1158 2345 Galliam
1186 2313 1376 2346 citeriorem
1406 2314 1443 2345 in
1465 2311 1735 2355 quinquennium
1765 2311 1873 2343 inuito
1896 2317 2013 2343 senatu
2033 2312 2106 2345 Ua-

245 2357 328 2389 tinia
349 2358 422 2399 lege
445 2360 581 2401 accepit.
624 2362 837 2397 Masta-xrs.
