2264 2746
275 101 328 128 106
923 88 1487 118 COMMENTARIUS.

352 170 402 202 Ec
429 168 566 212 quidem
598 165 751 204 emissus)
793 164 843 195 Ec
868 164 1007 207 quidem,
1035 162 1225 196 confitentis
1248 163 1504 206 responsionem
1526 164 1709 207 significat,
1747 176 1812 206 qua
1842 170 2046 196 excussatur.
2090 165 2140 197 Ita

271 236 331 267 pro
355 222 440 254 Rab.
465 221 553 252 Post.
574 220 603 251 3.
627 219 677 250 At
699 217 877 249 Dioecetes
891 215 972 259 fnit
995 216 1124 259 regin-3.
1153 217 1203 248 Et
1227 218 1364 260 quidem
1389 217 1426 249 in
1447 219 1604 250 custodia
1628 219 1731 249 etiam
1745 216 1827 261 suit
1850 218 1959 260 regia.
1988 218 2028 248 In
2052 219 2140 250 Lae-

272 279 317 309 lio
342 287 393 308 21.
424 276 558 307 Raram
584 283 706 314 genus.
749 269 799 301 Et
826 269 963 313 quidem
990 270 1105 301 omnia
1129 270 1316 312 praeclara
1345 281 1439 302 rara.
1482 271 1593 302 Nemo
1622 269 1879 306 animaduertit3
1915 268 2002 300 male
2030 269 2143 312 itaque

273 342 388 361 omues
411 328 707 367 interpuuxerunt.
734 323 993 354 GARATONIUS.
1037 321 1147 355 Addit
1172 321 1293 353 Bakius
1317 322 1358 353 de
1382 324 1484 365 Legg.
1511 324 1569 364 Ill,
1597 335 1644 355 lo.
1670 329 1707 355 at
1729 322 1917 366 aliquando
1940 322 2144 355 incenditur,

272 384 321 416 Et
346 381 481 426 (laidem
502 389 602 420 saepe
624 376 777 408 sedatur.

356 485 451 517 Idem
470 487 590 526 postea
606 482 871 526 praemandatis
895 482 1095 526 requisitus)
1140 480 1348 523 lN‘Iagnopere
1378 479 1411 511 in
1436 480 1500 512 hoc
1521 481 1595 512 loco
1619 480 1765 513 editores
1788 480 2011 522 hominesque
2034 480 2148 512 doctos

274 539 414 572 uerbum
436 535 700 579 praemandatis
725 534 834 566 torsit.
875 535 928 566 Ac
944 534 1100 577 plerique
1124 534 1260 575 quidem
1284 545 1352 564 non
1377 533 1585 573 dubitarunt,
1613 534 1694 576 quin
1717 539 1916 576 corruptum
1939 539 2036 565 esset.
2058 533 2151 565 Hinc

276 588 457 624 Turnebus
481 587 600 618 coiecit
618 587 793 631 praetoris
821 589 1002 623 mandatu,
1054 587 1286 629 persuasitque
1309 597 1425 617 ueram
1449 586 1693 617 correctionem
1717 598 1786 617 esse
1809 585 1999 638 Lfflnbino,
2041 587 2151 619 Grae-

275 645 348 681 uio,
371 639 543 678 Fen-atio,
568 639 593 670 I.
618 640 675 670 Fr.
700 639 878 670 Gronouio
902 640 937 670 in
961 639 1049 670 notis
1072 638 1113 669 ad
1138 639 1230 670 Gelli
1253 640 1298 671 N.
1323 639 1366 670 A.
1391 639 1459 677 IV,
1489 651 1514 670 1.
1538 650 1571 681 p.
1596 638 1667 677 86„
1696 635 1877 677 Schutzio,
1897 638 2049 681 aliisque.
2081 640 2151 672 Iam

274 697 334 730 etsi
358 707 396 726 ea
418 695 491 737 ipsa
514 691 677 722 correctio
700 692 807 724 trium
829 693 983 724 codicum
1008 692 1206 723 auctoritate
1230 691 1422 723 confirmari
1444 698 1556 734 potest
1580 692 1698 730 uideri,
1724 703 1869 733 quorum
1892 691 1927 722 in
1949 703 2017 723 uuo
2040 692 2153 735 ipsum

274 753 353 783 illut
376 745 549 792 praetoris
571 746 759 784 mandata,
792 745 827 776 in
851 745 981 776 duobus
1013 745 1152 787 reliquis
1179 746 1353 788 praetoris
1376 746 1552 777 mandatis
1582 745 1745 787 scriptum
1768 750 1877 781 extet,
1910 750 2022 776 tamen
2045 757 2154 788 neque

275 802 431 835 codicum
456 797 597 829 illorum
619 808 739 828 reuera
762 798 862 830 ullast
884 798 1081 837 auctoritas,
1107 803 1139 828 et
1162 809 1179 828 e
1202 798 1367 829 sententia
1391 798 1457 829 loci
1479 798 1674 829 certissume
1698 803 1808 840 potest
1830 797 2072 838 demonstrari,
2096 798 2156 830 Ci-

275 864 433 888 ceronem
462 851 509 882 ita
530 851 626 881 nullo
656 857 753 893 pacto
777 851 926 894 potuisse
948 851 1111 889 scribere,
1137 851 1171 881 id
1196 850 1286 892 quod
1309 850 1500 889 Manutius,
1533 851 1726 885 Ernestius,
1758 862 1985 893 maxumeque
2009 851 2156 882 Garato-

273 909 348 941 nius
370 904 470 937 uidit.
515 903 669 934 Primum
692 903 782 935 enim
809 904 952 935 uerbum
976 906 1144 936 mandata
1170 903 1318 934 alienum
1350 903 1390 934 ab
1415 903 1547 946 inperio
1571 910 1604 935 et
1626 903 1858 934 iurisdictione
1880 903 2050 946 praetoria
2075 915 2156 944 esse,

275 957 529 999 necessarioque
551 957 669 987 saltem
696 957 793 988 iussn
819 955 921 988 fuisse
945 957 1142 995 dicendum,
1177 963 1267 987 recte
1292 957 1496 987 Garatonius
1519 957 1663 988 monuit.
1708 956 1841 988 Deinde
1866 956 2017 987 minume
2035 968 2157 988 excus-

276 1020 368 1047 satur
389 1009 560 1049 Plancius,
585 1009 613 1041 si
637 1009 726 1051 quod
750 1009 821 1051 ipse
843 1021 904 1052 per
927 1009 1180 1052 inprudentiam
1205 1009 1380 1045 conmisit,
1405 1010 1514 1041 alieno
1538 1009 1703 1051 praetoris
1728 1009 1867 1040 consilio
1891 1004 2080 1041 c'orrectum
2103 1009 2157 1040 di-

276 1067 374 1098 citur.
417 1062 535 1104 Itaque
558 1061 730 1093 Manutius
754 1062 819 1104 legi
848 1061 958 1093 uoluit
980 1068 1037 1092 aut
1054 1075 1203 1105 propere
1225 1064 1418 1101 mandatis,
1457 1069 1515 1093 aut
1532 1075 1597 1106 per
1618 1063 1794 1094 mandata.
1839 1062 2044 1094 Garatonius
2075 1062 2158 1094 haec

277 1116 431 1152 monuit:
468 1114 620 1155 „Statim
643 1114 679 1144 in
702 1120 850 1144 mentem
874 1114 983 1152 uenit,
1019 1120 1056 1144 ut
1080 1115 1297 1146 emendarem
1322 1116 1490 1158 praemiis
1514 1116 1616 1148 datis.
1661 1117 1791 1148 Uerum
1814 1115 1940 1153 obstat,
1974 1113 2066 1156 quod
2088 1124 2157 1146 non

276 1175 440 1205 retractus
463 1167 522 1198 ille
543 1166 769 1207 reductusque
793 1166 936 1205 dicitur,
967 1172 1017 1198 set
1039 1173 1171 1198 tantum
1195 1169 1392 1211 requisitas.
1440 1168 1542 1199 Corn.
1566 1170 1654 1210 Nep.
1680 1169 1779 1199 Eum.
1804 1169 1846 1207 Π,
1871 1179 1900 1200 2.
1924 1169 1986 1200 hoe
2008 1173 2158 1212 tempore

279 1229 363 1258 slata
386 1227 437 1254 est
460 1219 611 1251 Eumeni
633 1217 869 1262 Cappadocia,
895 1220 970 1252 siae
986 1220 1106 1262 potins
1132 1221 1245 1252 dicta.-
1275 1233 1356 1252 nam
1379 1226 1452 1251 tum
1475 1227 1550 1253 erat
1571 1222 1607 1253 in
1630 1223 1780 1254 hostium
1798 1227 1981 1264 potestate.
2026 1221 2158 1263 Quam-

278 1287 378 1321 quam
402 1272 506 1315 igitur
528 1271 679 1313 praemia
702 1270 911 1313 diligentiae,
942 1282 979 1302 re
998 1271 1076 1302 licet
1098 1271 1237 1312 infecta,
1270 1272 1554 1313 conquisitoribus
1578 1274 1650 1305 dari
1673 1280 1874 1316 potuerunt,
1900 1279 2015 1304 tamen
2035 1273 2160 1306 rectius

278 1326 458 1362 emendare
480 1323 686 1355 uidebimur:
714 1324 804 1356 idem
820 1331 960 1368 postea,
977 1325 1146 1368 praemiis
1170 1325 1291 1364 dictis,
1315 1326 1512 1368 requisita&
1558 1326 1646 1358 Uide
1670 1326 1823 1358 Nonium
1845 1337 1878 1368 p.
1904 1326 1976 1358 280.
1995 1325 2102 1357 Elem.
2125 1331 2159 1357 et

278 1383 356 1416 Nic.
382 1377 501 1411 Heius.
525 1376 568 1407 ad
591 1377 694 1418 Uerg.
718 1377 763 1408 V.
787 1377 875 1408 Aen.
899 1378 973 1409 486.
1017 1378 1134 1410 Dictis
1159 1384 1243 1408 esset
1264 1379 1456 1420 promissis,
1483 1378 1689 1418 constitutis,
1712 1379 1916 1421 propositis,
1938 1377 2130 1419 adsignatis.
2140 1381 2162 1396 “

276 1437 373 1469 Idem
404 1432 440 1463 in
467 1429 566 1461 Curis
598 1429 760 1460 Secundis
790 1429 984 1462 adnotauit:
1025 1429 1339 1469 „Emendationem
1371 1431 1541 1474 duplicem
1567 1432 1826 1474 proposuimus,
1857 1431 2027 1475 praemiis
2056 1430 2160 1470 datis,

278 1486 420 1533 propius
443 1482 484 1514 ad
510 1483 656 1521 litteras,
691 1488 724 1513 et
740 1483 910 1525 praemiis
933 1484 1054 1523 dictis,
1079 1489 1118 1514 ut
1141 1483 1241 1515 etiam
1262 1484 1305 1515 ΙΙ.
1329 1483 1369 1514 ad
1394 1484 1467 1515 An.
1492 1495 1542 1526 7.,
1577 1484 1667 1526 quod
1689 1485 1848 1515 inuentus
1871 1484 1949 1523 ille,
1978 1483 2037 1526 qui
2059 1483 2162 1515 emis*-

279 1554 334 1575 sus
357 1551 376 1570 a
398 1535 535 1569 Plancio
559 1535 697 1566 tribuno
720 1535 828 1577 plebis
851 1534 978 1575 fuerat,
1011 1548 1081 1567 non
1103 1535 1289 1567 uideretur.
1334 1537 1492 1568 Barthius
1524 1536 1565 1568 ad
1589 1537 1733 1568 Statium
1757 1538 1800 1569 Π.
1833 1537 1942 1568 Theb.
1967 1536 2039 1578 595.
2072 1535 2162 1567 hunc

279 1592 379 1627 uerbi
408 1591 521 1622 dicere
552 1600 651 1620 usum
681 1587 849 1619 inlustrat.
893 1589 994 1620 Nunc
1023 1589 1134 1627 datis,
1168 1588 1257 1630 quod
1285 1589 1396 1631 ipsum
1420 1589 1454 1620 in
1479 1589 1647 1621 codicibus
1671 1590 1849 1628 remansit,
1881 1589 2031 1631 relinqui
2060 1589 2160 1620 etiam

283 1657 379 1691 posse
407 1654 478 1675 non
505 1641 680 1672 inficior.*'‘
726 1641 821 1682 Quae
851 1641 1062 1672 coniecturae
1086 1641 1250 1673 Garatoni
1277 1642 1355 1673 licet
1383 1654 1517 1673 sensum
1544 1644 1723 1686 praebeant
1752 1654 1821 1673 non
1844 1643 2014 1685 ineptum,
2048 1649 2160 1674 tamen

284 1714 321 1731 co
351 1696 464 1729 minus
495 1694 689 1737 probandae
719 1700 814 1731 sunt,
848 1705 914 1736 quo
945 1694 1049 1736 magis
1072 1705 1090 1725 a
1112 1694 1266 1736 uolgatae
1295 1695 1481 1737 scripturae
1505 1695 1658 1728 ductibus
1682 1695 1859 1735 recedunt,
1894 1706 2028 1737 quoque
2048 1695 2160 1726 minus

283 1766 301 1784 a
332 1759 503 1793 quoquam
532 1746 711 1778 hominum
749 1746 925 1778 doctorum
963 1746 1133 1788 uolgatam
1164 1747 1367 1790 scripturam
1405 1759 1423 1778 a
1451 1760 1549 1780 sensu
1578 1749 1643 1780 loci
1677 1750 1822 1780 alienam
1850 1760 1920 1780 esse
1947 1754 2159 1790 ostensumst·

284 1807 490 1845 Corruptam
513 1811 587 1830 eam
608 1805 771 1842 putarunt
796 1796 889 1831 nulla
912 1799 975 1830 alia
999 1800 1040 1830 de
1063 1812 1186 1840 caussa,
1212 1800 1277 1832 nisi
1301 1800 1391 1843 quod
1414 1801 1495 1832 alibi
1517 1802 1762 1833 substantiuom
1778 1801 2070 1846 praemandatum
2092 1812 2161 1833 non

286 1861 485 1899 usurpatum
506 1854 687 1896 reperitur.
732 1853 782 1884 Ea
800 1864 881 1883 uero
906 1863 1019 1884 caussa
1041 1853 1087 1884 ita
1110 1859 1242 1885 tantum
1266 1853 1393 1896 aliquid
1416 1855 1581 1886 momenti
1607 1855 1761 1895 haberet,
1797 1855 1825 1886 si
1847 1864 1955 1895 neque
1972 1865 2161 1896 praeman—

287 1912 370 1943 dare
398 1909 434 1939 in
463 1917 526 1937 usu
558 1905 692 1945 fuisset,
728 1916 838 1947 neque
867 1904 1082 1947 significatio,
1117 1917 1219 1948 quam
1242 1907 1486 1938 substantiuom
1513 1908 1591 1938 illut
1613 1907 1796 1939 secundum
1821 1905 2008 1948 analogiam
2037 1906 2161 1937 habere

288 1963 403 2001 debet,
440 1959 519 1991 huic
548 1959 621 1990 loco
655 1957 906 1990 accommodata
935 1964 1037 1997 esset,
1075 1964 1108 1990 et
1130 1959 1247 1991 eadem
1270 1972 1338 1999 res,
1374 1972 1458 2002 quae
1482 1961 1537 1992 hic
1559 1967 1733 2000 narratur,
1768 1959 1842 1991 aliis
1862 1959 1897 1989 in
1918 1959 2000 1989 locis
2027 1965 2163 1992 narrata

286 2024 472 2055 numquam
496 2012 615 2043 eodem
644 2012 708 2043 hoc
737 2011 842 2042 uerbo
866 2010 1049 2053 significata
1074 2019 1170 2044 esset.
1215 2013 1311 2055 Quae
1339 2025 1415 2045 cum
1445 2014 1598 2045 minume
1628 2013 1674 2044 ita
1703 2013 1785 2052 sint,
1822 2011 2045 2043 uerissumam
2077 2019 2160 2055 puto
2198 2017 2216 2038 ·'

288 2067 458 2108 uolgatam
485 2065 687 2107 scripturam
719 2076 810 2104 esse,
844 2071 1002 2107 recteque
1024 2077 1221 2098 maxumam
1243 2073 1375 2109 partem
1397 2067 1437 2098 ab
1460 2066 1627 2099 Huldrico
1652 2066 1868 2108 explicatam,
1911 2076 2115 2107 quamquam
2135 2066 2164 2099 is

290 2119 332 2150 de
360 2118 498 2160 reliquis
530 2118 630 2156 locis,
665 2118 700 2149 in
727 2118 847 2160 quibus
869 2120 1126 2161 praemandare
1150 2126 1350 2162 usurpatum
1373 2121 1559 2163 reperitur,
1592 2131 1661 2150 non
1684 2119 1761 2151 satis
1790 2130 1870 2149 uere
1894 2119 2061 2161 exposuit.
2105 2119 2162 2152 Ex

290 2171 527 2214 conparatione
555 2171 699 2203 aliorum
729 2171 932 2210 uerborum,
958 2184 1041 2214 quae
1064 2173 1145 2204 item
1169 2184 1245 2204 cum
1262 2185 1351 2217 prae
1374 2172 1623 2216 praepositione
1648 2173 1802 2215 copulata
1824 2178 1912 2210 sunt,
1936 2172 2044 2204 ueluti
2065 2171 2162 2204 uerbi

290 2235 525 2267 praemonere,
547 2225 633 2255 hanc
654 2230 794 2267 apparet
816 2223 913 2255 uerbi
930 2227 1185 2268 praemandare
1208 2225 1331 2256 debere
1353 2225 1627 2268 significationem
1652 2236 1731 2263 esse,
1754 2231 1793 2256 ut
1815 2225 1963 2265 denotet,
1985 2225 2161 2264 mandare,

293 2283 332 2308 ut
368 2276 504 2319 aliquid
536 2283 697 2315 curetur,
741 2279 841 2321 prins
880 2290 984 2321 quam
1020 2277 1186 2321 confectio
1215 2280 1325 2322 ipsias
1358 2280 1408 2311 rei
1438 2279 1621 2310 mandatae
1649 2278 1759 2310 locam
1787 2278 1935 2316 habeat,
1977 2277 2074 2309 nobis
2114 2277 2161 2309 im

299 2328 439 2369 Voraas
468 2329 565 2360 einen
596 2330 756 2373 Austrag
783 2330 889 2373 geben
906 2355 916 2369 ,
958 2331 1015 2362 uel
1043 2332 1140 2364 einen
1171 2331 1389 2375 vorla'nfigen
1425 2330 1587 2374 Azzftrag
1621 2331 1739 2374 geben.
1784 2332 1855 2362 Iam
1884 2330 2031 2362 duorum
2067 2330 2161 2362 loco-
2205 2332 2209 2335 ’

295 2393 387 2420 rum,
419 2380 455 2411 iu
486 2382 605 2422 quibus
636 2383 731 2422 solis,
768 2389 930 2424 quantum
960 2385 1045 2423 scio,
1078 2386 1330 2428 praemandare
1359 2390 1606 2426 usurpatumst,
1640 2385 1726 2416 alter
1754 2383 1930 2416 manifesto
1959 2384 2057 2416 istam
2079 2394 2161 2414 con-
2205 2391 2207 2394 ⁴
