2264 2746
270 116 349 145 vm
931 110 1461 140 PROLEGOMENA.

271 191 370 220 Ualde
390 189 586 228 neglegenter
605 187 660 216 hos
682 186 801 216 codices
819 184 975 214 consultos
996 194 1070 219 esse,
1091 185 1142 212 uel
1163 195 1201 213 cx
1220 184 1286 223 ipsa
1304 185 1431 213 Gruteri
1452 186 1643 224 praefatione
1663 191 1756 225 patet,
1778 187 1809 214 in
1831 196 1889 224 qua
1909 187 1985 215 dicit
2005 197 2036 214 se
2058 187 2137 214 ultra

272 240 419 267 ducentos
441 238 581 265 habuisse
602 236 720 264 codices
742 234 910 269 Palatinos,
944 238 990 261 set
1010 240 1138 271 propter
1159 232 1306 271 temporis
1327 233 1479 270 angustias
1500 235 1598 262 omnis
1620 234 1761 262 conferre
1783 245 1846 262 11011
1867 234 2014 272 potuisse.
2051 234 2138 270 Quot

272 287 402 316 Palatini
423 284 633 314 continuerint
653 283 728 310 hanc
750 281 936 316 orationem,
962 281 1124 309 nescimus.
1162 280 1279 308 Decem
1298 286 1507 309 memorantur
1527 282 1564 310 ad
1584 293 1608 310 c.
1630 283 1673 311 33.
1703 280 1730 321 §
1751 285 1805 311 82..
1846 283 1894 310 Ex
1915 282 2099 310 lectionibus
2121 292 2137 309 a

272 335 408 363 Grutero
437 333 609 361 memoratis
634 330 706 359 satis
734 338 885 367 superque
914 329 1122 366 intellegitur,
1157 328 1346 357 oxoniensis
1373 328 1421 357 his
1450 330 1608 358 codicibus
1628 340 1727 368 neque
1754 335 1906 359 uetustate
1926 340 2026 368 neque
2045 340 2135 368 prae-

271 383 382 410 stantia
402 382 517 410 cedere.

345 447 373 474 G
382 457 398 474 r
407 456 426 474 α
436 456 450 473 e
458 455 476 472 u
487 445 526 472 ia
535 444 576 470 1ιὶ
594 438 755 480 (Graenu.)
774 438 808 468 hi
828 445 914 468 sunt:

885 504 1087 532 Franciamts
1102 506 1225 541 primu-s·
1246 503 1283 542 (F
1299 503 1325 541 1)

884 551 1085 579 Franz-ianus
1105 552 1258 579 secundus
1278 550 1315 590 (F
1327 551 1358 589 2)

884 598 1079 627 Pz'llzoeanzts
1100 599 1219 638 (Pith.).

269 669 402 697 Primum
424 671 454 694 et
474 664 639 693 secundnm
661 663 812 691 Grac-nius
833 663 899 701 ipse
921 662 1070 697 contulit,
1093 662 1144 699 qui
1166 662 1320 700 accepisse
1341 672 1372 690 se
1392 672 1408 690 a
1428 662 1520 690 Petro
1541 661 1672 689 Franeio
1694 662 1727 690 in
1748 662 1842 700 praef.
1862 672 1892 700 p.
1909 672 1934 691 2.
1957 663 2040 691 dicit.

343 716 491 749 „Primus
512 712 598 751 (ibid.
620 712 715 740 refert
738 709 905 748 Cracnins)
926 710 1024 737 nitide
1045 710 1217 748 descriptus
1239 710 1270 738 in
1291 711 1492 745 nlemln'altl'8‚
1530 709 1561 737 in
1593 720 1652 747 quo
1674 709 1832 737 Ciceronis
1855 720 1958 739 omnes
1980 711 2133 740 orationes

268 763 425 800 leguntur⁷
445 771 507 787 non
528 759 649 797 quidem
670 764 880 794 ueteri-umus,
902 763 947 786 set
967 763 1069 785 tamen
1090 759 1190 795 magni
1210 759 1377 786 faciendus.
1417 758 1445 786 Is
1468 768 1537 785 sane
1558 757 1634 784 mihi
1656 757 1787 785 multum
1808 757 1897 785 etiam
1918 759 2065 795 profuit.“

341 809 519 843 „Secundus
539 807 598 834 suit
618 807 795 835 chartaceus
817 807 915 835 codex
935 807 1109 842 recentior,
1129 811 1175 834 set
1194 816 1257 834 non
1278 806 1485 845 spernendus,
1506 806 1539 833 111
1561 815 1620 843 (1110
1641 804 1794 832 habentur
1815 805 1970 833 orationes
1989 816 2046 844 pro
2067 806 2133 843 lege

266 857 408 891 Manilia,
429 865 485 893 pro
506 855 641 889 Milone,
671 866 703 882 ac
724 855 891 882 nonnullae
911 854 1020 882 aliac.“

338 902 507 931 Pithoeani
527 903 649 930 nomine
670 902 893 939 intellegendae
914 906 985 929 sunt
1005 901 1175 929 lectionum
1194 901 1376 937 uarietates,
1397 912 1468 940 quas
1489 903 1599 930 Petrus
1620 901 1768 929 Pithoeus
1790 911 1828 929 ex
1849 901 1961 939 priscis
1981 902 2131 930 membra-

266 952 312 980 nis
334 954 512 978 enotauerat
532 954 562 977 ct
583 949 712 986 margini
733 949 805 976 edit.
826 949 1048 976 Lambinianae
1072 948 1285 987 adscripscrat.
1325 949 1399 977 Eam
1420 949 1587 977 editionem
1608 954 1714 976 nactus
1735 953 1799 976 erat
1821 949 1982 977 Graeuius.

340 998 603 1028 Lallemandi
624 995 789 1036 (Lallem.).
830 997 880 1023 Sic
901 996 1022 1023 codices
1043 996 1177 1024 Parisini
1198 998 1273 1025 (11011
1294 1003 1380 1033 sunt,
1407 1008 1482 1036 quos
1503 996 1651 1024 Nicolaus
1672 996 1888 1024 Lallemandus
1910 997 2057 1032 contulit,
2078 997 2132 1035 qui

265 1048 302 1076 T.
324 1046 379 1074 ΙΙῘ.
401 1056 471 1083 opp.
494 1045 577 1072 Tull.
599 1045 644 1071 cd.
667 1045 761 1072 Paris.
782 1043 1060 1072 MDCCLXVIII.
1088 1044 1139 1079 ,,111
1169 1045 1377 1080 orationibus,
1406 1045 1524 1083 inquit,
1558 1044 1755 1073 recensendis
1783 1044 1903 1071 codices
1931 1045 2130 1080 excussimus,

264 1100 295 1123 et
314 1093 510 1133 praesertim,
539 1093 590 1130 qui
613 1103 628 1119 e
650 1092 829 1120 Colbertina
849 1090 1041 1119 bibliotheca
1061 1091 1093 1119 in
1114 1092 1242 1129 Regiam
1263 1093 1336 1120 olim
1357 1093 1563 1129 transicrunt3
1591 1093 1624 1120 in
1645 1092 1753 1129 quibus
1775 1092 1929 1120 orationes
1950 1093 1993 1120 ita
2013 1093 2129 1121 descri-

263 1148 334 1181 ptae
354 1146 439 1175 sunt,
472 1145 506 1168 111
527 1140 559 1168 111
579 1140 712 1177 singulas
734 1139 792 1167 duo
820 1139 916 1167 trisne
938 1139 1075 1172 codicesy
1111 1140 1274 1178 aliquando
1303 1141 1393 1169 etiam
1414 1141 1512 1179 pluris
1542 1141 1703 1168 consulere
1730 1139 1832 1167 liceat.
1871 1140 1992 1168 Horum
2012 1140 2128 1169 mentio

262 1190 407 1227 frequens
428 1187 487 1215 erit
507 1188 539 1215 in
560 1187 607 1215 his
628 1187 759 1222 notulis,
781 1197 853 1225 quas
873 1188 909 1215 ad
930 1187 1124 1223 nonnullam,
1152 1188 1177 1215 si
1199 1188 1266 1216 ficri
1286 1188 1400 1226 possit,
1429 1188 1626 1217 Ciceroniani
1647 1192 1750 1215 textus
1771 1187 2015 1217 emendationem
2035 1189 2127 1217 insti-

262 1236 406 1264 tuimusf‘
444 1235 556 1263 Denuo
578 1235 767 1272 ignorainuS,
802 1240 876 1272 quot
903 1235 1024 1263 codices
1053 1236 1088 1263 ad
1110 1246 1154 1263 or.
1175 1236 1370 1264 Plane-ianam
1400 1247 1415 1264 a
1435 1236 1635 1265 Lallemando
1657 1234 1771 1263 conlati
1792 1234 1872 1269 sint,
1908 1236 1960 1273 qui
1986 1236 2019 1264 in
2046 1237 2128 1265 notis

262 1294 489 1321 nonnumquam
517 1294 611 1311 uuum
638 1282 688 1310 uel
716 1282 776 1310 duo
798 1283 834 1310 de
855 1283 915 1310 suis
938 1282 1014 1311 hanc
1042 1283 1092 1310 uel
1121 1283 1204 1311 illam
1230 1284 1395 1312 lectionem
1416 1284 1531 1313 habere
1551 1284 1717 1313 monuerit.
1756 1282 1899 1310 Fortasse
1926 1283 2047 1311 eosdem
2074 1284 2129 1312 ille

263 1332 383 1359 codices
404 1331 574 1365 consuluit,
605 1330 656 1368 qui
678 1340 757 1358 nuuc
779 1342 794 1358 a
815 1330 1021 1358 Schlottichio
1042 1331 1074 1358 in
1095 1341 1182 1358 usum
1202 1342 1302 1359 meum
1325 1332 1438 1360 conlati
1460 1338 1539 1360 sunt.
1578 1331 1706 1361 Maioris
1728 1335 1811 1358 00110
1840 1331 1921 1369 preti
1942 1341 2003 1358 non
2024 1331 2127 1366 fuisse,

262 1380 494 1407 manifestumst.
534 1378 600 1405 Nec
621 1378 720 1405 sicubi
742 1378 777 1405 ab
799 1378 861 1406 illis
883 1379 1046 1406 dissentire
1066 1378 1229 1415 uidentur,
1249 1385 1415 1417 propterea
1436 1380 1553 1408 diuersi
1573 1380 1666 1407 fuisse
1687 1378 1843 1406 iudicandi
1863 1383 1942 1413 sunt,
1963 1389 2031 1407 cnm
2051 1379 2126 1407 Lal-

262 1427 434 1455 lemandum
454 1431 484 1453 et
504 1425 776 1463 ncglegentissume
798 1426 955 1454 codicibus
977 1426 1040 1454 suis
1069 1437 1155 1455 usum
1177 1437 1259 1463 csse,
1293 1432 1324 1455 et
1350 1427 1506 1456 hominem
1534 1426 1740 1466 magnilocum
1766 1426 2002 1466 mendacemque
2022 1427 2124 1462 fuisse,

262 1473 449 1503 certissumis
469 1473 655 1511 argumentis
675 1473 878 1502 demonstrari
898 1474 1006 1512 possit.

1092 1580 1209 1615 CAP.
1251 1582 1297 1615 II.

468 1652 534 1680 DE
564 1652 808 1683 CODICUM
843 1654 1301 1684 ENUMERATORUM
1337 1655 1560 1684 ORIGINE
1590 1655 1655 1683 ET
1686 1656 1920 1684 FAMILIA.

1156 1732 1183 1774 Β.
1205 1741 1230 1766 1.

340 1794 451 1822 Cuncti
471 1795 608 1831 codices,
629 1802 758 1835 excepto
779 1796 992 1833 Ambrosiam,
1014 1807 1052 1826 ex
1072 1809 1134 1826 uno
1156 1799 1323 1837 eodemque
1344 1797 1435 1833 libro,
1457 1798 1509 1836 qui
1532 1803 1694 1837 corruptus
1717 1798 1775 1825 iam
1795 1803 1825 1825 et
1845 1798 2046 1836 interpolatus
2067 1809 2122 1827 ncc

265 1841 435 1879 antiquior,
461 1848 495 1871 ut
514 1844 654 1881 uidetur,
686 1845 890 1873 Ambrosiano
912 1850 991 1879 erat,
1020 1846 1171 1882 originem
1192 1847 1356 1875 duxerunt.
1396 1846 1538 1874 Efficitnr
1558 1846 1617 1874 hoc
1638 1846 1798 1874 manifesto
1820 1856 1858 1873 ex
1878 1846 1995 1884 aliquot
2014 1856 2123 1875 corru-

265 1889 376 1927 1110113,
402 1899 476 1926 quae
497 1893 636 1920 omnibus
657 1893 723 1921 istis
744 1893 902 1921 codicibus
932 1903 1097 1921 commines
1124 1898 1212 1929 sunt,
1247 1904 1329 1922 nunc
1358 1894 1479 1922 demum
1505 1894 1578 1922 libri
1599 1894 1795 1921 Ambrosiani
1816 1894 1998 1921 auctoritate
2017 1904 2123 1922 emen-

267 1936 362 1964 datae.
401 1938 447 1965 Ita
467 1948 568 1966 omnes
589 1940 708 1968 codices
729 1951 753 1968 c.
770 1940 812 1968 X.
840 1939 867 1979 §.
885 1942 930 1970 26.
951 1947 1096 1980 corrupte
1117 1942 1206 1969 ciuili
1226 1953 1325 1970 errorae²
1345 1943 1499 1977 scribunt,
1521 1953 1576 1980 pro
1598 1952 1656 1979 quo
1677 1942 1759 1969 solus
1780 1941 1999 1969 Ambrosianus
2018 1952 2122 1970 ueram

266 1984 448 2022 scripturam
475 1986 564 2013 ciuile·
583 1987 673 2023 ferro
693 1988 837 2016 seruauit.
876 1988 955 2017 Nam
983 1989 1064 2027 quod
1092 1989 1151 2016 duo
1180 1988 1269 2023 libri,
1297 1989 1367 2017 Urs.
1396 1995 1425 2017 01
1446 1990 1509 2017 Pal.
1530 1995 1702 2027 septumus,
1729 1988 1842 2016 habent
1869 2000 1990 2022 cruore,
2024 1989 2055 2017 id
2083 2000 2123 2018 ex

267 2042 366 2060 errore
387 2032 506 2060 demum
527 2038 626 2060 ortum
647 2044 727 2070 esse,
754 2041 931 2074 apertumst.
973 2037 1069 2064 Simul
1098 2041 1197 2063 autem
1219 2036 1489 2073 adtendmulumst,
1525 2047 1593 2064 eum
1619 2037 1795 2071 librarium,
1829 2037 1880 2074 qui
1908 2047 1964 2074 pro
1992 2037 2122 2073 genuina

267 2078 418 2116 scriptura
438 2080 579 2108 FERRO
600 2083 737 2118 posuerit
752 2084 942 2118 ERRORE,
975 2083 1148 2121 corrigendi
1170 2094 1278 2111 munus
1299 2084 1359 2112 sibi
1380 2085 1546 2123 adrogassc.
1586 2084 1664 2111 Nam
1685 2095 1752 2111 enm
1773 2089 1823 2111 aut
1842 2084 1954 2112 ERRO
1973 2084 2121 2122 seriptum

267 2127 468 2164 repperisset,
495 2132 545 2154 aut
565 2127 630 2164 ipse
650 2128 783 2158 litteram
803 2133 833 2159 F
850 2137 978 2170 propter
998 2136 1176 2170 sequentem
1195 2133 1226 2160 E
1243 2132 1438 2161 simillumam
1458 2131 1659 2169 neglexisset,
1680 2130 1821 2158 maluisse
1841 2131 1956 2169 aliquid
1977 2132 2121 2167 scribere,

266 2174 349 2212 quod
368 2175 469 2202 sensui
490 2175 710 2212 quodammodo
731 2179 897 2206 conuenire
917 2179 1092 2215 uideretur,
1121 2190 1208 2217 qnam
1230 2186 1375 2218 corrupta
1394 2180 1487 2208 uerba
1508 2189 1542 2207 ex
1562 2179 1651 2206 ciuili
1670 2190 1735 2206 erro
1763 2179 1899 2206 retinere
1920 2180 2120 2218 intellegitur.

266 2222 364 2250 Porro
384 2222 465 2250 idem
486 2222 533 2249 illi
553 2223 672 2250 codices
694 2223 730 2251 ad
750 2235 843 2253 unum
864 2237 967 2254 omnes
995 2237 1019 2255 c.
1040 2227 1202 2255 XXXIV.
1229 2225 1256 2266 ᾗ.
1276 2229 1320 2256 83.
1342 2227 1452 2256 uitiose
1472 2226 1611 2254 scribunt
1631 2237 1666 2254 ex
1685 2227 1739 2254 illo
1760 2226 1875 2253 ambita
1897 2230 2044 2262 traxisse,
2064 2238 2121 2266 pro

266 2268 376 2306 quibus
403 2269 507 2297 uerbis
534 2280 611 2297 unus
631 2271 850 2300 Ambrosianus
871 2274 982 2303 ilerum
1008 2280 1092 2303 recte
1119 2274 1194 2302 haec
1221 2273 1329 2303 habet:
1363 2276 1451 2302 exilio
1479 2274 1628 2302 ambilmn
1655 2275 1812 2307 sanxisse;
1847 2284 1906 2311 qno
1934 2275 2025 2303 inodo
2051 2281 2121 2303 aute

265 2321 422 2354 repertum
441 2317 678 2345 Ambrosianum
700 2318 881 2348 Garatonius
903 2321 960 2350 iam
982 2323 1164 2351 Ciceronem
1184 2323 1343 2362 scripsisse
1363 2327 1450 2350 acute
1471 2322 1672 2350 diuinaucrat.
1711 2320 1931 2349 Ambrosianus
1952 2322 2046 2359 igitur
2066 2333 2121 2361 pa—

266 2363 441 2401 limpsestus
466 2366 717 2402 quemadmodmn
737 2367 892 2406 antiquior
913 2374 958 2397 est
983 2370 1111 2409 reliquis
1138 2371 1297 2399 codicibus
1325 2370 1484 2406 omnbus,
1518 2370 1562 2398 ita
1581 2380 1620 2398 ex
1640 2369 1767 2398 meliore
1789 2369 1880 2397 ctiam
1901 2374 1931 2397 et
1951 2369 2119 2409 integriore

264 2410 351 2439 fonte
370 2411 495 2439 fluxisse
514 2412 714 2451 intellegitur.
