2264 2746
260 91 314 118 224
908 80 1484 111 COMMENTARIUS.

261 159 346 191 aliut
374 157 486 202 potius
508 157 709 200 Pompeium
739 155 847 187 facere
874 167 1019 197 aequom
1050 153 1153 187 fuisse
1183 167 1283 198 quam
1317 153 1407 197 quod
1438 153 1575 195 fecerit,
1620 166 1640 186 a
1662 154 1826 187 Cicerone
1855 156 1993 188 ostendi.
2035 156 2128 188 Idem

262 212 412 255 Philipp.
435 213 536 250 VIII,
569 213 606 248 5,
639 210 707 241 15.:
744 208 780 241 C.
804 209 940 247 Mario,
972 208 1018 241 L.
1047 208 1189 241 Ualerio
1215 207 1409 241 consulibus
1433 214 1572 240 senatus
1595 220 1665 241 rem
1683 208 1862 252 publicam
1883 207 2133 250 defendendam

262 266 376 297 dedit.-
399 265 444 297 L.
463 263 674 296 Saturninus
697 261 858 292 tribunus
879 262 940 305 pl„
967 261 1002 293 C.
1025 261 1176 294 Glaucia
1197 268 1338 305 praetor
1360 266 1410 293 est
1433 260 1647 304 interfectus.
1692 260 1818 293 Omnes
1841 261 1902 292 illo
1926 260 1982 291 die
1999 259 2135 298 Scauri,

263 319 418 355 Metelli,
441 315 598 352 Claudii,
622 314 759 352 Catuli,
787 315 992 353 Scaeuolae,
1022 314 1140 346 Crassi
1161 327 1261 346 arma
1283 320 1513 357 sumpserunt.
1557 314 1659 346 Num
1680 318 1743 345 aut
1765 313 1919 345 eonsules
1942 311 2043 350 illos,
2073 317 2136 344 aut

263 372 481 402 clarissumum
517 368 612 398 uiros
648 367 898 409 uituperandos
932 369 1061 411 putas?
1116 368 1197 399 Non
1235 372 1282 397 est
1319 366 1580 408 neglegendum,
1625 366 1764 398 eandem
1799 377 1871 396 rem
1907 369 2135 407 exponentem

262 423 312 455 M.
337 420 489 452 Tullium
520 419 555 450 iu
578 419 731 450 oratione
754 420 871 451 Rabir.
899 421 936 452 C.
961 421 1040 453 VH.
1073 420 1103 461 ξ.
1128 431 1196 459 21.‚
1235 431 1336 461 quem
1366 419 1477 450 locum
1500 419 1602 462 paulo
1626 425 1703 450 aute
1725 417 1848 455 adtuli,
1886 416 2056 447 locutione
2079 428 2137 447 ea-

262 487 343 520 pere
364 485 462 505 arma
490 483 591 503 usum
621 483 702 503 esse.
748 474 880 506 Uerum
908 473 1131 504 animaduerti
1154 473 1251 512 uolo,
1291 471 1362 503 illic
1383 472 1583 514 simpliciter
1605 472 1668 503 hoc
1693 471 1841 501 uoluisse
1863 469 2062 501 Ciceronem
2085 468 2137 499 di—

264 537 354 564 cere,
389 536 466 556 cum
491 525 644 557 omnium
670 524 830 557 ordinum
860 526 1033 566 homines,
1067 526 1109 557 ad
1132 537 1225 557 arma
1254 536 1272 556 a
1295 524 1488 556 consuiibus
1518 530 1671 562 uocatos,
1708 530 1781 555 tum
1806 523 1883 554 illos
1914 521 2013 552 etiam
2043 521 2136 552 uiros

264 578 476 610 clarissumos
497 576 599 608 armis
624 575 728 609 fuisse
750 577 945 619 instructos,
979 580 1044 611 hoc
1066 585 1180 610 autem
1204 578 1299 615 loco,
1327 577 1364 607 in
1388 588 1454 619 quo
1477 576 1560 608 ciuis
1583 576 1762 620 inprobos,
1795 575 1853 617 qui
1875 573 2062 617 perniciem
2083 573 2134 604 rei

262 644 296 675 p.
318 631 520 668 moliantur,
542 629 685 660 interfici
706 637 877 673 praestare
901 632 998 663 docet
1022 644 1121 674 quam
1145 631 1210 662 alia
1231 631 1359 662 ratione
1381 630 1506 672 corrigi
1528 641 1565 661 ac
1586 628 1730 667 seruari,
1763 627 1796 659 id
1818 628 1945 667 dicere,
1975 627 2068 658 uiros
2091 626 2137 657 il-

262 685 312 715 los
336 683 548 714 clarissumos
578 694 671 714 secus
702 689 802 725 atque
833 691 1045 727 expectatum
1075 684 1180 716 suerit
1227 689 1407 726 optumum
1446 683 1598 722 duxisse,
1637 681 1739 713 armis
1762 681 1796 711 in
1819 680 1879 711 illo
1903 675 2053 711 tumultu
2074 679 2136 711 uti·

261 737 357 769 Idem
382 737 417 767 iu
442 742 526 767 orat.
551 735 664 766 Pison.
690 737 727 768 C.
750 737 889 768 XXXI.
915 739 944 779 §.
966 749 1033 779 77.:
1073 750 1108 769 se
1132 741 1252 768 contra
1274 742 1449 768 armatum
1471 736 1650 767 tribunum
1667 735 1720 778 pl.
1741 734 1814 765 sine
1837 733 1978 764 consilio
1993 732 2135 776 publico

262 791 437 821 decertare
461 789 571 827 noll03
604 789 799 821 consulibus
823 803 863 822 ex
886 791 920 822 S.
943 790 978 823 C.
1001 802 1073 822 rem
1090 802 1129 833 p.
1152 788 1415 832 defendentibus
1438 802 1472 821 se
1496 800 1595 820 arma
1618 792 1848 830 sumpturum.
1879 797 1942 828 pro
1967 786 2004 816 C.
2027 785 2136 816 Rabi-

260 843 312 875 rio
337 843 375 874 C.
400 843 461 875 VI.
488 842 517 883 ἕ.
545 853 613 884 19.:
648 843 687 873 Si
710 842 864 886 interfici
889 843 1120 875 Saturninum
1146 841 1245 885 nefas
1260 842 1361 885 suit,
1390 853 1490 874 arma
1512 846 1651 884 sumpta
1673 852 1743 871 esse
1766 845 1885 871 eontra
1908 839 2137 870 Saturninum

261 897 335 927 sine
358 895 482 927 scelere
504 907 572 927 non
593 902 758 938 possunt3
792 897 823 927 si
844 908 943 928 arma
966 896 1043 928 iure
1065 900 1204 938 sumpta
1227 895 1399 933 concedis,
1428 893 1651 937 interfectum
1674 893 1751 924 iure
1773 892 1936 923 concedas
1960 897 2136 924 necessest.

260 960 324 992 pro
349 949 428 979 Sex.
452 949 552 979 Rosc.
576 948 657 980 Am.
683 948 720 979 C.
744 949 893 980 XLVII.
920 948 949 989 ς.
977 948 1065 989 157.;
1090 948 1152 979 Sin
1175 954 1292 979 autem
1314 948 1352 980 id
1371 953 1532 985 actumst,
1556 952 1588 978 et
1611 946 1739 978 idcirco
1762 957 1861 976 arma
1883 950 2022 987 sumpta
2043 950 2138 983 sunt,

262 1008 301 1034 ut
326 1002 478 1034 homines
496 1001 665 1044 postremi
686 1001 844 1044 pecuniis
867 1001 991 1032 alienis
1014 1001 1319 1044 locupletarentur.
1362 1000 1588 1043 Philipp.IV‚
1617 1010 1643 1037 1,
1668 1008 1718 1030 2.:
1745 997 1822 1030 Nec
1845 998 1936 1029 enim
1949 996 2039 1040 fieri
2057 1003 2137 1041 pot-

261 1061 331 1094 est,
369 1060 408 1086 ut
430 1066 497 1087 non
520 1059 583 1084 aut
603 1054 631 1084 ii
653 1054 724 1085 sint
747 1054 853 1097 inpii,
891 1053 951 1096 qui
982 1059 1100 1084 eontra
1125 1054 1297 1085 consulem
1319 1054 1489 1085 exereitus
1513 1056 1813 1096 conparauerunt,
1850 1056 1913 1081 aut
1936 1051 1996 1082 ille
2017 1050 2138 1088 hostis,

261 1113 382 1140 contra
406 1119 505 1151 quem
531 1107 607 1137 iure
629 1118 729 1137 arma
751 1112 889 1149 sumpta
908 1112 999 1138 sunt.
1042 1105 1126 1136 Ibid.
1149 1106 1257 1144 XIV,
1282 1105 1317 1144 8,
1343 1105 1411 1137 24.:
1441 1106 1539 1138 Nam
1560 1106 1647 1138 milzi
1671 1103 1804 1135 consuli
1826 1103 2035 1146 supplicatio
2057 1102 2139 1135 nul-

262 1160 307 1192 lis
329 1160 437 1191 armis
461 1159 608 1200 sumptis
638 1170 705 1189 non
737 1157 775 1188 ob
798 1159 935 1189 caedem
962 1159 1130 1196 hostium,
1170 1163 1220 1189 set
1243 1157 1282 1189 ob
1303 1159 1596 1190 conseruationem.
1625 1157 1776 1189 hostium
1797 1172 1841 1179 —
1862 1157 2042 1188 decretast.
2084 1156 2140 1187 De

262 1217 347 1243 orat.
372 1212 424 1251 ΙΙ,
455 1222 513 1250 20,
538 1210 609 1242 δίκα
645 1210 706 1243 Ad
728 1210 959 1242 ludendumne
981 1223 1027 1242 an
1049 1211 1098 1242 ad
1112 1209 1348 1252 pugnandum
1369 1221 1469 1241 arma
1487 1211 1557 1241 sint
1580 1209 1765 1252 sumpturi.
1809 1207 1867 1240 Ad
1890 1208 1971 1240 Diu.
1995 1207 2063 1247 VI,
2087 1209 2138 1240 5.:

261 1265 380 1298 Habes
405 1264 598 1306 augurium
620 1275 744 1301 meum,
768 1275 845 1306 quo,
869 1263 900 1294 si
923 1263 1008 1306 quid
1029 1263 1283 1300 addubitarem,
1306 1274 1373 1293 non
1390 1262 1510 1304 potius
1534 1266 1661 1299 uterer,
1684 1273 1788 1304 quam
1810 1262 1875 1292 illa
1897 1261 2138 1300 consolatione,

263 1329 329 1360 qna
345 1315 459 1359 facile
473 1316 610 1360 fortem
632 1317 750 1348 uirum
773 1320 1022 1354 sustentarem3
1059 1321 1109 1354 te,
1139 1315 1170 1346 si
1193 1315 1373 1357 explorata
1404 1314 1553 1345 uictoria
1576 1325 1677 1344 arma
1698 1313 1901 1355 sumpsisses
1927 1324 1992 1355 pro
2015 1324 2051 1344 re
2067 1325 2139 1357 pu-

261 1370 351 1401 blica
371 1368 436 1411 (ita
459 1370 550 1401 enim
573 1375 647 1401 tum
664 1368 851 1412 putabas),
888 1380 954 1399 non
978 1368 1081 1399 nimis
1110 1380 1180 1399 esse
1206 1367 1431 1399 laudandum.
1475 1365 1594 1398 Liuios
1617 1365 1667 1404 ΙΙ,
1694 1364 1765 1396 45.;
1805 1365 1860 1396 Eo
1882 1377 1972 1396 anno
1997 1377 2065 1397 non
2086 1378 2140 1398 se-

259 1423 365 1466 gnior
387 1422 563 1453 discordia
585 1422 677 1453 domi
688 1428 720 1453 et
740 1421 866 1452 bellum
879 1419 976 1463 foris
999 1421 1152 1452 atrocius
1168 1419 1259 1463 fuit.
1303 1419 1357 1452 Ab
1372 1420 1504 1463 Aequis
1526 1431 1626 1451 arma
1647 1423 1805 1460 sumptaj
1836 1417 1994 1449 Ueientes
2010 1429 2140 1461 agrum

263 1488 394 1519 quoque
418 1476 656 1507 Romanorum
672 1474 882 1517 populantes
906 1475 1096 1505 iniuerunt.
1137 1473 1229 1504 Idem
1253 1473 1318 1509 ΙΙΙ,
1354 1484 1421 1513 17.:
1456 1472 1619 1504 Iuberent
1642 1471 1792 1508 tribuni,
1823 1471 1986 1513 quoniam
2009 1471 2047 1502 in
2067 1470 2137 1514 Ap.

261 1529 482 1563 Herdonium
506 1532 684 1565 uenirent,
721 1527 757 1557 in
780 1527 823 1558 P.
854 1526 1036 1558 Ualerium
1058 1526 1230 1558 consulem
1253 1525 1343 1557 sumi
1366 1537 1475 1556 arma.
1520 1525 1703 1558 Ausurum
1728 1535 1763 1555 se
1786 1523 1822 1554 in
1847 1523 2015 1562 tribunis,
2047 1524 2141 1567 quod

257 1583 422 1627 princeps
437 1580 606 1624 familiae
627 1592 709 1611 suae
732 1592 838 1611 ausus
866 1580 902 1611 in
925 1578 1064 1621 regibus
1087 1584 1183 1611 esset.
1227 1578 1320 1609 Idem
1344 1578 1421 1609 ibid.
1448 1579 1485 1609 C.
1509 1579 1628 1610 XIX.=
1671 1576 1818 1608 Tusculi
1839 1581 1920 1608 ante
1940 1589 2044 1620 quam
2064 1577 2140 1608 Ro-

262 1647 338 1668 mae
360 1639 500 1676 sumpta
523 1637 604 1663 sunt
627 1644 736 1664 arma.
780 1633 823 1664 In
847 1632 950 1664 dubio
964 1630 1063 1675 fuit,
1098 1637 1218 1663 utrum
1239 1632 1284 1664 L.
1307 1632 1491 1664 IIIamilius
1519 1631 1739 1663 Tusculanus
1770 1629 1861 1668 dux,
1894 1642 1939 1661 an
1961 1629 2005 1661 P.
2034 1629 2139 1661 Uale-

263 1689 339 1720 rius
363 1693 395 1720 et
418 1687 453 1719 C.
471 1685 639 1716 Claudias
663 1697 745 1717 coss,
768 1685 964 1716 Romanam
985 1697 1100 1716 arcem
1122 1684 1311 1717 liberarent
1317 1697 1330 1724 3
1367 1690 1400 1716 et
1423 1685 1483 1728 qui
1504 1690 1585 1716 ante
1606 1684 1755 1715 Latinos
1788 1695 1829 1714 ne
1845 1695 1914 1726 pro
1943 1695 1978 1715 se
2001 1683 2139 1726 quidem

263 1741 368 1784 ipsis,
395 1751 496 1783 quom
519 1738 555 1769 in
570 1736 709 1780 finibus
732 1738 862 1769 hostem
883 1738 1065 1777 haberent,
1089 1738 1273 1781 adtingere
1294 1750 1394 1770 arma
1416 1739 1514 1782 passi
1536 1750 1673 1775 sumus,
1696 1749 1797 1775 nune,
1822 1737 1891 1767 nisi
1913 1736 2040 1769 Latini
2060 1748 2136 1768 sua

263 1799 415 1836 sponte
444 1803 565 1823 arma
592 1791 902 1833 sumpsissent,
932 1791 1027 1834 capti
1049 1797 1081 1822 et
1104 1791 1208 1823 deleti
1231 1804 1378 1824 eramus.
1423 1791 1558 1822 Tacitus
1580 1790 1668 1821 Hist.
1691 1790 1758 1828 III,
1783 1789 1852 1820 24.:
1883 1789 2005 1832 Igitur
2023 1789 2137 1822 Anto-

264 1846 343 1877 nius
365 1862 407 1869 -
430 1844 539 1876 omnis
567 1856 625 1887 spe
652 1843 899 1886 promissisque
927 1843 1133 1884 accendens,
1167 1857 1228 1877 cur
1260 1845 1336 1877 rari
1366 1845 1591 1887 sumpsissent
1617 1855 1727 1876 arma.
1771 1842 1866 1873 Idem
1890 1842 1971 1873 ibid.
1995 1842 2062 1881 IV,
2086 1841 2134 1873 5.:

264 1898 400 1941 Quippe
423 1902 561 1940 sumpta
579 1907 645 1939 per
668 1894 806 1927 Gallias
829 1896 1092 1940 Hispaniasque
1116 1897 1239 1929 ciuilia
1261 1910 1380 1937 arma,
1408 1899 1510 1930 motis
1532 1897 1580 1928 ad
1601 1896 1726 1928 bellum
1749 1895 1952 1934 Germanis,
1982 1906 2059 1926 mox
2084 1894 2137 1926 Il-

265 1950 384 1991 lyrico,
427 1950 520 1981 Idem
543 1948 622 1980 ibid.
637 1949 682 1987 V,
708 1960 758 1991 9.:
782 1948 876 1980 Dein
897 1950 985 1981 iussi
1009 1963 1031 1982 a
1055 1950 1089 1982 C.
1111 1950 1256 1981 Caesare
1278 1951 1427 1994 effigiem
1449 1951 1522 1982 eius
1546 1951 1582 1982 in
1603 1949 1727 1993 templo
1751 1950 1880 1987 locare,
1900 1959 1999 1979 arma
2015 1948 2137 1990 potius

267 2014 449 2045 sumpsere.
493 2001 585 2033 Idem
610 2001 728 2032 Germ.
756 2001 821 2033 15.:
863 2001 922 2033 Set
944 2015 1043 2034 arma
1070 2015 1202 2034 sumere
1224 2015 1291 2034 non
1313 2008 1394 2035 ante
1417 2004 1579 2047 cuiquam
1600 2003 1726 2041 moris,
1755 2013 1857 2045 quam
1878 2000 2004 2031 ciuitas
2029 1998 2138 2043 suff'e-

266 2058 402 2085 cturum
418 2055 634 2097 probauerit.
679 2054 770 2085 Idem
797 2054 879 2084 ibid.
904 2054 976 2086 lxm:
1000 2055 1084 2087 Non
1107 2055 1196 2086 bella
1219 2056 1357 2093 ineunt,
1381 2068 1448 2087 non
1470 2069 1569 2088 arma
1592 2061 1743 2093 szmzunt,
1766 2054 1922 2084 clausum
1945 2063 2040 2083 omne
2052 2050 2136 2093 fer—-

266 2116 364 2143 runi:
383 2118 455 2148 pax
476 2114 508 2139 et
533 2109 628 2152 quies
652 2113 733 2139 tune
756 2113 891 2138 tantum
914 2113 1006 2139 nota.
1049 2108 1197 2139 Iustinus
1220 2108 1310 2139 Hist.
1334 2108 1377 2147 ΙΙ,
1401 2109 1450 2140 4.:
1474 2109 1614 2141 Horum
1636 2119 1758 2139 uxores
1778 2117 1855 2136 eum
1882 2105 2041 2136 uiderent
2061 2105 2136 2136 exi-

266 2158 314 2189 lio
337 2159 493 2191 additam
517 2156 716 2199 01·b'itatenz„
742 2173 841 2192 arma
863 2166 1022 2199 sumunt3
1036 2159 1196 2204 finisque
1218 2173 1315 2200 suos,
1340 2161 1576 2194 submouentes
1594 2161 1727 2204 prime,
1755 2170 1832 2189 mox
1855 2158 1960 2189 etiam
1982 2158 2018 2189 in
2038 2169 2136 2189 eretz-

267 2215 316 2242 tes
339 2209 446 2249 bella,
477 2213 676 2255 dffendunt.
722 2212 792 2254 Qui
816 2224 943 2244 nexum
966 2213 1197 2254 singulorum,
1230 2225 1312 2255 quos
1336 2214 1457 2254 adtuli,
1487 2215 1641 2245 Iocorum
1662 2210 1929 2252 sententiamque
1950 2210 2135 2242 accuratius

266 2263 497 2305 perspexerit,
531 2264 627 2296 facile
651 2277 735 2307 quae
758 2265 797 2296 de
815 2277 914 2296 sensu
937 2265 1117 2297 locutionis
1140 2278 1273 2298 sumere
1295 2279 1394 2299 arma
1423 2267 1541 2298 monui
1563 2263 1698 2308 probari
1721 2262 1761 2294 iis
1784 2262 1968 2305 intelleget.
2013 2264 2136 2306 Neque

266 2326 350 2346 uero
374 2315 494 2354 timeo,
518 2327 560 2346 ne
584 2317 656 2358 quis
681 2318 802 2349 obiciat
824 2318 925 2357 mihi,
949 2331 1082 2351 sumere
1104 2332 1203 2351 arma
1226 2321 1411 2351 necessario
1435 2319 1498 2350 dici
1524 2318 1659 2355 debere,
1693 2316 1751 2347 ubi
1774 2316 1943 2358 passiuom
1966 2328 2136 2360 usurpan-

268 2366 350 2398 dum
373 2367 431 2408 sit,
458 2378 534 2399 cum
558 2370 636 2411 capi
658 2382 755 2404 arma
778 2371 813 2402 in
835 2377 1033 2414 potestatem
1056 2371 1326 2404 aduersariorum
1350 2371 1468 2404 uenire
1489 2368 1663 2412 significet.
1708 2370 1798 2400 Nam
1820 2369 1848 2401 si
1871 2369 1936 2401 hoc
1959 2374 2132 2409 certumst,
