2264 2746
288 78 472 109 LXXXVI
960 76 1490 106 PROLEGOMENA.

371 158 536 196 Repugnat
557 155 584 183 ei
604 153 797 190 Plutarchus,
820 152 872 190 qni
894 152 925 180 in
948 152 1012 181 uita
1035 153 1117 182 Mari
1139 163 1164 182 c.
1187 153 1216 182 5.
1237 153 1357 182 scribit:
1381 152 1454 184 ὅταν
1473 153 1503 184 δὲ
1525 150 1595 188 τούς
1618 151 1830 193 ἐντιμοτέρους
1853 150 1992 186 glonna,
2014 151 2083 192 περῖ
2103 150 2164 181 τῶν

289 209 398 251 ἱῖὲρῳμ
423 205 514 240 πάλιν
537 206 593 244 τήν
618 208 721 246 ψῆᾳον
741 202 957 245 λαμβάνουσιν.
1001 206 1051 234 Ex
1075 206 1184 244 quibus
1215 206 1318 234 uerbis
1350 208 1510 235 manifesto
1540 207 1744 243 intellegitur,
1782 207 1916 245 primuni
1937 205 2041 235 aedilis
2067 215 2162 233 curu—

290 262 328 290 lis
349 262 499 300 populum
520 268 649 293 creasse,
672 258 776 295 eisque
799 256 910 285 creatis
932 256 1076 283 aedilium
1098 256 1140 293 pl.
1160 256 1375 285 saciundorum
1396 268 1500 286 caussa
1521 259 1550 286 in
1573 258 1746 294 suffragium
1770 258 1874 285 inisse.

364 310 525 347 Repugnat
547 306 656 333 Cicero
678 305 710 332 in
731 315 774 332 or.
796 304 960 332 Planciana
981 304 1014 332 C.
1036 303 1146 331 XXII.
1168 303 1196 343 §.
1216 304 1261 332 53.
1282 306 1434 334 scribens:
1465 307 1632 338 dubitatis,
1654 308 1774 343 inquit,
1796 309 1871 344 quin
1892 305 1982 334 coitio
1994 303 2091 342 sacta
2111 304 2163 338 sit,

289 367 359 386 cum
379 356 476 384 trihus
490 355 656 391 plerasque
675 363 745 380 cum
764 353 868 380 Plotio
889 353 995 380 tulerit
1015 351 1194 379 Plancius?
1213 353 1265 380 An
1287 363 1351 381 ιιηα
1363 354 1442 389 fieri
1456 359 1643 391 potuerunt,
1663 355 1690 381 si
1711 364 1775 381 una
1797 353 1896 381 tribus
1915 363 1976 380 non.
1995 350 2164 380 tulissent?

291 404 377 441 Quae
396 402 488 431 uerba
508 410 563 427 nos
584 405 696 437 cogunt
717 405 867 436 statuere,
888 400 963 427 duos
986 403 1104 426 tantum
1126 409 1187 426 una
1207 399 1316 427 aedilis
1339 407 1456 429 creatos
1478 411 1551 429 esse.

364 451 526 487 Repugnat
547 447 643 483 idem,
671 448 706 476 C.
726 447 821 476 XXI.
841 446 868 486 §.
889 449 934 476 51.
956 447 989 475 C.
1011 446 1145 475 Marium
1167 446 1283 474 duabus
1304 449 1514 478 aedilitatibus
1534 448 1691 486 repulsum
1713 458 1777 477 csse
1799 448 1952 484 seribens3
1979 445 2060 485 quod
2079 449 2163 473 recte

288 498 369 527 uidit
391 494 576 524 Garatonius
598 495 660 523 dici
678 505 742 524 non
762 496 919 534 potuisse,
954 495 979 523 si
1001 505 1060 522 una
1081 494 1253 523 aedilitates
1274 495 1349 523 istac
1369 507 1386 524 a
1405 497 1523 535 populo
1545 497 1716 524 candidatis
1736 496 1892 524 mandatae
1914 499 2022 523 essent.
2060 493 2164 530 Atque

288 546 348 576 hoe
369 545 467 583 ipsum
489 543 648 572 confirmat
668 543 868 580 Plutarchus,
896 555 965 572 eum
984 543 1119 572 Marium
1139 543 1297 571 aedilitate
1325 545 1426 573 curuli
1453 544 1613 583 repulsum
1639 544 1741 572 statim
1768 544 1956 572 aedilitatem
1982 542 2024 582 pl.
2050 541 2164 580 petisse

288 593 394 622 refert.

362 641 527 678 Repugnat
547 638 628 667 idem
648 639 681 667 in
709 645 783 668 orat.
804 639 908 668 Pison.
930 640 963 668 C.
985 639 1008 667 I.
1036 636 1063 677 §.
1087 648 1114 666 2.
1140 637 1295 666 scribens:
1322 640 1375 667 Me
1395 649 1465 666 cam
1485 646 1676 677 quaestorem
1695 641 1729 667 in.
1744 641 1874 676 primis,
1900 638 2030 667 aedilem
2051 637 2166 674 prio-

287 699 381 721 rem,
402 695 580 725 praetorem
601 689 741 723 primam
761 689 882 715 cunctis
907 686 1073 725 suff-agiis
1095 687 1229 722 populus
1248 687 1409 715 Romanus
1428 687 1573 724 faciebat
1602 693 1667 716 etc..
1705 688 1845 716 Minumo
1872 687 1953 714 enim
1977 686 2113 722 priorem
2132 691 2165 710 se

287 736 390 764 dicere
412 740 534 774 poterat
554 735 668 763 sactum
688 735 818 763 aedilem
838 745 912 771 esse,
933 735 959 763 si
980 739 1124 773 quattuor
1145 733 1259 762 aediles
1276 745 1335 762 una
1351 734 1428 763 facti
1449 740 1560 763 esseut.
1590 735 1670 763 Tum
1687 735 1768 762 enim
1785 737 1909 772 primus
1929 737 1980 761 aut
2001 734 2033 761 in
2050 732 2164 769 primis

287 784 418 813 debebat
436 784 534 812 factus
555 783 664 810 aedilis
685 782 757 811 diei.

361 833 408 859 Ac
429 841 553 870 prorsus
575 831 698 868 quidem
720 831 900 858 aduersatur
920 831 963 859 Μ’.
985 830 1125 865 Caelius,
1153 829 1206 867 qui
1227 838 1295 856 cum
1316 827 1495 857 candidatus
1516 836 1595 859 essct
1616 830 1783 858 aedilitatis
1804 828 1936 864 curulis,
1963 827 1999 856 ad
2018 828 2063 856 M.
2084 826 2164 854 Tul-

284 879 362 907 lium
384 878 434 918 (ad
454 879 529 907 Diu.
550 879 649 914 VIII,
674 877 715 917 4.)
742 879 786 906 sie
814 878 954 916 scripsit:
987 879 1059 905 llas
1086 888 1140 914 ego
1162 877 1220 905 tibi
1239 878 1362 905 litteras
1383 888 1415 904 eo
1435 880 1551 906 maiore
1572 880 1642 906 nzisi
1663 878 1844 909 interuallo,
1872 877 1955 914 quod
1972 877 2165 904 comitiorum

285 928 453 955 dilationes
474 929 699 963 occupatiorem
719 936 765 953 me
785 925 949 960 habehant,
971 931 998 953 et
1019 931 1179 962 expectare
1199 926 1233 952 in
1254 924 1318 952 ‹lie-s·
1340 927 1455 954 avitum
1472 925 1629 963 cogebant,
1646 931 1680 952 ul
1699 925 1848 962 confectis
1869 924 2007 952 omnibus
2027 929 2056 951 te
2067 922 2164 960 saee-

285 985 349 1002 rem
369 976 538 1002 certiorem.
576 975 631 1001 ,Ad
648 975 717 1002 Kal.
737 974 817 1002 Sext.
838 984 932 1011 usque
952 974 1122 1010 expectaui.
1161 973 1336 1000 Praetorits
1356 984 1459 1001 morae
1480 974 1633 1011 quaedam
1653 974 1850 1005 meatorum,—
1871 982 1938 999 mea
1953 982 2048 1009 porro
2068 971 2164 998 eomi-

285 1024 333 1051 tia
353 1033 441 1060 quem
462 1029 605 1050 euentum
627 1024 691 1049 sinc
710 1022 869 1054 habitura,
890 1022 1012 1054 nescio,-
1031 1022 1204 1057 opinionem
1224 1020 1358 1058 quidem,
1380 1021 1462 1058 qttocl
1481 1022 1524 1049 ad
1540 1022 1677 1049 Hirrum
1696 1022 1820 1052 attinet,
1840 1019 2052 1047 incredibilem
2071 1017 2164 1046 aedil.

279 1071 327 1108 pl.
348 1072 479 1098 comitiis
500 1076 595 1098 nacta
615 1075 697 1097 sant.
734 1069 784 1096 Ex
804 1080 864 1107 quo
885 1069 971 1104 loco,
991 1073 1026 1096 ut
1046 1067 1126 1095 nihil
1148 1077 1228 1095 nune
1250 1067 1346 1108 dicam
1368 1067 1404 1095 de
1424 1068 1644 1107 repugnantia,
1665 1078 1741 1106 quae
1762 1067 1844 1095 inter
1864 1077 1932 1095 eum
1954 1072 1985 1095 ct
2002 1063 2165 1095 Plutarchi

283 1118 388 1147 locum
413 1118 596 1153 intercedit,
623 1117 683 1145 hoc
712 1122 795 1145 certe
823 1121 967 1155 apparet,
996 1116 1105 1143 aedilis
1133 1114 1273 1153 plebeios
1302 1123 1365 1142 11011
1393 1126 1458 1143 esse
1485 1127 1545 1144 una
1571 1127 1640 1144 eum
1668 1115 1818 1144 aedilibus
1847 1115 2007 1144 curulibus
2035 1117 2162 1142 creatos.

283 1166 388 1205 Atque
409 1166 467 1195 hoc
497 1167 597 1204 ipsum
625 1165 762 1193 ostendit
789 1165 881 1192 etiam
901 1163 964 1191 Dio
987 1163 1108 1191 Cassius
1136 1162 1174 1190 L.
1195 1161 1361 1190 XXXIX.
1389 1172 1414 1191 c.
1435 1164 1480 1192 32.
1507 1174 1535 1202 p.
1555 1163 1618 1191 516.
1644 1163 1690 1190 ed.
1713 1163 1829 1197 Sturz.,
1856 1173 1946 1200 quem
1967 1162 2069 1190 locum
2089 1159 2162 1188 uide

282 1215 325 1243 sis
345 1214 373 1254 §.
393 1216 420 1244 3.
441 1215 591 1250 adlatum,
620 1218 651 1241 et
678 1217 838 1251 praetcrea
866 1211 1016 1250 probatur
1042 1220 1097 1245 co,
1123 1210 1206 1248 quod
1231 1220 1460 1248 nonnumquam
1486 1211 1567 1239 solos
1595 1210 1703 1238 aedilis
1724 1211 1863 1248 plebeios
1883 1211 1980 1239 factos
2001 1219 2082 1245 esse,
2111 1218 2162 1236 ca-

282 1263 443 1301 ruissequc
463 1272 528 1290 rem
547 1272 576 1300 p.
598 1261 767 1289 Romanam
787 1270 844 1298 per
866 1269 958 1287 unum
984 1258 1124 1297 plurisue
1151 1267 1245 1285 annos
1273 1257 1426 1285 aedilibus
1453 1258 1613 1287 curulibus
1634 1259 1757 1286 scimus.
1797 1258 1859 1286 Cfr.
1885 1259 2010 1286 Sueton.
2037 1256 2071 1285 in
2097 1255 2163 1283 uita

283 1310 318 1339 C.
340 1310 402 1338 Iuli
422 1311 506 1339 Caes.
528 1319 553 1337 c.
575 1308 634 1344 76.:
668 1308 807 1336 Tertiam
827 1314 855 1335 et
876 1313 1024 1345 quartum
1044 1308 1241 1334 consulatum
1261 1306 1352 1333 titulo
1373 1311 1464 1334 lenus
1479 1309 1592 1344 gessit,
1624 1313 1787 1335 contenta-5
1806 1306 1982 1334 dictaturae
1996 1309 2162 1343 potestate,

283 1359 423 1387 decretae
443 1369 513 1386 cam
532 1356 744 1385 consulatibus
770 1356 883 1388 simul;
908 1361 1001 1393 atque
1021 1360 1149 1392 utroque
1169 1364 1251 1381 anno
1271 1353 1359 1381 binos
1379 1354 1517 1382 eonsules
1537 1353 1698 1382 substituit
1717 1353 1777 1381 sibi
1797 1356 1831 1381 in
1851 1360 1951 1382 ternos
1971 1354 2162 1382 nouissumos

281 1408 412 1439 mensis,
432 1407 479 1434 ita
499 1411 534 1432 at
554 1403 653 1432 medio
676 1409 809 1440 tempore
829 1404 955 1430 comitia
976 1402 1063 1429 nulla
1084 1400 1230 1429 hahuerit
1244 1406 1374 1438 praeter
1394 1401 1590 1430 tribunorum
1611 1408 1638 1429 et
1659 1402 1809 1430 aedilium
1825 1402 1924 1440 plebis
1932 1412 1945 1435 ;
1967 1399 2160 1438 praefectos-

281 1464 340 1492 que
364 1463 420 1489 pro
441 1451 641 1490 praetoribus
668 1452 879 1485 constituerit,
909 1451 964 1488 qai
983 1455 1148 1486 praesente
1176 1460 1208 1477 se
1235 1459 1283 1477 res
1315 1447 1453 1476 urbanas
1481 1449 1748 1478 administrarent.
1778 1450 1842 1478 Cfr.
1877 1450 1969 1478 etiam
1997 1447 2160 1476 Schubcrt.

280 1510 312 1538 p.
336 1501 407 1529 185..
447 1500 557 1537 Neque
577 1499 650 1527 huie
670 1498 717 1526 rei
738 1497 917 1526 aduersatur
936 1496 1041 1524 tabula
1061 1497 1296 1532 IIeraeleensis;
1329 1505 1399 1523 nam
1419 1496 1445 1523 si
1465 1506 1528 1524 non
1550 1502 1635 1524 erant
1656 1497 1729 1525 facti
1750 1498 1862 1526 aediles
1884 1497 2021 1532 curules,
2049 1504 2105 1534 per
2126 1503 2159 1522 se

280 1547 491 1585 intellegitur,
512 1547 619 1575 aedilis
640 1546 779 1584 plebeios
801 1556 907 1574 eorum
927 1555 1053 1573 munera
1073 1545 1229 1582 suscipere
1251 1544 1400 1572 debuisse.
1441 1544 1541 1580 Quid,
1570 1545 1651 1582 quod
1671 1546 1839 1574 serim-ibus
1862 1544 2054 1584 temporibus
2076 1541 2160 1571 acci-

281 1595 344 1630 dit,
371 1599 406 1623 ut
425 1594 520 1622 nullis
543 1593 669 1622 omnino
695 1594 847 1622 aedilibus
874 1593 984 1622 creatis
1004 1597 1163 1631 praetores
1185 1597 1215 1620 et
1233 1591 1355 1620 tribuni
1374 1591 1417 1630 pl.
1438 1592 1564 1620 illorum
1584 1593 1688 1621 munia
1708 1599 1946 1632 exequerentur.
1973 1593 2037 1622 Cfr.
2058 1591 2159 1620 Schu-

280 1642 358 1670 bert.
378 1652 409 1680 p.
428 1645 503 1680 209⁴..

356 1689 569 1717 Nihilominus
590 1689 623 1717 in
651 1688 875 1717 consuetudine
895 1687 955 1716 hoe
975 1688 1186 1716 Romanorum
1206 1686 1342 1724 positum
1362 1686 1459 1715 fuisse
1479 1687 1630 1724 arbitror,
1664 1694 1699 1717 ut
1718 1699 1779 1717 uno
1801 1689 1969 1727 eodemque
1989 1687 2039 1716 die
2059 1686 2156 1715 isdem

283 1737 417 1765 comitiis
438 1737 552 1766 aediles
573 1737 694 1765 curules
721 1742 752 1765 ct
780 1737 894 1765 aediles
914 1737 1018 1775 plebei
1039 1739 1235 1769 crearentur,
1265 1734 1308 1762 ita
1328 1739 1445 1770 tamen,
1473 1740 1507 1763 ut
1526 1736 1660 1774 primum
1681 1737 1827 1765 aedilium
1848 1737 2017 1771 curulium,
2044 1734 2156 1762 deinde

282 1785 428 1813 aedilium
448 1785 642 1824 plebeiorum
663 1784 864 1812 creandorum
885 1794 988 1812 caussa
1007 1783 1141 1822 populus
1162 1783 1194 1810 in
1215 1782 1389 1820 suffragium
1410 1783 1602 1819 mitteretur,
1623 1789 1670 1820 et,
1690 1784 1715 1812 si
1736 1785 1818 1813 forte
1838 1785 1981 1813 aedilium
2002 1782 2157 1811 curulium

284 1833 399 1861 creatio
420 1843 482 1860 non
502 1838 567 1861 rata
593 1837 658 1860 erat
684 1837 735 1860 aut
756 1832 816 1860 alia
837 1832 873 1859 dc
893 1842 997 1859 caussa
1017 1830 1085 1858 ficri
1111 1841 1174 1858 11011
1201 1830 1322 1868 potuit,
1357 1836 1459 1859 tamen
1487 1838 1571 1860 certo
1600 1832 1651 1859 (lic
1678 1833 1791 1860 aediles
1818 1833 1860 1870 pl.
1887 1832 1997 1860 fierent
2023 1830 2156 1868 ideoque

284 1885 392 1908 contra
410 1880 564 1917 uolgarem
585 1879 840 1907 consuetudinem
868 1885 938 1907 ante
959 1878 1067 1906 aedilis
1095 1878 1211 1906 eurulis
1239 1878 1480 1915 designarentur.
1521 1880 1600 1908 Nam
1624 1880 1702 1909 hane
1721 1885 1756 1908 ut
1776 1880 1972 1908 comitiorum
1992 1879 2154 1907 aedilicio-

282 1938 350 1955 ruln
370 1927 521 1955 rationem
541 1928 636 1955 fnisse
656 1933 840 1963 statuamus,
868 1932 898 1956 et
918 1926 1102 1955 Plutarchus
1129 1925 1161 1953 in
1190 1925 1253 1953 uita
1273 1925 1354 1954 Mari
1375 1936 1400 1954 c.
1421 1927 1446 1954 5.
1468 1937 1523 1954 nos
1545 1928 1641 1965 cogit,
1670 1934 1700 1956 et
1719 1930 1762 1957 M.
1784 1928 1869 1957 Caeli
1891 1928 2021 1967 epistola
2040 1927 2077 1955 ad
2098 1927 2155 1956 Ci-

284 1984 427 2002 ceronem
456 1974 526 2012 (Ep.
556 1975 591 2003 ad
618 1975 691 2003 Diu.
713 1975 810 2010 VIII,
835 1973 877 2013 4.)
904 1975 1029 2013 scripta.
1068 1973 1268 2002 Plutarchum
1297 1974 1377 2002 enim
1399 1975 1621 2004 manifestumst
1648 1976 1680 2004 id
1706 1985 1809 2013 agere,
1836 1981 1870 2004 ut
1899 1986 1974 2014 quae
1994 1976 2152 2004 sollemnis

281 2022 362 2050 Mari
386 2028 524 2060 tempore
544 2022 740 2052 comitiorum
760 2023 886 2052 illorum
905 2023 985 2052 ratio
1005 2022 1119 2059 fuerit,
1145 2022 1310 2060 diligenter
1335 2023 1468 2060 referat3
1494 2024 1538 2052 M.
1560 2024 1682 2052 Caelius
1702 2028 1802 2052 autem
1823 2023 1935 2052 diserte
1956 2023 2079 2052 comitia
2099 2034 2153 2054 sua

281 2068 375 2097 dilata
393 2069 487 2098 fuisse
506 2075 620 2098 monet.

1177 2181 1204 2222 ς.
1225 2189 1250 2215 3.

483 2253 521 2287 A
557 2266 638 2298 quo
669 2253 858 2285 comitia
887 2254 1118 2287 aedilibus
1149 2255 1384 2288 curulibus
1414 2255 1620 2287 creandis
1655 2255 1810 2287 habita
1839 2256 1942 2287 siat.

354 2345 517 2384 Quotquot
535 2350 655 2373 ueteres
676 2350 842 2383 scriptores
863 2347 1052 2376 mentionem
1071 2346 1189 2376 faciunt
1210 2358 1333 2384 eorum,
1364 2346 1417 2386 qui
1438 2345 1574 2374 comitiis
1591 2345 1742 2374 aediliciis
1762 2347 1970 2385 praefuerint,
1997 2346 2034 2375 ad
2052 2356 2146 2375 unum

280 2403 385 2422 onmes
405 2403 422 2420 a
442 2391 619 2420 consulibus
640 2402 674 2420 ea
693 2391 797 2421 habita
817 2403 880 2421 esse
901 2395 1036 2424 tradunt.
