2264 2746
391 95 415 124 P
427 94 455 122 R
466 93 493 122 O
531 94 554 123 C
564 93 604 123 N.
631 93 691 123 PL
701 92 770 122 AN
779 93 803 123 C
812 93 827 122 I
837 93 875 123 O.
910 93 968 124 CA
977 94 1011 124 P.
1039 93 1219 125 XXXVII.
1247 95 1444 126 XXXVIII.
1470 96 1636 127 XXXIX.
1917 108 1953 134 53

73 170 172 210 blica,
211 169 269 213 qui
295 168 347 201 fui
367 180 519 212 semper:
555 175 714 200 tamenne
742 168 934 202 libertatem
962 170 1115 212 requires
1138 172 1273 204 meam?
1311 183 1412 214 quam
1434 179 1471 204 tu
1492 174 1591 216 ponis
1616 174 1651 205 in
1674 186 1729 215 e0,
1768 175 1797 207 si
1819 188 1953 220 semper

72 236 148 256 cum
172 223 231 263 iis,
268 222 469 265 quibuscum
492 221 672 264 aliquando
696 223 949 263 contendimus,
988 223 1231 266 depugnemus.
1277 225 1381 266 Quod
1404 232 1453 257 est
1477 226 1576 269 longe
1601 239 1712 259 secus:
1750 235 1838 260 stare
1862 231 1953 262 enim

71 289 188 309 omnes
211 277 371 308 debemus
394 282 567 317 tamquam
590 275 625 306 in
649 275 731 306 orbe
754 276 867 317 aliquo
891 277 942 308 rei
964 277 1129 320 publicae,
1154 278 1212 320 qui
1236 279 1396 321 quoniam
1423 286 1588 320 uersatur,
1613 292 1686 312 eam
1699 281 1847 324 deligere
1872 294 1953 326 par-

69 336 157 370 tem,
181 330 222 361 ad
248 341 348 372 quam
371 341 432 360 nos
455 328 547 360 illius
571 328 698 361 utilitas
721 329 878 371 salusque
902 330 1120 363 conuerterit.

154 398 329 430 XXXIX.
374 396 446 438 Ego
480 401 593 426 autem
627 396 689 427 Cn.
722 396 941 439 Pompeium,
981 410 1050 429 non
1079 397 1153 429 dico
1177 404 1370 438 auctorem,
1411 399 1550 441 ducem,
1589 400 1802 434 defensorem
1838 403 1954 436 salutis

68 463 178 483 meae:
214 462 291 481 nam
320 449 401 480 haec
431 448 593 491 priuatim
625 447 767 481 fortasse
796 450 985 482 officiorum
1013 450 1214 482 memoriam
1244 457 1277 482 et
1308 452 1449 493 gratiam
1484 460 1668 495 quaerunt:
1707 461 1757 486 set
1780 455 1853 487 dico
1877 456 1952 497 hoc,

70 505 162 547 quod
185 503 226 535 ad
249 502 392 535 salutem
415 500 466 532 rei
488 501 643 544 publicae
665 501 831 545 pertinet:
871 515 932 545 ego
952 515 1030 534 eum
1050 515 1119 534 non
1142 509 1254 543 tuear,
1286 515 1387 545 quem
1409 518 1524 537 omues
1549 507 1583 538 iu
1608 520 1643 538 re
1666 508 1801 551 publica
1823 509 1954 551 princi-

67 569 148 601 pem
171 568 241 589 esse
265 554 477 587 concedunt?
511 565 572 596 ego
598 556 634 586 C.
660 555 810 586 Caesaris
832 555 987 587 laudibus
1012 556 1139 595 desim,
1173 567 1253 597 quas
1276 557 1428 600 primum
1452 559 1571 600 populi
1595 560 1760 601 Romani,
1791 573 1880 592 nunc
1901 568 1954 593 et-

68 610 136 641 iam
158 615 306 648 senatus,
338 607 392 639 cui
415 619 470 639 me
492 618 627 649 semper
649 607 785 647 addixi,
826 609 995 651 plurumis
1019 615 1119 651 atque
1142 609 1371 651 amplissumis
1394 609 1528 641 iudiciis
1551 612 1685 644 uideam
1710 626 1779 645 esse
1804 615 1954 646 celebra-

67 663 163 695 tas‘?'
188 662 279 693 Tum
308 660 447 692 hercule
477 671 532 691 me
565 660 726 692 confitear
755 673 824 692 non
854 661 1019 692 iudicium
1047 660 1184 703 aliquod
1214 662 1370 694 habuisse
1394 663 1435 693 de
1458 662 1509 693 rei
1531 664 1686 705 publicae
1708 667 1870 707 utilitate,
1904 674 1954 699 set

67 715 262 748 hominibus
299 713 446 744 amicum
474 719 531 744 aut
561 713 738 745 inimicum
760 713 874 746 fuisse.
919 714 994 753 An,
1029 725 1105 745 eum
1129 713 1264 745 uideam
1286 727 1410 747 nauem
1431 716 1586 747 secundis
1610 718 1719 749 uentis
1742 731 1877 751 cursum
1901 727 1998 755 te-9l1

66 774 205 800 nentem
227 779 344 805 suum,
379 767 407 798 si
429 777 499 797 nou
524 778 601 798 eum
622 773 715 809 petat
736 773 896 810 portum,
934 778 1036 809 quem
1062 778 1122 809 ego
1146 767 1329 810 aliquando
1352 769 1514 811 probaui,
1551 775 1601 800 set
1623 770 1729 801 alium
1750 782 1819 802 non
1842 773 1954 805 minus

67 827 181 853 tutum
204 826 304 862 atque
328 819 570 861 tranquillum,
595 831 671 850 cum
694 826 893 863 tempestate
915 831 1063 862 pugnem
1087 820 1278 862 periculose
1303 822 1436 865 potius,
1471 834 1572 864 quam
1596 823 1647 854 illi
1670 823 1777 854 salute
1799 835 1955 865 praeser-

68 874 130 906 tim
155 873 331 916 proposita
354 873 586 915 obtemperem
607 877 642 902 et
656 874 817 913 paream?
859 873 932 915 Ego
956 884 1039 903 uero
1062 873 1144 904 haec
1169 873 1282 914 didici,
1306 875 1388 906 haec
1411 874 1493 913 uidi,
1517 875 1599 906 haec
1621 876 1746 918 scripta
1768 875 1851 918 legi3
1875 878 1955 909 haec

69 927 110 958 de
133 925 398 969 sapientissumis
423 930 456 955 et
477 924 680 956 clarissumis
704 924 788 956 uiris
812 931 846 957 et
866 925 902 956 in
924 925 986 956 hac
1011 937 1048 956 re
1070 926 1204 968 publica
1229 933 1261 958 et
1284 927 1319 959 in
1342 928 1415 960 aliis
1436 928 1626 960 ciuitatibus
1650 935 1870 960 monumenta
1892 942 1956 961 no-

66 980 117 1011 bis
143 980 302 1021 [litterae]
327 977 563 1021 prodiderunt,
589 989 659 1009 non
684 988 819 1020 semper
841 977 975 1010 easdem
995 978 1178 1010 sententias
1201 979 1240 1010 ab
1257 979 1395 1021 eisdem,
1419 987 1470 1012 set
1488 993 1716 1024 quascumque
1738 983 1789 1013 rei
1802 983 1956 1025 publicae

141 1138 188 1167 fui
208 1137 340 1176 semper)
362 1137 418 1173 La,
440 1137 499 1172 Lb,
520 1140 551 1165 et
570 1137 613 1165 Pa
632 1147 750 1174 semper
761 1136 829 1175 fui.
848 1150 887 1158 —-
925 1141 1067 1166 tamenne
1096 1137 1284 1178 libertatem)
1310 1147 1337 1177 ψ
1356 1146 1500 1169 tamenne
1520 1146 1554 1168 tu
1574 1141 1756 1169 libertatem.
1775 1157 1814 1162 —
1850 1143 1956 1181 requi-

68 1185 129 1224 res)
150 1187 203 1215 Ma
225 1191 255 1214 et
275 1186 307 1213 H
327 1187 486 1222 requiam,
512 1185 542 1212 D
563 1186 710 1223 inquires:
730 1199 767 1206 —-
807 1184 860 1223 qui
886 1184 1030 1223 quoniam
1051 1186 1205 1223 uersatur)
1232 1188 1277 1215 Pb
1299 1192 1329 1215 et
1348 1189 1389 1217 Pc
1418 1191 1472 1227 qni
1485 1190 1542 1226 sni
1561 1200 1678 1226 semper
1699 1195 1842 1218 tamenne
1862 1191 1955 1219 liber-

68 1240 164 1262 talem
181 1235 328 1271 quoniam
350 1238 499 1261 uer-setar.
518 1247 557 1253 —
594 1231 748 1272 uersatur)
770 1233 821 1262 Sic
843 1233 876 1269 B,
898 1233 935 1268 E,
957 1237 988 1261 ct
1007 1233 1065 1270 Pa;
1088 1235 1183 1263 ceteri
1204 1241 1354 1265 uersetur.
1368 1251 1406 1259 ·—-
1445 1236 1593 1275 deligere)
1612 1238 1647 1273 B,
1667 1238 1733 1273 Mb,
1754 1238 1809 1274 La,
1828 1238 1884 1275 Pb,
1904 1240 1955 1275 Pe,

35 1301 37 1305 Α
69 1281 103 1317 C,
124 1286 155 1310 et
174 1282 207 1309 H
229 1281 382 1319 (liligere;
401 1281 454 1310 Ma
473 1281 594 1318 eligere.
614 1295 652 1302 —-·

144 1344 178 1373 C.
198 1343 364 1372 XXXIX.
385 1341 579 1381 Pompeium)
599 1342 651 1370 Ma
666 1351 769 1379 pom.,
788 1341 821 1370 H
840 1344 996 1381 Pompeio.
1016 1359 1055 1364 —
1094 1344 1219 1380 ducem,
1241 1344 1370 1385 defens.)
1390 1346 1437 1375 La
1457 1346 1664 1385 defensorem,
1693 1346 1814 1383 (lucem,
1842 1350 1884 1378 Pa
1903 1349 1958 1377 secl

69 1393 193 1427 ducem,
214 1392 419 1429 ‹lesen-sorem,
444 1393 497 1420 Ma
517 1391 631 1418 ‹lm-nm
651 1389 859 1426 dzfensorem,
886 1400 905 1422 ς
925 1392 1124 1430 (Issen-sorem.
1144 1408 1182 1414 —
1221 1397 1251 1420 et
1273 1393 1400 1431 gratiam
1421 1393 1585 1432 quaerunt)
1608 1394 1632 1421 B
1653 1401 1808 1432 quaerunt
1828 1402 1855 1424 et
1873 1407 1954 1433 gra-

71 1443 158 1468 tiam.
177 1455 216 1462 ·-
255 1439 418 1478 quaerunt)
439 1439 485 1466 La
506 1448 574 1466 cum
595 1436 631 1474 gl.
653 1439 792 1475 quaerit,
818 1438 865 1466 Lc
889 1444 921 1467 et
940 1440 972 1467 H
994 1442 1124 1478 qaaerit.
1143 1455 1183 1459 —
1221 1439 1290 1467 dico
1311 1439 1384 1479 hoc)
1405 1442 1431 1469 E
1452 1442 1509 1470 lzoc
1530 1443 1607 1471 clleo.
1627 1458 1664 1463 ·—
1704 1440 1752 1478 ad)
1779 1443 1821 1471 Pa
1842 1454 1898 1471 om.
1918 1459 1955 1465 -

70 1487 207 1526 pertinet
226 1503 264 1510 -·
283 1498 317 1516 re
336 1486 379 1526 p.)
400 1488 453 1522 Pb,
476 1487 528 1521 Pc,
550 1485 588 1521 O,
610 1489 641 1513 et
661 1495 679 1516 ς
700 1496 757 1514 om.
776 1501 815 1508 -
853 1488 935 1527 euni)
955 1489 995 1517 Pa
1015 1490 1106 1517 enim.
1126 1503 1163 1509 —
1200 1498 1235 1516 re
1254 1487 1296 1527 p.)
1316 1488 1365 1516 Lb
1387 1494 1418 1517 et
1438 1497 1464 1527 ψ
1481 1501 1546 1518 rem
1560 1501 1610 1528 p..
1630 1504 1668 1510 -

145 1539 190 1579 C.)
210 1542 249 1569 Pc
271 1541 322 1576 G.‚
350 1541 403 1568 Ma
422 1540 477 1568 L..
497 1554 535 1560 —-
574 1537 683 1576 desim)
711 1539 753 1567 Pa
773 1544 804 1568 et
825 1539 849 1568 C
871 1541 984 1569 desum.
1004 1556 1041 1563 ·—·
1079 1540 1164 1581 quas)
1191 1542 1238 1570 La
1260 1544 1312 1570 cui
1333 1551 1402 1569 cum
1423 1542 1461 1580 gl.
1483 1554 1577 1581 quas,
1605 1543 1664 1578 Lb,
1685 1543 1735 1578 Pa,
1758 1543 1812 1578 Pb,
1834 1543 1872 1579 G,
1892 1544 1954 1580 Bn,

70 1589 105 1624 C,
125 1593 156 1616 et
175 1588 213 1626 χ5
241 1589 303 1626 qui.
322 1603 360 1608 --
397 1587 532 1626 primum
552 1602 590 1607 —-
611 1586 728 1625 addixi)
755 1587 797 1615 Pa
818 1590 957 1626 primum
977 1599 1062 1616 nune
1081 1592 1177 1618 etiam
1191 1591 1304 1628 populi
1324 1590 1457 1619 Romani
1477 1593 1528 1619 ειιί
1547 1598 1673 1620 senatus
1692 1602 1809 1628 semper
1829 1602 1875 1619 me
1896 1593 1955 1620 ad-

69 1637 146 1665 dixi,
166 1651 203 1657 -—-
240 1635 350 1674 populi
370 1633 419 1673 R.)
442 1636 474 1663 H
488 1635 624 1676 populns
644 1635 815 1663 Romanus.
835 1651 874 1656 —
910 1645 993 1664 nunc
1013 1652 1052 1657 —-
1072 1637 1206 1677 sempor)
1228 1638 1251 1666 C
1274 1649 1336 1666 non
1355 1648 1402 1666 nze
1422 1640 1474 1666 cni
1492 1649 1610 1675 semper
1629 1644 1762 1666 senatus.
1776 1654 1814 1659 --
1851 1639 1955 1678 etiam)

69 1685 119 1713 Lb
141 1690 193 1712 est.
212 1698 251 1704 ·—
290 1682 407 1720 addixi)
433 1683 479 1710 La
500 1692 568 1710 cum
589 1681 627 1719 gl.
649 1681 806 1719 ohligant,
838 1682 894 1719 Pb,
916 1684 968 1718 Pe,
989 1689 1019 1712 et
1044 1683 1071 1711 O
1093 1686 1228 1722 addis-tt,
1265 1686 1302 1724 23
1329 1686 1413 1713 addi.
1433 1701 1471 1707 ·-—·
1509 1685 1642 1723 uideam)
1670 1687 1721 1713 Mc
1749 1688 1896 1715 uideram.
1916 1702 1954 1708 —

69 1730 250 1768 celebratas)
271 1730 294 1758 C
315 1730 512 1758 celebratum.
528 1744 566 1751 -‹
603 1729 731 1757 hercule
752 1729 812 1769 me)
833 1731 876 1758 Pa
889 1730 1075 1767 mehercule,
1097 1732 1126 1759 D
1148 1734 1249 1761 ercule
1268 1743 1322 1761 me.
1337 1749 1374 1754 —
1412 1744 1460 1762 me
1481 1732 1639 1768 confitear)
1660 1735 1712 1762 Ma
1731 1744 1777 1761 me
1796 1735 1952 1771 confiteor,

71 1780 118 1808 La
139 1783 169 1808 et
189 1778 238 1806 Lh
259 1779 409 1813 confitear
429 1788 484 1806 me.
502 1792 540 1798 --
576 1776 623 1805 rei
643 1787 674 1814 p.
695 1776 843 1816 utilitate)
863 1778 890 1807 E
911 1780 1049 1807 uttlttate
1068 1781 1115 1808 rei
1128 1792 1178 1818 p..
1197 1796 1236 1801 -
1273 1780 1464 1820 hominibus)
1484 1783 1536 1811 Ma
1557 1787 1586 1809 et
1607 1782 1644 1819 23
1665 1780 1810 1809 omnibns.
1830 1797 1868 1802 -—-

146 1839 173 1881 §.
193 1841 238 1878 94.
259 1839 414 1877 secundis)
440 1839 470 1866 D
492 1840 583 1874 seris,
614 1843 661 1866 set
680 1849 772 1877 marg.
793 1840 854 1869 ads.
876 1841 934 1869 alit
952 1843 1102 1871 secundis.
1121 1858 1160 1865 ——-
1197 1842 1368 1883 tenentem)
1387 1845 1439 1872 Ma
1459 1855 1518 1873 om.
1538 1859 1576 1864 —
1612 1842 1651 1880 si)
1672 1843 1715 1870 Pa
1732 1844 1792 1871 Sed.
1811 1859 1850 1864 —·
1889 1855 1953 1873 non

72 1900 142 1918 cum
161 1889 258 1928 petat)
283 1888 346 1923 Ma,
374 1887 440 1922 Mb,
467 1891 497 1914 et
518 1885 563 1913 Le
585 1896 646 1914 non
666 1896 702 1914 etz
722 1898 792 1915 eam
807 1893 916 1926 petat,
953 1894 984 1917 ct
1003 1890 1046 1918 sic
1068 1901 1104 1918 ea
1125 1891 1217 1920 etiam
1238 1892 1271 1920 in
1291 1893 1338 1921 La
1358 1902 1424 1930 sup.
1448 1903 1516 1919 enm
1536 1891 1657 1929 script.;
1689 1901 1708 1922 ς
1728 1896 1759 1919 et
1777 1901 1812 1929 χι
1835 1902 1897 1919 non
1917 1903 1953 1921 ea

72 1948 143 1966 cum
157 1943 270 1975 petat;
304 1936 346 1964 Pa
366 1945 428 1962 non
447 1939 598 1971 conpetat.
620 1949 657 1955 —-
694 1934 761 1973 ego)
781 1936 822 1963 Fl
846 1946 904 1965 om.
924 1952 963 1958 —-
1000 1938 1144 1977 probaui)
1164 1939 1190 1967 E
1208 1939 1348 1977 probari.
1369 1956 1406 1961 —
1444 1939 1546 1977 atquc)
1574 1940 1617 1967 Lc
1637 1949 1683 1968 ae.
1702 1954 1740 1960 --
1778 1939 1838 1978 illi)
1865 1940 1890 1968 Ε
1912 1942 1952 1969 il-

74 1986 144 2014 lins.
163 1999 201 2006 ·-—
238 1981 348 2022 salute)
372 1981 396 2010 C
416 1983 557 2010 salutem.
576 1996 615 2001 —
652 1982 824 2022 proposita)
851 1983 877 2012 C
891 1988 1096 2023 propositam.
1116 2001 1155 2007 -——-
1191 1986 1326 2026 paream)
1353 1988 1377 2016 C
1392 1998 1529 2025 peream.
1549 2003 1586 2009 —-
1622 1996 1752 2025 paream.
1778 1986 1844 2024 Ego
1864 1987 1952 2027 uero)

75 2032 126 2060 Sic
152 2032 187 2067 B,
213 2032 250 2068 E,
275 2032 336 2066 Ma,
356 2031 422 2066 Mb,
444 2031 506 2065 Mc,
533 2029 588 2064 La,
610 2029 668 2064 Lb,
689 2029 744 2065 Lc,
771 2031 822 2066 Pa,
842 2031 883 2067 D,
905 2032 944 2069 G,
964 2039 995 2062 et
1016 2034 1093 2071 Ox.3
1127 2034 1222 2062 ceteri
1245 2046 1386 2072 paream.
1414 2035 1523 2073 *Neque
1543 2037 1624 2063 enim
1643 2036 1849 2063 inconstantis
1863 2041 1951 2073 puto,

74 2080 258 2107 sententiam
283 2085 443 2116 tamquam
471 2078 601 2115 aliquod
625 2079 791 2115 nauigium
818 2085 911 2117 atque
937 2092 1062 2109 cursum
1090 2093 1125 2110 ex
1145 2084 1191 2110 rei
1204 2082 1353 2119 publicae
1378 2088 1556 2120 tempestate
1576 2082 1737 2110 moderari.
1776 2083 1840 2121 Ego
1860 2094 1952 2119 uero;

76 2126 108 2154 iu
137 2126 166 2153 G
192 2130 292 2154 tamen
317 2125 449 2164 margini
473 2125 644 2164 adscripta,
677 2136 753 2164 quae
779 2126 912 2164 omittit,
939 2129 1035 2157 uerba
1060 2134 1132 2158 sunt
1161 2139 1231 2158 cum
1256 2129 1312 2158 hac
1339 2130 1598 2169 praescriptione:
1619 2130 1705 2157 Idem
1726 2139 1786 2167 pro
1814 2131 1951 2160 Cornelio

76 2173 183 2202 Balbo.
201 2188 241 2193 -

151 2224 238 2263 haec)
260 2225 284 2253 C
304 2225 368 2254 hoc.
386 2241 425 2248 -
462 2225 571 2264 didici)
590 2225 645 2255 Mb
667 2236 732 2263 om,
760 2232 807 2256 set
826 2239 842 2256 a
861 2238 899 2257 m.
920 2238 980 2257 sec.
1001 2229 1152 2267 additum3
1187 2231 1225 2269 23
1246 2231 1315 2260 (lici.
1334 2246 1374 2252 —-
1411 2230 1498 2270 haec)
1518 2231 1542 2259 C
1563 2230 1628 2259 hoc.
1646 2245 1682 2253 ·—-
1720 2229 1796 2259 haec
1816 2241 1856 2260 sc.
1877 2231 1951 2271 legi)

79 2274 121 2301 Pa
140 2272 216 2301 haec
236 2274 299 2310 legi
317 2275 451 2311 scripta,
477 2274 502 2303 C
524 2285 581 2303 om.
601 2289 639 2296 ·—-
676 2280 707 2303 et
726 2275 812 2315 clar.)
831 2277 873 2305 Pa
893 2282 985 2315 atque
1006 2279 1094 2306 clar..
1113 2293 1149 2298 —
1190 2277 1270 2317 aliis)
1290 2279 1315 2307 C
1335 2281 1407 2308 altis
1427 2281 1541 2308 multis.
1560 2294 1598 2299 -—-
1634 2278 1724 2307 nobis
1745 2278 1880 2318 litterae)
1900 2281 1952 2308 ,Ma

79 2326 109 2349 et
130 2320 176 2348 Lc
196 2321 317 2348 litterae
338 2321 432 2351 nohis.
450 2337 489 2343 ·—
526 2322 743 2362 prodiderunt)
769 2324 816 2352 La
839 2334 907 2352 cum
927 2324 965 2361 gl.
982 2326 1141 2361 prodiere,
1168 2325 1214 2353 Lc
1231 2326 1404 2362 prodidere.
1422 2342 1458 2349 —
1498 2326 1630 2366 easdem)
1649 2335 1675 2365 ‘ip
1689 2338 1749 2365 per
1769 2327 1895 2355 easdem.
1914 2342 1952 2348 —

79 2367 205 2406 eisdem)
232 2366 282 2394 Sic
310 2368 354 2404 E,
382 2369 449 2405 Ma,
474 2370 546 2405 Mb,
566 2371 634 2406 Mc,
662 2370 728 2406 Lb,
749 2371 812 2408 Le,
839 2372 886 2408 D,
908 2372 953 2408 O,
975 2372 1015 2408 C,
1037 2378 1066 2402 et
1086 2374 1132 2409 H3
1170 2372 1207 2401 de
1234 2373 1258 2401 B
1284 2377 1417 2412 tacetur3
1453 2375 1548 2404 ceteri
1576 2375 1692 2403 iisdem.
1720 2389 1758 2395 —
1795 2372 1952 2411 publicae)

78 2417 130 2444 Ma
149 2425 208 2443 om.
229 2429 265 2434 —
