2264 2746
622 98 647 128 G
666 98 695 127 A
715 99 753 128 P.
792 98 952 127 XXXIII.
980 96 1007 138 §.
1027 102 1073 130 81.
1094 112 1130 119 -
1150 97 1312 126 XXXIV.
1339 95 1364 136 5.
1385 101 1431 129 83-
1905 103 1959 130 203

174 174 251 214 Quo
273 174 387 206 minus
406 186 459 207 me
480 180 566 218 aput
589 187 650 207 nos
671 174 788 206 ualere
810 173 994 217 oporteret)
1038 172 1216 205 NVeiskius
1242 184 1303 215 pro
1327 177 1497 216 oporteret
1518 170 1610 213 lego,
1639 170 1764 213 inquit,
1796 179 1960 216 oportere.

90 226 201 265 „Sine
224 237 352 258 caussa:
384 238 461 258 nam
486 240 551 270 quo
573 228 688 260 minus
709 244 749 251 —
774 233 942 270 oporteret
977 227 1142 258 inuidiosa
1174 232 1223 256 est
1257 224 1488 268 interpretatio
1517 225 1642 265 aculei,
1674 237 1740 267 quo
1764 225 1956 257 Laterensis

91 290 185 319 eum,
212 279 289 310 illut
310 279 420 311 (1166115
446 292 508 312 uos
528 298 570 303 —
592 280 764 323 litigiosos
787 293 874 319 esse,
897 286 1102 323 pupugerat3
1129 291 1197 310 non
1221 279 1325 322 ipsius
1347 277 1517 310 aduersari
1540 278 1656 311 oratio.
1667 281 1687 297 ‘⁶
1732 278 1934 310 ORELLIUS.

831 393 859 426 C
887 391 918 427 A
944 393 992 426 P.
1039 392 1218 427 XXXIV.

177 479 207 520 §.
231 479 282 510 83.
332 480 380 511 Te
409 480 537 512 idcirco
566 481 602 512 in
632 480 732 512 ludos
759 492 916 512 caussam
945 481 1073 513 coicere
1102 479 1266 523 noluisse)
1334 480 1398 512 Pro
1424 481 1523 512 ludos
1551 479 1673 511 uitiose
1698 478 1776 510 libri
1802 478 1955 521 plerique

88 531 190 562 locos.
233 532 349 572 „Quis
380 532 508 563 dubitet
537 533 636 565 ludos
665 533 845 575 legendum
875 545 962 573 6556,
998 532 1153 564 611·6611515
1177 532 1353 571 nimirum,
1391 532 1426 563 111
1450 533 1569 574 quibus
1600 533 1734 564 thensae
1761 532 1954 563 ducuntur?

89 583 254 624 Quamuis
279 596 330 616 res
355 585 443 627 ipsa,
486 597 570 626 quae
595 586 629 616 in
654 586 718 617 illis
742 585 827 616 ludis
850 591 940 627 gesta
963 592 1027 625 est,
1065 591 1102 616 ut
1131 584 1186 615 1116
1210 596 1228 615 a
1250 586 1435 616 Laterense
1465 585 1535 617 eius
1564 585 1620 616 fiat
1647 585 1792 624 mentio,
1829 585 1871 616 sit
1894 584 1955 617 ob-

87 639 228 666 scura-‘⁴
253 637 460 669 GRAIzrlss.
505 639 548 670 In
572 639 688 678 ludos,
714 639 876 670 nimirum
901 638 1086 676 Circensis,
1128 638 1162 669 in
1187 639 1307 680 quibus
1329 639 1484 677 thensae,
1516 650 1574 670 seu
1597 649 1686 668 sacra
1709 637 1870 679 quaedam
1892 648 1955 668 116.-

86 688 216 725 hicula,
247 700 265 719 a
288 689 383 732 signo
409 692 589 723 Uertumni
614 692 647 723 in
669 692 806 723 Circum
827 702 1027 722 maxumum
1052 690 1276 731 ducebantur,
1314 697 1431 722 onusta
1452 691 1592 722 deorum
1615 690 1831 732 imaginibus;
1863 689 1955 721 aedi-

85 741 171 772 lium
193 747 306 773 autem
338 750 422 782 erat,
468 745 664 775 thensarum
698 750 729 775 et
751 756 897 787 pompae
927 744 1018 774 illius
1042 743 1132 774 uiam
1157 755 1282 775 curare.
1310 745 1599 776 LALLEMANDUs.
1645 743 1796 774 Historia
1818 743 1955 785 ignora-

84 799 158 829 tui-3
186 794 276 825 uude
301 802 387 827 totus
411 797 503 828 locus
527 796 698 828 obscurior
717 804 774 829 est.
820 799 943 829 Sensus
968 803 1028 835 est,
1051 802 1082 827 te
1106 796 1253 827 noluisse
1276 804 1487 829 momentum
1511 808 1638 840 ponere
1662 808 1793 827 caussae
1815 796 1954 827 demon-

86 848 235 878 strandae
268 848 301 879 in
332 849 435 888 ludis,
472 861 515 880 ue
544 849 629 880 mihi
659 851 948 893 opportunitatem
979 849 1071 880 dares
1104 849 1170 880 loci
1199 850 1374 881 conmunis
1398 850 1561 882 tractandi
1586 850 1625 880 de
1648 849 1787 880 tliensis.
1830 850 1954 887 Locos,

85 900 175 941 quod
199 900 234 931 in
261 901 417 933 omnibus
441 901 513 932 edd.
538 908 618 933 uett.
643 908 707 942 est,
730 903 998 945 interpretantur
1021 902 1209 934 conmuni&
1253 902 1312 933 Set
1335 903 1369 933 111
1391 914 1447 934 605
1469 914 1538 934 11011
1561 903 1701 934 coicitur
1724 913 1846 933 caussa.
1889 901 1954 934 Ui-

84 953 169 984 tium
192 960 304 985 ortum
330 961 379 985 est
404 966 422 985 e
446 955 570 986 uicinia
593 955 683 987 illius
706 955 819 994 uerbi,
858 961 891 986 et
913 955 993 986 alibi
1017 966 1151 996 quoque
1174 954 1232 984 illa
1255 955 1358 986 uerba
1384 962 1572 998 permutata
1600 956 1799 998 reperimus.
1831 954 1954 985 1311311,-

85 1015 202 1036 5ΤΙΓ5.
246 1007 421 1038 Nimirum
443 1008 634 1040 Laterensis
658 1008 809 1050 epilogos
832 1008 1005 1039 Ciceronis
1027 1007 1262 1046 cauillaturus,
1300 1009 1441 1050 negabat
1462 1021 1497 1040 se
1521 1020 1668 1039 caussam
1694 1008 1780 1039 hane
1807 1006 1954 1037 uoluisse

83 1058 210 1089 coicere
232 1058 267 1088 111
290 1065 422 1101 tempus
445 1060 625 1099 ludorum,
662 1072 704 1092 ne
726 1061 754 1091 si
778 1060 862 1091 sorte
886 1060 1079 1091 thensarum
1109 1071 1235 1102 pompa
1264 1060 1458 1099 duceretur,
1496 1062 1614 1093 Cicero
1644 1060 1723 1092 inde
1747 1060 1953 1092 occasionem

82 1111 231 1152 arripere
255 1119 369 1153 posset
400 1113 650 1144 misericordiae
680 1112 906 1145 concitandae.
945 1113 1165 1144 SCIIUTZIUS.
1219 1112 1340 1144 Fateor
1370 1114 1523 1155 equidem
1557 1115 1721 1156 ingenue,
1758 1125 1812 1144 me
1845 1123 1954 1154 neque

79 1164 265 1195 uerborum
297 1166 333 1197 itz
357 1167 458 1198 ludos
479 1178 638 1198 caussam.
670 1167 798 1198 coicere
827 1177 961 1197 sensum
991 1165 1129 1196 omnino
1162 1165 1374 1207 intellegere,
1414 1178 1524 1208 neque
1551 1167 1650 1198 huius
1671 1166 1772 1198 totius
1796 1164 1951 1204 membri,

80 1216 171 1259 quod
196 1217 308 1247 uerbis
331 1218 404 1250 sine
428 1219 556 1250 tlzensz's
579 1225 695 1250 (tutem.
721 1219 806 1262 quid
823 1224 942 1261 potero
972 1219 1085 1250 (licere
1107 1216 1242 1257 finitur,
1285 1230 1369 1260 quac
1398 1219 1437 1250 sit
1460 1219 1642 1258 sententia,
1682 1218 1862 1250 diuinando
1888 1229 1953 1259 po-

78 1270 181 1302 tuisse
203 1270 350 1313 adsequi.
395 1271 472 1302 Hoc
494 1282 600 1302 unum
627 1271 908 1309 certissumunlst,
940 1270 1058 1301 falsam
1082 1282 1152 1302 esse
1172 1271 1307 1303 Schutzi
1333 1272 1431 1303 huius
1454 1272 1520 1303 loci
1544 1272 1818 1314 explicationem.
1863 1271 1953 1302 Nam

76 1323 138 1354 etsi
170 1334 209 1354 eo
244 1323 316 1353 fere
344 1329 494 1365 tempore
527 1324 609 1355 haec
638 1324 782 1355 habitast
813 1323 941 1361 oratio,
986 1334 1052 1364 quo
1085 1323 1246 1355 celebrari
1279 1324 1352 1356 ludi
1379 1325 1527 1356 Romani
1557 1331 1823 1363 consueuerant,
1862 1323 1952 1365 quod

76 1376 209 1418 Proleg.
236 1376 278 1407 L.
302 1376 362 1406 III.
389 1377 426 1407 C.
450 1377 476 1407 I.
506 1377 535 1418 5.
559 1388 588 1408 2.
615 1376 861 1415 demonstraui,
892 1382 1004 1407 tamen
1025 1376 1130 1408 uerba
1152 1378 1189 1409 in
1213 1378 1313 1410 ludos
1336 1391 1492 1410 caussam
1516 1379 1642 1411 coicere
1668 1378 1818 1410 noluisse
1841 1376 1950 1407 Schu-

78 1428 186 1460 tziana
211 1427 341 1458 ratione
364 1429 470 1459 tribus
494 1429 533 1460 de
556 1430 677 1460 caussis
701 1428 877 1471 explanari
900 1435 1082 1469 nequeunt.
1127 1430 1240 1461 Prima
1262 1430 1343 1461 haec
1369 1437 1432 1470 est,
1466 1431 1577 1472 quod,
1608 1432 1635 1462 si
1659 1438 1733 1462 ante
1756 1430 1851 1461 ludos
1874 1430 1949 1460 Ro-

76 1492 194 1512 manos
220 1491 333 1511 caussa
357 1488 426 1512 acta
448 1481 581 1522 fuisset,
603 1482 786 1514 secundum
810 1481 1014 1512 Latinorum
1036 1482 1196 1524 loquendi
1221 1483 1497 1516 consuetudinem
1522 1497 1679 1516 caussam
1701 1485 1827 1516 reicere
1848 1482 1950 1513 debe-

78 1534 135 1564 bat
154 1532 228 1563 dici.
275 1533 312 1564 Id
336 1533 446 1575 ipsum
469 1546 550 1566 uero
574 1548 642 1566 11011
666 1535 770 1577 magis
795 1534 903 1577 potuit
928 1546 946 1565 a
968 1536 1149 1567 Laterense
1171 1536 1238 1568 dici
1263 1548 1361 1578 quam
1385 1536 1419 1567 id
1444 1537 1533 1578 quod
1556 1537 1760 1579 scriptumst,
1783 1534 1949 1577 siquidem

76 1586 311 1625 inauditumst,
343 1585 378 1616 in
402 1586 483 1628 ipsis
506 1588 593 1620 ludis
618 1588 780 1620 Romanis
804 1587 963 1618 iudicium
988 1587 1029 1618 de
1052 1589 1219 1619 sodaliciis
1242 1589 1390 1620 exerceri
1417 1589 1559 1620 licuisse.
1603 1589 1719 1620 Tertia
1742 1600 1845 1630 eaque
1870 1598 1948 1630 gra-

76 1639 228 1670 uissuma
250 1649 364 1669 caussa
386 1639 525 1680 positast
553 1641 588 1671 iu
611 1653 708 1674 sensu
733 1641 934 1673 uerborum:
973 1641 1170 1680 deridebor,
1201 1643 1233 1673 si
1254 1642 1458 1674 mentionem
1481 1644 1680 1674 tlzensarzlm
1694 1641 1831 1684 fecero,
1869 1652 1946 1672 cum

77 1698 116 1724 tu
139 1692 178 1723 id
194 1692 425 1734 praedixeris.
469 1694 558 1725 Nam
582 1694 620 1733 si,
648 1707 732 1736 quae
755 1700 804 1725 est
818 1692 953 1725 Schutzi
976 1694 1149 1734 sententia,
1173 1701 1354 1737 propterea
1377 1694 1539 1726 iudicium
1560 1696 1635 1726 illut
1657 1701 1733 1725 ante
1756 1694 1849 1725 ludos
1872 1693 1948 1724 Ro-

75 1756 192 1776 manos
215 1745 403 1786 postulante
426 1746 610 1778 Laterense
635 1749 834 1785 liabitumst,
863 1757 905 1777 ne
928 1746 1066 1786 Cicero,
1092 1747 1136 1785 si,
1171 1748 1259 1789 quod
1281 1747 1370 1778 ludis
1393 1748 1556 1779 Romanis
1580 1747 1651 1778 fieri
1675 1746 1815 1785 solebat,
1846 1746 1948 1777 then-

76 1809 188 1829 sarum
212 1808 339 1840 pompa
362 1796 447 1829 forte
471 1799 665 1841 duceretur,
690 1813 733 1832 ex
757 1812 794 1831 ea
816 1810 853 1830 re
876 1799 1085 1830 occasionem
1109 1799 1359 1831 misericordiae
1382 1801 1631 1832 commonendae
1653 1800 1801 1842 arripere
1823 1806 1945 1842 posset,

73 1850 226 1893 profecto
252 1861 359 1890 nunc,
386 1863 463 1883 cum
486 1860 561 1885 ante
584 1855 678 1887 ludos
702 1865 814 1886 caussa
835 1858 1007 1895 ageretur,
1038 1852 1150 1883 omnis
1173 1852 1203 1883 61
1226 1859 1390 1895 potestas,
1423 1853 1462 1884 de
1486 1853 1610 1884 thensis
1635 1852 1767 1884 dicendi
1791 1858 1822 1883 et
1841 1852 1946 1883 mise-

74 1902 236 1934 ricordiae
258 1905 466 1946 mouendae,
500 1914 676 1950 praerepta
704 1908 808 1939 fuisse
840 1904 1024 1936 necessario
1052 1905 1248 1936 existumari
1277 1905 1382 1937 debet.
1427 1906 1474 1938 At
1499 1917 1568 1936 non
1592 1906 1693 1936 fuisse
1715 1911 1940 1947 praereptam,

75 1954 254 1986 manifesto
282 1968 326 1988 ex
350 1959 480 1998 uerbis,
507 1961 697 2000 deridebor,
721 1961 752 1992 si
773 1959 978 1992 mentionem
1000 1959 1200 1990 tlzensarzcm
1213 1958 1346 2001 fecero,
1368 1971 1445 1990 cum
1468 1965 1506 1990 tto
1529 1959 1567 1990 id
1582 1959 1815 2002 praedixeris,
1837 1970 1943 2001 appa-

72 2015 139 2044 ret,
166 2020 250 2049 quae
273 2011 492 2052 apertissume
514 2020 666 2056 pugnant
688 2026 764 2045 cum
788 2012 900 2044 uerbis
923 2010 1207 2053 praecedentibus,
1235 2011 1263 2041 si
1286 2022 1323 2041 ea
1346 2011 1381 2042 111
1404 2023 1481 2042 611111
1504 2023 1649 2050 sensum,
1677 2023 1742 2053 quo
1767 2011 1941 2043 Schutzius

73 2060 196 2099 uoluit,
236 2061 318 2093 dicta
348 2064 569 2106 accipiuntur.
614 2068 723 2098 hnmo
748 2079 789 2098 ex
815 2065 866 2097 1115
889 2065 953 2096 1106
976 2063 1110 2105 quidem
1133 2075 1266 2095 summo
1297 2064 1371 2095 iure
1395 2064 1517 2106 conligi
1541 2070 1664 2106 potest,
1699 2065 1879 2097 uerborum
1904 2065 1942 2097 in

71 2114 172 2146 ludos
194 2126 352 2148 caussam
374 2118 501 2150 coicere
522 2120 673 2152 noluisse
697 2131 770 2151 eam
793 2119 864 2150 fere
887 2117 1007 2148 debere
1029 2116 1227 2147 sententiam
1252 2127 1336 2155 esse,
1361 2128 1461 2158 quam
1485 2117 1642 2158 exposuit
1663 2117 1853 2157 Ernestius,
1877 2117 1940 2149 etsi

72 2166 148 2198 illut
176 2177 231 2196 me
254 2165 359 2201 fateor
387 2182 455 2202 non
481 2172 695 2215 intellegere,
735 2172 815 2215 quid
845 2171 907 2211 sit,
949 2169 1038 2212 quod
1058 2168 1249 2200 Laterensis
1272 2169 1374 2209 dicat,
1414 2169 1455 2199 de
1484 2169 1571 2200 ludis
1596 2181 1631 2200 se
1658 2170 1805 2202 noluisse
1832 2170 1939 2213 loqui.

70 2220 149 2252 Hoc
172 2219 276 2261 igitur
299 2221 480 2256 inlustrent
501 2225 571 2256 alii.

155 2283 199 2315 In
222 2283 304 2315 aliis
325 2287 508 2330 aedilibus)
554 2289 648 2330 Quos
670 2299 758 2319 anno
781 2285 965 2330 superiori,
988 2285 1070 2317 item
1092 2286 1132 2316 de
1153 2284 1281 2316 ambitu
1306 2291 1506 2326 accussatos,
1530 2297 1605 2317 cum
1629 2285 1830 2325 defenderet,
1854 2285 1938 2317 sacta

70 2337 263 2369 tliensarum
286 2339 457 2371 mentione
479 2341 741 2373 misericordiam
765 2339 948 2371 commouit.
972 2339 1186 2371 MANUTJUS.
1231 2338 1336 2371 Anno
1366 2338 1535 2381 superiori
1557 2350 1600 2371 ne
1622 2338 1700 2370 sacti
1723 2337 1859 2380 quidem
1881 2349 1939 2369 ae-

69 2390 151 2421 diles
176 2395 279 2420 erant.
326 2390 394 2422 Csr.
418 2392 548 2437 Proleg.
572 2396 615 2426 L.
640 2396 703 2426 ΙΙΙ.
731 2394 769 2426 C.
793 2394 819 2424 Ι.
848 2393 877 2434 5.
903 2403 950 2423 2..

1466 2446 1529 2476 38*
