2264 2746
249 112 306 140 132
898 96 1461 128 COMMENTARIUS.

248 180 382 213 bilitatis
405 190 474 211 esse
497 178 594 210 facile
615 174 798 206 uidebatur·
823 173 1082 205 GARATONIUS.
1127 172 1230 203 Recte
1258 171 1433 214 probabile
1462 182 1531 203 esse
1554 171 1725 204 Ernestius
1752 172 1902 215 negauit,
1935 174 2111 207 Metellum

249 234 393 266 dixisse:
422 238 593 276 patronus
619 227 678 260 ille
706 233 738 259 et
759 239 853 259 meus
876 232 908 258 et
921 226 1090 270 familiae
1118 237 1212 257 meac
1234 225 1475 257 noln'lissumae
1499 231 1564 264 est,
1598 231 1802 267 optumeque
1823 225 1964 256 uerbum
1987 239 2056 258 esse
2077 227 2113 258 in

248 295 281 321 et
303 299 372 319 esse
394 283 586 317 mutandum
609 280 708 318 uidit,
737 291 939 321 quamquam
963 279 1202 320 grauissumam
1226 276 1419 309 mutationis
1442 289 1589 309 caussam
1612 289 1679 309 non
1703 278 1893 320 perspexit,
1917 277 2057 320 positam
2079 279 2115 310 in

251 354 306 379 eo,
344 338 433 381 quod
457 346 555 366 nemo
576 333 809 364 Romanorum
834 342 993 373 umquam
1021 331 1116 370 dixit,
1153 343 1219 363 non
1242 330 1360 361 dubito
1384 335 1416 361 te
1438 342 1508 362 esse
1529 332 1719 374 sapientem
1740 332 1869 371 dicere,
1906 336 1954 361 set
1974 341 2116 373 semper,

251 406 315 426 non
341 392 456 424 dubito
482 394 513 418 te
535 386 724 429 sapientem
745 386 868 423 (licere,
891 384 1033 426 ideoque
1055 384 1197 415 uerbum
1219 395 1289 415 esse
1311 382 1351 413 ab
1366 382 1514 414 hocloco
1537 383 1726 414 alienumst.
1772 383 1873 423 Quod
1895 390 2005 415 autem
2027 383 2119 415 idem

252 444 420 478 Erneslius
449 449 568 472 uocem
599 438 841 471 nobilissumae
869 437 1048 469 eiciendam
1080 436 1223 480 putauit,
1260 435 1291 466 id
1312 435 1438 466 duabus
1467 435 1508 467 de
1531 436 1652 467 caussis
1674 436 1808 478 probari
1831 436 1956 478 nequit.
2000 437 2118 469 Altera

252 500 331 531 haec
354 502 416 533 est,
441 492 530 536 quod
551 503 620 523 non
643 497 690 522 est
711 491 922 530 ueros-imile,
945 498 982 522 ut
1004 491 1160 533 cuiquam
1183 489 1353 530 interpreti
1387 488 1472 519 hanc
1504 500 1621 521 uocem
1646 488 1764 520 addere
1788 488 1822 519 in
1845 494 1990 520 mentem
2013 500 2120 519 uene-

253 551 303 582 rit.
349 546 495 579 Grauior
517 544 616 575 etiam
637 543 785 579 alterast,
825 544 911 585 quod
933 544 1052 575 omissa
1078 555 1114 574 ea
1137 543 1261 574 mirum
1285 548 1446 584 quantum
1469 541 1627 572 orationis
1650 541 1863 573 uehementia
1886 542 1919 572 in
1944 542 2036 574 exitu
2058 552 2121 584 pe·

251 600 339 633 riodi
361 598 569 638 debilitatur,
600 596 899 638 membrorumque
921 597 1050 628 tollitur
1072 596 1267 638 aequalitas,
1295 595 1349 626 cui
1371 595 1415 626 ita
1438 594 1543 626 studet
1567 593 1704 633 Cicero,
1734 601 1769 625 ut
1791 606 2046 636 nonnumquam
2070 600 2125 625 et-¹

250 656 317 686 iam
340 664 423 695 quae
444 662 604 683 maxume
632 648 763 680 inutilia
785 649 962 681 uideantur
986 649 1083 680 addat
1110 648 1189 691 (uid.
1214 648 1255 679 ad
1280 649 1317 679 C.
1341 648 1461 679 XXV.
1486 647 1516 688 ξ.
1543 647 1594 678 61.
1624 658 1657 689 Ρ.
1686 647 1782 687 165.).
1829 648 1917 679 Nam
1945 653 1981 678 ut
2009 646 2122 677 uerbis

249 714 282 739 ct
303 706 421 739 consul
443 703 644 747 respondent
666 702 770 733 uerba
793 709 826 735 et
848 715 960 740 suum,
983 702 1029 733 ita
1051 707 1313 732 consentaneum
1332 705 1413 738 erat,
1440 705 1479 730 ut
1500 698 1613 730 uerbis
1634 699 1733 731 etiam
1757 702 1854 733 homo
1879 700 2122 732 nobilissumns

249 772 310 804 par
332 759 524 790 membrum
547 760 788 798 opponeretur.
832 756 948 796 Itaque
971 767 1053 786 suae
1075 754 1186 796 potius
1208 764 1410 796 pronomen,
1435 752 1526 794 quod
1548 753 1726 784 manifesto
1753 754 1866 785 turbet
1889 752 2123 784 membrorum

249 812 483 855 aequalitatem
507 819 568 840 nec
589 807 628 839 ad
651 808 835 839 sententiae
861 807 1088 849 integritatem
1111 806 1335 837 necessarium
1357 805 1417 846 sit,
1443 805 1592 847 adeoque
1615 806 1651 837 in
1669 807 1695 838 B
1723 813 1756 838 et
1778 807 1825 846 E,
1857 805 2004 849 optumis
2030 804 2123 836 codi-

250 866 360 904 cibus,
391 863 552 895 omissum
574 860 633 900 sit,
661 873 725 904 pro
748 861 864 904 spurio
887 860 1025 891 debebat
1047 860 1182 898 haberig
1211 865 1424 901 retractoque
1446 859 1600 900 equidem
1623 871 1724 902 quam
1747 859 1878 901 Proleg.
1902 860 1943 891 L.
1966 859 2009 890 ΙΙ.
2034 858 2072 889 C.
2095 858 2122 889 I.

251 920 281 960 §.
305 918 334 949 5.
359 915 557 948 sententiam
579 912 661 944 dixi.
706 914 833 956 Sponte
861 919 973 944 autem
1002 913 1226 955 intellegitur,
1265 924 1333 943 non
1358 924 1378 943 a
1399 912 1540 944 Metello
1563 924 1679 944 uocem
1704 912 1815 952 illam,
1848 918 1899 943 set
1920 923 1938 942 a
1962 911 2126 949 Cicerone

249 970 393 1002 additam
415 966 613 1000 existumari
636 966 769 998 debere.
814 968 935 1008 Neque
958 966 1154 1008 quisquam,
1186 965 1213 997 si
1236 977 1298 1008 pro
1322 965 1565 997 nobilissumae
1587 965 1751 1008 scriptum
1776 978 1862 1009 quae
1884 970 1959 997 erat
1980 964 2123 997 nobilis-

249 1036 349 1056 suma
371 1021 590 1064 repperisset,
615 1031 682 1061 quo
704 1027 816 1052 tamen
839 1020 1070 1051 membrorum
1094 1018 1223 1049 sublata
1246 1023 1329 1048 esset
1354 1018 1551 1059 aequalitas,
1585 1018 1730 1050 offensus
1754 1025 1848 1050 esset.

336 1077 366 1118 ξ.
391 1087 440 1117 70.
485 1075 524 1106 Si
550 1075 681 1106 Romae
709 1085 780 1105 esse
802 1073 987 1116 potuisset)
1031 1070 1216 1102 Proconsul
1247 1076 1319 1101 erat
1348 1070 1385 1100 in
1407 1070 1589 1113 Hispania,
1627 1082 1703 1102 cum
1726 1071 1875 1103 Calidius
1903 1076 1953 1102 est
1973 1080 2125 1101 accussa-

251 1137 317 1162 tus.
361 1129 573 1160 MANUTms.

336 1182 406 1223 Qui
427 1185 567 1224 praetor
581 1177 763 1221 finitumo,
786 1177 904 1209 consul
927 1177 1109 1208 domestico
1131 1176 1216 1207 bello
1233 1188 1349 1219 remp.
1371 1175 1546 1217 liberauit)
1572 1176 1642 1208 Cfr.
1659 1176 1694 1208 in
1708 1178 1749 1209 L.
1767 1177 1880 1208 Pison.
1898 1177 1935 1208 C.
1948 1175 2122 1207 XXXIX.

253 1238 283 1279 ς.
307 1237 378 1278 95.,
410 1233 449 1264 ad
473 1242 572 1273 quem
595 1231 708 1261 locum
730 1230 897 1262 Asconius
921 1229 1001 1260 haec
1021 1228 1211 1260 adnotauit:
1241 1229 1377 1261 Notum
1399 1234 1466 1267 est,
1496 1229 1674 1272 Opimium
1695 1231 1730 1262 in
1748 1235 1919 1273 praetura
1942 1228 2124 1271 Fregellas

253 1289 399 1331 cepisse;
435 1296 500 1328 quo
524 1289 625 1327 pacto
649 1283 746 1314 uisus
770 1288 819 1314 est
842 1288 968 1314 ceteros
997 1294 1127 1325 quoque
1148 1282 1296 1312 nominis
1320 1281 1446 1313 Latini
1473 1283 1579 1313 socios
1601 1283 1691 1313 male
1712 1283 1882 1313 animatos
1905 1283 2124 1325 repressisse,-

253 1340 461 1381 eundemque
490 1337 526 1368 in
555 1336 735 1368 consulatu
760 1336 926 1367 Fuluiom
952 1334 1118 1366 Flaccum
1148 1334 1362 1366 consularem
1393 1339 1425 1365 ct
1455 1333 1489 1365 C.
1513 1333 1709 1365 Gracchum
1734 1334 1959 1366 tribunicium
1987 1346 2125 1377 oppres-

254 1394 355 1431 sisse3
378 1391 416 1422 ob
440 1401 543 1433 quam
564 1388 736 1420 inuidiam
752 1393 875 1430 postea
900 1387 1028 1418 iudicio
1052 1387 1305 1419 circzmzuentus
1329 1391 1378 1417 est
1401 1391 1433 1417 et
1455 1386 1492 1417 in
1515 1386 1657 1418 exilium
1678 1392 1787 1418 actus,

340 1445 370 1485 §.
395 1455 444 1485 71.
489 1442 609 1475 Nimis
632 1452 694 1483 ego
716 1452 881 1482 magnum
903 1438 1103 1481 beneficium
1128 1440 1254 1472 Planci
1266 1437 1381 1482 facio)
1425 1439 1501 1470 Hoc
1523 1445 1589 1479 est,
1627 1438 1727 1470 nimis
1757 1438 1884 1470 extollo
1915 1438 2126 1480 beneficium,

256 1505 290 1530 et
313 1497 402 1539 fingo
424 1495 532 1527 multo
556 1494 661 1525 maius
685 1504 771 1530 esse,
813 1504 912 1534 quam
939 1491 1005 1523 fuit
1032 1504 1069 1522 re
1092 1492 1173 1535 ipsa.
1220 1492 1337 1523 Cicero
1369 1503 1432 1534 pro
1463 1492 1600 1524 Flacco:
1640 1492 1737 1524 Dum
1765 1503 1846 1523 uero
1868 1504 1903 1523 se
1926 1492 2126 1537 locupletem

247 1550 403 1593 faceret,
437 1548 574 1580 liaberet
596 1546 686 1578 nihil
702 1551 843 1588 praeter
866 1546 964 1576 illam
989 1545 1228 1588 inpudentiam
1235 1570 1245 1584 ,
1282 1557 1385 1588 quam
1407 1545 1514 1577 uides.
1558 1544 1666 1576 Plaut.
1692 1544 1767 1576 Mil.
1793 1545 1844 1576 55.
1880 1546 2053 1588 fllagnum
2074 1557 2129 1578 me

249 1604 388 1648 faciam
410 1613 511 1633 nunc.
534 1600 740 1631 GRAEUIUS.
784 1598 878 1630 Adde
904 1598 1009 1629 Plaut.
1036 1598 1134 1630 Asin.
1158 1598 1200 1637 II,
1228 1608 1257 1635 2,
1281 1597 1333 1628 34.
1359 1597 1542 1640 Extemplo
1555 1595 1657 1640 facio
1670 1596 1830 1640 facetum
1852 1610 1904 1629 me
1929 1603 2032 1640 atque
2052 1609 2126 1629 ma·-

257 1655 430 1700 gnisicmn
452 1653 581 1685 uirum.
603 1656 637 1681 et
659 1650 756 1692 Epid.
780 1651 846 1690 ΙΙΙ,
874 1652 909 1688 5,
932 1655 984 1687 4ο.
1014 1651 1094 1694 Ego
1117 1651 1192 1682 illic
1214 1662 1266 1682 me
1288 1656 1404 1682 autem
1424 1650 1677 1683 aclsimulabam
1700 1651 1801 1694 quasi
1822 1651 2004 1690 stolidum,
2026 1661 2126 1695 quom

259 1710 418 1743 Bardum
440 1718 492 1739 me
504 1704 692 1748 faciebam.

345 1761 401 1793 An
426 1759 508 1803 quia
531 1764 563 1790 te
584 1770 650 1789 non
673 1755 866 1800 iugulauit)
911 1756 998 1788 Cum
1027 1756 1067 1787 ad
1097 1767 1175 1787 eum
1198 1756 1413 1788 Macedoniae
1447 1763 1659 1799 quaestorem
1688 1757 1762 1798 lege
1785 1754 1901 1787 Clodia
1928 1755 2043 1797 pulsus
2066 1753 2126 1786 Ci-

261 1826 336 1845 cero
360 1813 464 1844 uenit.
509 1811 722 1843 MANUTms.

344 1866 511 1909 Iugulari
527 1876 655 1908 passus
677 1874 742 1894 non
766 1861 829 1904 est)
873 1862 907 1893 A
925 1861 1197 1894 sceleratissumis
1220 1862 1424 1901 hominibus,
1449 1862 1507 1905 qui
1529 1861 1563 1892 in
1581 1860 1758 1893 Graeciam
1780 1860 2008 1902 confugerant,
2031 1867 2128 1903 post-

264 1930 362 1961 quam
389 1918 521 1961 inpium
550 1917 697 1954 ferrum,
736 1921 773 1945 ut
802 1915 849 1946 ait
871 1915 990 1946 Cicero
1023 1916 1061 1946 C.
1083 1915 1178 1947 XLI.
1204 1915 1232 1955 ᾗ.
1257 1914 1309 1956 98.
1333 1913 1432 1946 huius
1455 1926 1523 1955 or.,
1556 1913 1710 1957 ignisque
1731 1913 1907 1958 pestiferos
1933 1923 1951 1943 e
1972 1913 2126 1946 manibus

265 1983 381 2003 eorum
404 1970 520 2002 consul
542 1973 740 2000 extorserat.

352 2024 436 2056 Toto
460 2023 520 2054 illo
542 2022 643 2063 anno)
688 2021 775 2053 Cum
798 2020 834 2051 P.
859 2020 994 2051 Clodius
1017 2020 1227 2052 tribunatum
1248 2021 1295 2063 pl.
1319 2020 1464 2062 gerebat.

350 2077 434 2108 Nisi
447 2075 546 2118 forte
566 2072 767 2116 existumas)
813 2073 882 2104 Cur
895 2072 995 2116 forte
1019 2073 1215 2111 addiderim,
1243 2073 1374 2115 Proleg.
1394 2074 1435 2105 L.
1460 2073 1503 2103 II.
1529 2072 1566 2103 C.
1590 2072 1615 2103 I.
1640 2072 1670 2114 ξ.
1694 2071 1724 2103 8.
1749 2081 1782 2113 p.
1805 2070 1917 2101 XLII.
1940 2070 2023 2102 dixi.

352 2128 457 2159 Nihil
482 2128 652 2168 timerent)
697 2126 751 2157 Sic
787 2137 830 2157 ex
860 2126 886 2156 B
917 2131 950 2156 et
977 2126 1005 2157 E
1038 2127 1236 2158 auctoritate
1266 2125 1400 2168 scripsi,
1446 2125 1562 2157 ceteris
1592 2137 1659 2157 non
1690 2124 1848 2156 timerent
1879 2123 2127 2157 exhibentibus.

269 2181 525 2213 Consueuerunt
545 2180 633 2210 enim
649 2178 794 2210 Romani
815 2190 877 2221 pro
902 2189 952 2217 eo,
976 2178 1065 2220 quod
1089 2180 1147 2222 qui
1169 2191 1258 2211 nunc
1280 2179 1384 2211 latino
1407 2183 1547 2209 utuntur
1569 2188 1721 2208 sermone
1741 2187 1868 2218 ponere
1890 2175 2009 2215 solent,
2031 2177 2128 2209 nullo

269 2234 366 2266 modo
388 2232 444 2262 uel
461 2244 605 2275 prorsus
619 2245 685 2264 non
711 2238 743 2262 et
765 2231 941 2270 similibus,
965 2232 1055 2263 nihil
1078 2232 1316 2263 aduerbialiter
1337 2241 1511 2273 usurpare.
1555 2230 1609 2261 Sic
1632 2229 1700 2260 Cic.
1723 2241 1786 2271 pro
1808 2229 1915 2260 Sestio
1939 2229 1977 2261 C.
2003 2229 2029 2261 I.
2054 2230 2084 2271 ἕ.
2099 2241 2127 2262 1.

269 2299 324 2319 eos
346 2290 461 2317 autem
481 2301 518 2306 —
543 2286 582 2316 cle
604 2298 638 2316 se
662 2285 752 2316 nihil
771 2285 900 2316 timere.
932 2284 999 2315 ibid
1033 2285 1070 2316 C.
1093 2285 1248 2317 XXXV.
1275 2286 1305 2325 §.
1330 2285 1379 2326 75.
1415 2288 1510 2315 actor
1540 2283 1595 2314 hic
1626 2281 1849 2324 defensorque
1871 2294 2011 2315 caussae
2032 2295 2127 2316 meae

269 2339 360 2371 nihil
375 2337 612 2381 progreditur,
639 2338 781 2369 consilia
806 2343 960 2380 expectat
981 2338 1200 2370 inimicorum
1220 2349 1380 2370 meorum.
1404 2345 1503 2376 quem
1524 2334 1633 2365 locum
1658 2346 1726 2365 nou
1749 2334 1918 2365 intellexit
1939 2335 2126 2367 Ernestius.

270 2391 307 2423 in
329 2390 471 2422 Rullum
493 2389 543 2428 ΙΙ,
575 2389 628 2427 14,
657 2389 707 2430 57.
738 2390 807 2421 nisi
819 2389 919 2432 forte
940 2390 1031 2422 nillil
1050 2396 1101 2423 est
1122 2403 1281 2434 aequom,
1310 2401 1371 2422 uos
1392 2389 1433 2420 de
1452 2399 1569 2420 eorum
1590 2388 1738 2420 audacia
1760 2387 1951 2431 suspicari,
1982 2399 2127 2431 quorum
