2264 2746
788 78 812 107 c
832 78 861 106 A
882 79 915 106 P.
954 77 979 107 1.
1006 78 1034 119 ς.
1059 79 1184 110 3-11,
1205 78 1232 120 §·
1254 85 1280 112 5.
1940 89 1976 116 03

90 155 309 197 Quamquam
331 172 373 177 —
399 154 476 198 quis
499 166 565 186 non
589 153 805 196 ignosceret?
833 154 870 185 in
892 153 1009 187 Uatin.
1036 155 1143 195 XIV,
1168 156 1219 187 55.
1253 167 1462 200 quamquam
1487 156 1526 187 id
1547 156 1662 199 ipsum
1685 163 1771 189 esset
1793 165 1825 190 et
1850 172 1974 192 nouom

87 212 120 238 et
142 219 208 238 non
229 206 432 249 serendum.
476 206 564 238 Phil.
587 207 618 246 I,
655 218 690 248 7,
725 219 772 248 17.
807 221 1015 251 quamquam
1038 221 1077 240 ea
1102 222 1233 252 qnoque
1257 211 1302 241 sit
1325 208 1460 252 &sus-a,
1491 210 1522 240 si
1545 210 1595 241 ita
1618 211 1654 242 in
1679 210 1870 254 a‹·t1'ssm't.
1909 224 1972 254 pro

85 258 207 290 Milon.
231 259 409 296 XXXIII,
435 270 485 299 90.
511 272 718 303 quamquam
741 267 825 292 esset
849 263 1013 293 miserum
1037 263 1074 293 id
1096 263 1220 305 ipsum.
1242 261 1282 292 ad
1307 263 1388 293 Diu.
1413 263 1498 301 XII,
1527 275 1553 294 1.
1587 275 1795 306 qnamquatn
1814 265 1971 307 prinlum.

86 310 236 353 quidque
258 312 474 354 explic-enum.
499 311 539 341 (16
564 312 625 343 Or.
652 312 700 349 ΙΙ,
725 313 783 355 47,
813 326 880 355 197.
907 327 1114 358 quamquam
1138 321 1169 345 te
1194 316 1331 358 quidem
1355 317 1440 359 quid
1461 317 1522 347 leot·
1548 316 1710 346 clm—eam?

170 363 228 395 Ne
251 364 336 406 quid
357 364 428 406 ipse
453 363 639 407 offendam)
683 366 737 397 Ne
767 366 847 408 quid
879 366 949 408 ipse
981 366 1200 407 conmittam,
1239 368 1330 409 quod
1353 368 1559 410 reprehendi
1582 369 1706 411 possit,
1747 368 1775 400 si
1797 368 1912 400 Planci
1935 369 1971 400 in

85 425 140 445 me
161 415 282 446 merita
304 427 405 457 snpra
426 416 566 447 modum
594 416 749 450 ecferain.
794 420 1009 451 MAwmrs.

168 468 253 500 Cum
276 468 478 510 respondero
511 471 723 510 criminibus)
767 472 847 503 Non
879 478 974 503 erant
1005 471 1162 510 crimina,
1198 470 1318 512 quibus
1351 472 1587 513 respondebat.
1634 475 1772 506 Rectius
1800 475 1905 517 igitur
1927 475 1968 514 Ε,

84 534 161 553 cum
183 522 387 565 respondero
411 521 578 561 omnibns,
604 523 767 555 nimirum
790 525 1065 563 accussatoribus,
1095 524 1152 565 qui
1175 524 1274 565 plura
1300 535 1406 566 paene
1428 524 1468 554 de
1484 537 1538 555 1116
1560 538 1660 567 qnam
1686 528 1726 558 de
1753 540 1810 559 reo
1841 528 1967 560 dieunt.

85 574 290 605 GRAEUIUs.
338 574 456 616 Inepte
487 575 534 605 sic
560 576 678 607 Cicero
708 578 839 609 locutus
872 583 974 616 esset,
1018 588 1094 607 cnm
1129 576 1195 606 (1110
1228 582 1361 608 tantum
1395 584 1503 608 essen-t
1534 587 1767 612 avt-ussatores.
1814 582 1968 613 Crimina.

82 632 160 657 sunt
187 632 433 657 accussatornm
468 627 574 667 dicta,
614 630 734 671 quibus
759 630 933 661 Plancium
968 628 1223 671 dampnandum
1255 641 1324 660 esse
1352 629 1529 660 ostendere
1558 633 1767 665 studuerant.
1813 633 1857 664 lis
1890 639 1968 664 ante

83 678 196 710 omnia
218 690 253 710 se
277 680 483 722 respondere
512 682 601 712 116116
626 683 744 713 Cicero
776 682 874 721 dicit,
913 694 956 713 ne
979 694 1047 713 non
1071 687 1141 712 tam
1164 681 1357 712 innocentia
1389 694 1466 713 rcus
1490 695 1569 723 sua,
1605 696 1703 726 qnam
1735 686 1968 717 recordatione

80 743 220 763 suorum
244 738 440 775 temporum
465 733 620 765 defensus
645 746 714 765 esse
739 735 906 767 uideatur.
954 735 1090 767 Crimen
1114 740 1227 765 autem
1252 746 1352 765 omne
1375 734 1410 765 id
1434 735 1517 774 dici,
1552 737 1643 778 quod.
1668 738 1764 768 alicui
1791 738 1966 777 obiciatur,

81 796 157 815 011111
179 785 316 817 aliunde
340 793 469 818 constat
492 793 564 818 tum
590 787 754 830 exemplis
778 787 938 829 probauit
961 800 978 818 6
1002 788 1165 819 Cicerone
1188 787 1302 829 petitis
1328 788 1525 830 Cannegies.
1549 789 1591 819 ad
1613 790 1739 821 Auian.
1762 791 1841 821 Fab.
1865 791 1966 830 XIV,

84 849 151 875 12.‚
192 850 292 879 quem
316 840 583 870 conmemorauit
608 841 833 880 Garatonius,
868 840 926 882 (1111
950 840 1040 883 quod
1065 839 1231 882 scriptum
1254 851 1273 871 a
1297 841 1461 872 Cicerone
1484 841 1587 873 fuisse
1610 842 1813 884 suspicatur,
1848 844 1967 875 crimi-

80 891 180 923 nibus
203 892 375 931 omnibus,
406 893 480 923 loco
505 904 572 923 non
592 899 752 934 aptumst.

167 946 196 987 ξ.
222 946 251 976 5.
297 946 340 977 In
363 958 485 977 caussa
500 945 612 988 facili
634 951 737 988 atque
761 945 948 989 explicata)
997 945 1121 976 Caussa
1145 944 1270 976 dicitur
1289 945 1429 988 facilis,
1457 958 1542 988 quae
1565 947 1636 978 sine
1659 948 1731 979 ullo
1755 948 1890 990 negotio
1913 948 1966 989 agi

80 1004 201 1042 potest,
217 999 402 1041 explicata,
418 1009 501 1039 quae
517 1003 585 1028 tam
602 997 733 1039 planas-t
750 1010 787 1029 ac
799 998 987 1041 perspicua,
1004 1003 1041 1028 ut
1057 997 1208 1028 minume
1225 998 1380 1039 longiore
1399 1005 1494 1040 egeat
1506 1000 1729 1041 expositione,
1746 1012 1809 1042 qua
1827 1001 1964 1040 iudices,

80 1052 160 1095 quid
189 1052 338 1083 iudicare
372 1050 532 1090 debeant,
570 1049 765 1083 doceantur.
809 1052 966 1092 Utroque
989 1050 1095 1081 uerbo
1121 1051 1352 1083 innocentiam
1374 1051 1489 1082 Planci
1517 1051 1689 1084 facillume
1714 1054 1845 1085 ostendi
1868 1065 1966 1096 posse

80 1105 278 1136 declaratur.

160 1158 388 1201 Per-clzfficilis
411 1163 443 1189 et
466 1157 600 1190 lubrica
624 1156 836 1200 defensionis
861 1157 964 1197 ratio)
1010 1157 1102 1188 Bene
1126 1156 1250 1187 dicitnr
1274 1155 1479 1189 defensionis
1501 1159 1587 1190 ratio
1603 1161 1737 1192 lubrica
1761 1160 1966 1203 opponitur-

78 1224 142 1255 que
165 1223 297 1243 caussae
322 1212 524 1254 explicatae.
570 1212 661 1242 Nam
684 1211 829 1242 uerbum
853 1210 1026 1249 lubricus,
1051 1209 1141 1251 quod
1163 1210 1304 1252 proprie
1328 1210 1368 1241 de
1392 1210 1448 1241 uia
1475 1211 1641 1243 eiusmodi
1666 1213 1807 1253 dicitur,
1843 1214 1878 1244 in
1902 1225 1966 1255 qna

78 1265 172 1296 facile
192 1264 311 1295 cadere
329 1276 528 1306 possumus,
564 1263 768 1295 transfertur
790 1263 832 1294 ad
857 1275 894 1293 ea
915 1262 1137 1305 designanda,
1176 1274 1260 1304 qnae
1284 1274 1440 1294 errorum
1462 1269 1495 1294 et
1517 1271 1733 1307 peccatorum
1758 1267 1965 1298 occasionem

74 1318 247 1361 praebent.
293 1317 465 1359 Significat
488 1317 606 1349 Cicero
631 1317 808 1348 Plancium
831 1315 968 1347 defendi
1000 1317 1060 1347 uix
1087 1326 1204 1358 posse,
1243 1315 1309 1347 nisi
1339 1322 1377 1347 ut
1399 1317 1503 1348 simul
1526 1318 1737 1359 Laterensis,
1778 1319 1877 1350 amici
1900 1319 1964 1359 sui,

74 1372 206 1402 animus
231 1370 434 1402 offendatur.

158 1425 253 1458 Mihi
273 1430 389 1455 autem
413 1436 479 1456 non
503 1425 542 1456 id
569 1429 619 1456 est
642 1425 678 1456 in
701 1424 766 1456 hac
790 1436 826 1456 re
856 1423 1168 1460 nzolestissummn,
1204 1428 1324 1454 contra,
1353 1423 1454 1454 illum
1483 1424 1613 1463 dicere,
1657 1430 1707 1455 set
1738 1425 1847 1455 mullo
1881 1425 1964 1456 illut

75 1478 205 1521 magis,
240 1478 343 1520 quod)
389 1477 482 1507 Haeo
506 1483 555 1508 est
579 1483 800 1519 optumorum
823 1487 860 1507 ac
882 1477 1124 1518 plurumornm
1147 1476 1316 1506 librorum
1342 1475 1526 1518 scriptura,
1561 1476 1601 1506 (16
1626 1488 1690 1518 qua
1713 1483 1828 1507 monet
1853 1478 1964 1509 Gara-

74 1531 205 1561 tonius:
229 1528 464 1568 „Defenditur
488 1541 525 1560 ea
549 1530 746 1572 dupliciter:
772 1535 845 1560 tum
868 1540 930 1571 per
955 1528 1091 1570 ellipsin
1114 1528 1205 1559 uocis
1230 1529 1352 1567 solum,
1375 1534 1432 1559 aut
1454 1530 1563 1569 modo,
1588 1541 1687 1571 quam
1711 1536 1827 1560 contra
1852 1531 1962 1561 Grae-

74 1585 169 1616 nium
193 1582 484 1625 propugnauimus
508 1583 548 1613 ad
568 1584 627 1613 ΙΙΙ.
652 1583 687 1614 111
712 1583 813 1615 Uerr.
841 1594 867 1612 1.
892 1588 925 1612 et
948 1581 989 1611 ad
1015 1582 1057 1612 ΙΙ.
1082 1582 1167 1623 Agr.
1196 1582 1243 1612 16.
1267 1581 1466 1623 adtigimus3
1494 1588 1564 1613 tum
1592 1583 1693 1613 etiam
1717 1583 1816 1625 longe
1839 1584 1960 1615 melius

73 1638 161 1669 nihil
184 1634 433 1674 subaudiendo,
468 1642 506 1667 ut
530 1635 658 1667 dixerit
678 1636 815 1674 Cicero,
853 1647 1057 1677 quamquam
1076 1635 1109 1665 id
1136 1634 1199 1665 sibi
1225 1635 1406 1665 molestum
1428 1634 1488 1673 sit,
1524 1646 1592 1666 non
1617 1646 1686 1666 esse
1714 1641 1825 1666 tamen
1849 1637 1961 1667 mole-

73 1692 279 1726 stissumum‚
304 1698 380 1718 cum
403 1688 486 1719 aliut
507 1689 647 1719 subiciat
669 1689 778 1721 multo
800 1690 915 1731 magis
939 1689 1001 1719 sibi
1025 1688 1243 1719 molestuni.“
1288 1687 1386 1719 Nihil
1401 1687 1500 1729 plane
1512 1687 1824 1719 subaudiendumst.
1869 1690 1960 1720 Nam

75 1755 175 1788 quam
199 1740 401 1784 particulam
424 1741 554 1772 librarii
577 1743 734 1773 nonnulli
757 1741 963 1773 addiderunt
986 1742 1097 1772 solam
1120 1741 1175 1771 uel
1198 1741 1315 1779 modo,
1346 1751 1383 1770 ea
1405 1745 1476 1770 111111
1501 1745 1631 1771 tantum
1656 1741 1840 1771 necessaria
1862 1747 1958 1780 esset,

74 1799 102 1830 si
125 1799 325 1838 sequeretur
356 1793 521 1835 positiuos
547 1796 738 1827 molestum.
781 1795 832 1826 Eo
865 1795 955 1825 enim
986 1795 1097 1837 posito
1122 1800 1155 1825 et
1178 1794 1300 1825 omissa
1322 1793 1379 1824 illa
1408 1793 1573 1835 particula
1596 1793 1734 1824 omnino
1758 1793 1821 1824 sibi
1847 1794 1958 1824 mole-

75 1858 163 1884 stum
187 1848 306 1880 Cicero
329 1853 468 1888 negaret
491 1858 578 1886 esse,
603 1854 719 1878 contra
742 1848 962 1880 Laterensem
986 1848 1108 1878 dicere.
1152 1847 1262 1889 Atqui
1285 1846 1438 1877 minume
1460 1852 1568 1887 negat,
1593 1846 1655 1876 sibi
1678 1846 1756 1877 illut
1774 1845 1957 1877 molestum

77 1916 162 1943 esse,
191 1907 257 1940 set,
286 1912 489 1941 quamquam
513 1901 580 1931 iam
607 1901 671 1931 1100
694 1901 875 1932 molestum
897 1901 956 1941 sit,
984 1907 1096 1932 tamen
1122 1900 1207 1931 aliut
1236 1899 1337 1931 etiam
1365 1899 1540 1929 molestius
1575 1897 1732 1928 accedere
1753 1897 1844 1929 dicit.
1889 1899 1957 1930 Su-

75 1955 276 2001 perlatiuom
299 1959 413 1983 autem
436 1964 511 1983 cum
528 1953 640 1995 posuit
663 1954 964 1993 molestisszmzum,
989 1966 1058 1985 11011
1083 1954 1222 1986 omnino
1246 1959 1362 1984 contra
1382 1953 1601 1983 Laterensem
1626 1950 1736 1981 dicere
1758 1951 1823 1982 sibi
1844 1952 1956 1983 mole-

74 2019 161 2044 stum
186 2019 255 2040 esse
278 2012 393 2048 negat,
427 2012 477 2036 set
501 2005 666 2036 eiusmodi
692 2006 773 2047 quid
797 2018 866 2037 esse
889 2013 1004 2049 negat,
1038 2007 1127 2049 qnod
1153 2018 1313 2038 maxume
1336 2005 1517 2036 molestum
1539 2004 1592 2035 sit.
1638 2004 1716 2045 Quo
1739 2003 1842 2035 simul
1863 2005 1955 2037 adsi-

74 2063 223 2107 gnificat,
246 2060 330 2090 aliut
355 2057 531 2097 accedere,
558 2058 647 2100 (111011
672 2058 846 2090 111016311113
870 2060 971 2090 etiam
994 2061 1047 2092 sit.
1092 2062 1209 2102 Itaque
1231 2060 1302 2090 solo
1327 2057 1535 2100 superlatiuo
1558 2056 1592 2088 id
1616 2056 1729 2099 ipsum
1753 2056 1952 2098 declaratur,

74 2115 164 2159 quod
186 2114 322 2145 suerunt
349 2112 406 2154 qui
428 2111 645 2144 scribendum
668 2117 845 2154 putarent,
886 2114 998 2145 solum
1027 2113 1218 2146 molestum.
1264 2112 1425 2143 Ceterum
1447 2109 1643 2141 rectissume
1671 2115 1748 2151 post
1770 2111 1952 2152 superlati-

74 2181 155 2200 nom
177 2166 272 2209 sequi
295 2165 548 2207 conparatiuom
572 2175 678 2206 posse,
703 2164 750 2195 sic
772 2170 810 2195 ut
831 2165 908 2207 plus
933 2177 1033 2208 quam
1056 2165 1281 2207 superlatiuos
1305 2163 1486 2205 significet,
1511 2162 1632 2193 docent
1654 2161 1691 2192 hi
1714 2162 1797 2195 loci:
1823 2163 1891 2195 Cic.
1914 2165 1950 2196 in

77 2224 149 2253 Cat.
171 2221 239 2258 ΙΙΙ,
272 2219 309 2257 5,
337 2218 383 2249 15.
417 2231 458 2250 ac
480 2218 566 2249 mihi
590 2218 727 2260 quidem
753 2231 830 2250 cum
852 2219 916 2250 illa
939 2219 1142 2250 certissmna
1162 2223 1243 2249 sunt
1267 2217 1345 2249 uisa
1367 2221 1575 2260 argumenta
1597 2221 1701 2258 atque
1723 2216 1855 2248 indicia
1878 2229 1949 2249 see-

76 2273 178 2311 loris,
219 2277 293 2302 tum
314 2271 421 2302 multo
445 2271 509 2302 illa
531 2271 690 2302 certiora.
734 2270 783 2302 Id.
810 2271 850 2301 de
877 2270 945 2302 Off.
970 2272 1038 2311 III,
1076 2270 1134 2309 54,
1176 2281 1244 2301 121.
1280 2269 1408 2312 tibique
1426 2270 1617 2312 persuade,
1654 2281 1725 2300 esse
1753 2275 1785 2302 te
1811 2271 1948 2313 quidem

76 2325 162 2357 mihi
184 2325 428 2363 carisszzmum,
457 2328 507 2356 set
529 2323 638 2354 multo
652 2322 738 2365 fore
760 2325 938 2357 cariorem.
981 2323 1031 2355 Id.
1055 2322 1097 2354 ad
1120 2322 1201 2354 Diu.
1224 2323 1332 2362 XIV,
1356 2321 1394 2361 5,
1418 2331 1447 2353 2.
1482 2333 1545 2365 ego
1567 2327 1683 2355 autem
1705 2322 1767 2354 lzoe
1788 2322 1947 2354 miserior

76 2389 170 2416 sum,
194 2388 296 2420 qaam
319 2382 374 2415 tu,
398 2388 483 2419 quae
505 2388 539 2409 es
560 2376 779 2409 miserruma.
