2264 2746
885 78 910 108 c
930 79 958 107 A
978 79 1013 109 P.
1052 80 1092 110 v.
1115 79 1143 121 ς.
1163 84 1208 112 13.
1943 92 1982 120 ²77

193 154 308 187 Tanta
331 155 366 187 in
390 153 600 198 tempestate)
644 153 748 186 Auno
772 158 840 185 iam
865 154 1071 187 turbulento.
1115 156 1330 188 MANUTIUS.

193 217 242 248 Te
262 218 458 261 gubernare
480 230 546 250 non
568 217 679 261 posse)
727 217 858 249 Orellio
884 218 919 249 in
942 219 1119 251 Addeudis
1142 219 1183 250 ad
1207 220 1255 251 M.
1280 219 1375 251 Tulli
1399 219 1571 252 Ciceronis
1596 222 1686 265 Opp.
1710 223 1790 256 Uol.
1811 224 1853 254 ΙΙ.
1876 225 1911 255 P.
1936 227 1978 258 ΙΙ.

101 281 134 313 p.
161 270 233 301 658.
263 271 458 314 gnbernare
486 270 532 301 sic
561 270 651 301 nude
680 270 829 312 positum
862 271 1016 314 displicet
1049 272 1192 314 ideoque
1225 272 1421 315 gnbernare
1444 275 1488 306 R.
1511 274 1556 306 P.
1586 275 1801 306 scribendum
1831 276 1978 310 uidetur.

100 323 272 365 Loquitur
296 324 342 354 sic
367 323 484 354 Cicero
514 322 555 354 ad
580 323 659 354 Diu.
686 323 719 362 I,
742 334 771 364 9.
803 324 839 355 in
863 336 898 355 re
916 324 1058 367 publica
1083 325 1320 367 gubernanda.
1356 325 1396 356 de
1420 328 1471 358 Re
1496 338 1528 369 p.
1553 328 1584 366 I,
1610 339 1660 370 29.
1692 329 1727 360 in
1750 329 1979 372 gubernanda,

100 387 136 408 re
153 376 307 419 publica.
330 375 410 406 ibid.
435 387 461 407 e.
485 375 536 406 54.
562 376 694 407 uirtute
717 389 797 408 nero
819 377 1033 419 gubernante
1056 389 1127 409 rem
1147 377 1331 420 publicam.
1355 378 1436 409 ibid.
1455 380 1514 418 ΙΙΙ,
1538 379 1588 411 55.
1612 393 1698 424 (June
1718 382 1885 424 gubernet
1908 396 1979 416 rem

96 429 283 472 publicam.
307 434 338 459 et.
361 427 441 458 alibi
464 438 574 470 saepe.
619 429 740 470 Neque
764 440 832 459 non
861 428 958 460 facile
982 442 1012 462 r.
1034 443 1068 473 p.
1092 430 1224 460 litterae
1254 430 1410 461 excidere
1431 438 1599 473 poterant.
1645 435 1776 466 Uerum
1804 447 1880 468 cum
1907 450 1979 481 gu-

99 480 242 512 bernare
265 480 362 511 etiam
387 479 538 510 absolute
561 480 607 511 sic
631 488 831 523 usurpetur,
856 488 893 513 ut
916 483 1049 514 clauom
1073 489 1184 514 tenere
1207 482 1387 524 significet,
1413 484 1519 514 ueluti
1542 492 1623 527 aput.
1646 486 1757 529 ipsum
1781 489 1978 523 Ciceronem

100 533 142 564 de
167 534 262 565 Offic.
287 535 317 572 Ι,
344 534 399 571 25,
424 532 474 574 87.
504 534 804 578 similitersnt-are
830 548 902 573 eos,
937 536 997 578 qni
1019 537 1110 567 inter
1135 548 1169 567 se
1193 538 1450 575 contenderent,
1481 543 1558 568 nter
1578 540 1695 580 potins
1718 552 1789 572 rem
1804 555 1842 585 p.
1865 545 1977 576 admi-

97 587 280 626 nistraret,
307 591 346 618 nt
369 586 400 617 si
422 592 550 618 nautae
575 593 764 625 certarent,
789 589 865 632 quis
890 600 1006 620 eorum
1022 588 1255 630 potis-sunnon
1276 589 1498 632 gubernaret.
1531 600 1674 632 cunique
1697 604 1765 623 non
1789 594 1902 626 addito
1926 597 1975 628 rei

96 649 130 681 p.
155 638 291 669 nomine
317 639 358 669 de
381 650 441 677 eo,
467 639 524 680 qui
547 638 759 671 administrat
782 652 853 671 rem
877 640 1062 682 publicam,
1087 641 1236 682 positum
1260 643 1303 673 sit
1325 642 1361 672 in
1384 641 1532 683 Philipp.
1556 643 1604 681 Il,
1632 643 1681 683 56,
1708 656 1757 686 92.
1782 646 1976 682 (bns-tituta

97 702 150 722 res
174 691 318 734 publica
345 692 529 723 uidebatur
551 693 651 731 aliis,
689 694 776 725 mihi
799 705 880 725 uero
904 693 999 724 nullo
1022 692 1140 730 mode,
1175 695 1234 738 qui
1257 695 1372 726 omnia
1396 699 1428 725 te
1451 693 1668 736 gubernante
1690 697 1883 742 Jza1fi·(tg1'a
1904 714 1975 734 me-

96 744 248 776 tuebam:
273 745 307 775 in
332 745 464 786 uolgata
488 745 655 787 scriptura
677 744 957 787 acquiescendum
980 744 1111 786 putaui.

180 808 260 851 Ego
285 807 432 851 quoqne)
463 807 549 838 Cum
573 819 635 850 pro
661 821 793 852 quoqne
816 809 914 847 Bam,
940 808 1033 839 cuius
1058 815 1249 840 maxumast
1272 809 1463 849 auctoritas,
1489 816 1605 842 aretem
1628 811 1758 850 habeat,
1784 812 1868 844 nihil
1892 827 1974 857 pro-

94 859 255 899 babilius,
286 873 405 902 quam,
437 860 527 902 quod
551 860 702 892 Orellius
726 860 885 899 coniecit,
918 862 1000 893 item
1022 873 1040 892 a
1065 862 1227 893 Cicerone
1250 861 1352 894 fnisse
1378 862 1554 906 scriptum.
1602 863 1690 896 Uide
1715 876 1799 907 quae
1821 865 1857 897 in
1878 869 1973 900 Iahni

92 913 185 946 Ann.
212 914 352 957 Paedag.
379 926 455 945 ann.
484 913 574 944 1828.
597 924 631 955 p.
656 913 727 945 280.
752 913 792 943 de
816 913 879 944 hoc
902 913 975 944 loco
999 913 1128 945 monui.

176 979 271 1010 Eum
294 974 555 1021 magistratum)
592 974 820 1008 Tribunatum
841 977 961 1020 plebis.

176 1031 276 1063 Ludi
292 1031 429 1074 parati)
474 1028 530 1060 Sic
552 1039 595 1059 ex
622 1029 858 1061 emendatione
883 1028 1019 1061 Ernesti
1044 1035 1076 1061 et
1101 1028 1265 1061 Garatoni
1288 1029 1406 1073 scripsi
1429 1041 1491 1073 pro
1516 1031 1647 1063 iudices
1666 1034 1801 1075 parati,
1825 1035 1915 1076 quod
1937 1035 1974 1067 in

92 1082 188 1114 codd.
211 1088 270 1114 est.
315 1082 452 1114 Monuit
476 1081 699 1113 Garatonius:
741 1083 874 1124 „Quod
898 1093 961 1126 pro
992 1082 1051 1113 :illa
1073 1082 1138 1113 hoc
1159 1083 1199 1113 ab
1223 1083 1296 1114 loco
1321 1083 1535 1114 alienissuma
1557 1095 1639 1115 uoce
1665 1086 1795 1118 indices
1817 1089 1973 1129 reposui-

90 1147 165 1167 mus
187 1135 275 1174 ludi,
297 1136 408 1179 prima
430 1135 543 1166 fronte
566 1134 739 1165 uidebitur
762 1135 918 1177 antiquae
942 1135 1129 1178 scripturae
1150 1136 1299 1178 uestigiis
1322 1148 1391 1167 11011
1415 1136 1609 1175 inhaerere3
1633 1150 1754 1170 uerum
1777 1140 1804 1171 si
1820 1142 1972 1173 animad—

88 1195 200 1222 uertas
223 1188 410 1227 adtentius,
447 1187 532 1219 nihil
565 1187 644 1218 iude
674 1187 748 1218 erui
772 1188 982 1230 probabilius
1008 1188 1195 1231 intelleges.
1241 1189 1334 1230 Quid
1358 1189 1448 1220 enim
1478 1190 1591 1232 potuit
1613 1190 1743 1223 facilius
1767 1194 1971 1236 contingere,

92 1253 193 1284 quam
216 1248 253 1273 ut
277 1254 319 1273 ex
346 1243 422 1274 [mli
445 1241 540 1272 fieret
566 1240 667 1272 iudi?
711 1239 820 1282 Atqui
851 1247 921 1272 tota
944 1252 996 1272 res
1020 1241 1141 1272 nititur
1164 1243 1225 1273 hac
1248 1241 1531 1285 frequentissuma
1560 1245 1811 1277 conmutatione
1841 1247 1972 1279 littera-

88 1307 166 1337 ssum
188 1295 213 1327 I
233 1301 265 1326 et
287 1296 340 1334 L,
370 1295 409 1325 dc
433 1305 498 1336 qua
521 1293 670 1324 diximus
695 1292 736 1323 ad
760 1304 787 1324 c.
813 1304 862 1335 27.
890 1305 950 1336 pro
976 1294 1090 1333 Caec.,
1126 1294 1167 1325 ad
1190 1306 1217 1325 c.
1243 1306 1292 1326 20.
1318 1307 1381 1337 pro
1407 1295 1541 1326 Cluent.
1565 1302 1644 1327 etc..
1692 1298 1778 1328 Cum
1802 1299 1892 1330 enim
1917 1312 1971 1331 se-

88 1349 157 1382 mel
176 1348 273 1391 prior
295 1348 354 1378 illa
376 1348 489 1378 littera
512 1346 558 1377 ita
583 1345 701 1377 suisset
724 1345 917 1388 deprauata,
940 1346 1006 1378 iam
1028 1359 1147 1378 uocem
1171 1353 1275 1378 totam
1298 1349 1430 1380 iudices
1453 1348 1603 1379 extitisse
1627 1350 1788 1391 oportuit,
1812 1351 1883 1382 siue
1906 1364 1970 1395 po·-

88 1407 234 1434 stremae
256 1400 405 1442 syllabae
427 1399 631 1438 adiectione,
660 1399 732 1430 siue
755 1410 816 1441 per
840 1399 1067 1442 conpendium
1092 1401 1179 1439 iud„
1213 1400 1303 1442 quod
1327 1401 1362 1432 111
1386 1401 1554 1432 codicibus
1580 1407 1629 1432 est
1650 1402 1826 1441 usitatum,
1862 1410 1893 1435 et
1915 1416 1970 1436 se-

89 1454 239 1486 cundum
260 1452 401 1484 sortasse
424 1452 503 1483 fecit
529 1451 779 1494 deprauationis
800 1452 953 1493 gradum.
999 1454 1121 1485 Sensus
1143 1460 1279 1495 apertus
1303 1460 1368 1486 est:
1402 1454 1568 1496 populum
1592 1454 1785 1485 Romanum
1808 1456 1904 1488 1111105
1927 1458 1967 1489 ab

88 1507 253 1539 aedilibus
278 1506 406 1537 debitos
429 1517 497 1536 non
521 1505 697 1545 amittere,
740 1516 969 1547 quoscumque
999 1505 1099 1537 saciat
1121 1506 1257 1546 aedilis3
1295 1513 1388 1538 erant
1412 1513 1525 1538 autem
1548 1507 1621 1538 ludi
1644 1508 1764 1550 cupide
1788 1509 1925 1550 quidem
1948 1523 1968 1543 a

88 1560 217 1604 populo
242 1559 402 1602 expetiti,
426 1564 476 1590 set
499 1559 575 1590 stati
598 1565 698 1601 atque
721 1557 917 1597 sollemnes,
944 1564 983 1589 ut
1005 1558 1045 1590 iis
1068 1560 1234 1601 populum
1257 1558 1414 1591 fraudare
1438 1571 1505 1591 non
1530 1567 1666 1602 possent
1688 1561 1822 1600 aediles,
1849 1574 1867 1593 a
1891 1564 1967 1605 qui-

90 1614 152 1647 bus
184 1613 271 1644 nihil
298 1618 473 1654 praeterea
504 1612 562 1642 ille
590 1610 805 1654 expectabat3
842 1610 933 1652 iique
964 1612 1035 1643 ludi
1055 1613 1178 1656 parati
1203 1618 1342 1655 optume
1366 1612 1543 1651 dicuntur,
1583 1619 1621 1644 ul:
1643 1614 1705 1645 IV.
1729 1614 1763 1644 in
1792 1615 1889 1647 Catil.
1917 1629 1965 1649 10.

89 1679 180 1700 mons
204 1665 358 1697 omnibus
384 1670 433 1696 est
451 1670 594 1708 parata.
636 1663 737 1696 Adde
761 1663 803 1694 II.
831 1662 873 1694 ad
894 1663 974 1696 Diu.
998 1677 1028 1696 ¹1.
1057 1672 1090 1697 et
1112 1667 1321 1697 Hotomann.
1345 1665 1387 1696 ad
1416 1677 1443 1696 c-
1469 1676 1518 1697 22.
1550 1677 1613 1708 pro
1637 1667 1729 1697 Mil..
1776 1667 1887 1699 Simili
1910 1681 1966 1701 er-

88 1731 167 1753 rore
190 1720 216 1751 I.
240 1718 317 1750 Act.
344 1718 379 1748 in
402 1718 502 1750 Uerr.
530 1717 578 1749 18.
602 1716 745 1759 inrepsit
766 1728 837 1748 uox
861 1717 1072 1751 iudiciorum
1093 1731 1156 1762 pro
1181 1731 1241 1760 ea,
1275 1731 1375 1762 quam
1402 1718 1474 1751 sine
1504 1719 1572 1749 ulla
1597 1718 1805 1750 dubitatione
1829 1721 1963 1755 Tullius

87 1778 262 1816 posuerat,
286 1771 458 1803 ludorum.
467 1773 489 1786 “

170 1835 274 1876 Quod
296 1847 371 1866 mea
393 1835 507 1866 minus
531 1833 683 1874 interest)
727 1833 842 1866 Minus
870 1833 962 1865 enim
991 1834 1151 1878 prodesse
1176 1836 1262 1868 mihi
1293 1841 1387 1880 potes
1411 1835 1446 1865 in
1471 1834 1640 1866 aedilitate
1668 1846 1768 1877 quam
1793 1835 1829 1867 in
1851 1837 1962 1869 tribu-

87 1895 179 1922 natu.
224 1888 439 1920 MANUTIUS.

171 1952 331 1986 Reddam
354 1950 417 1981 tibi
439 1967 481 1974 —
498 1950 607 1993 paulo
631 1950 836 1994 diligentius
859 1950 1069 1994 supplicare)
1114 1951 1269 1983 Reddam
1296 1950 1431 1993 quidem
1461 1951 1538 1991 tibi,
1576 1951 1622 1991 si,
1660 1952 1750 1994 quod
1774 1953 1958 1995 ostendisti,

87 2006 295 2040 tribunatum
318 2003 365 2045 pl.
389 2009 505 2045 petere
527 2014 691 2042 recussas,
715 2002 920 2034 aedilitatem
942 2004 1057 2044 istam,
1087 2012 1136 2037 set
1158 2005 1392 2048 amplissumos
1415 2005 1576 2043 honores,
1606 2011 1801 2047 praeturam
1824 2012 1856 2038 et
1878 2018 1959 2038 con-

89 2059 253 2096 sulatum,
291 2067 437 2098 quorum
461 2055 775 2097 consequendorum
799 2067 911 2087 caussa
932 2058 1136 2090 aedilitatem
1166 2058 1269 2100 petis,
1306 2057 1370 2088 nisi
1394 2057 1659 2099 diligentissume
1681 2059 1767 2090 mihi
1790 2059 1959 2102 supplica-

90 2111 195 2149 ueris,
225 2120 293 2140 non
313 2108 518 2151 adipisceris.
560 2112 719 2141 Notumst
739 2115 868 2148 autem,
894 2110 984 2151 quod
1009 2111 1125 2143 Cicero
1150 2111 1190 2142 de
1212 2112 1316 2152 Legg.
1342 2111 1399 2149 III,
1424 2111 1452 2148 5,
1478 2122 1506 2152 7.
1532 2111 1629 2144 dicit:
1664 2113 1837 2156 Suntoque
1862 2115 1958 2146 aedi-

92 2165 151 2203 les,
175 2168 361 2195 coercitores
385 2162 491 2201 urbis,
515 2175 682 2201 annonae,
705 2163 932 2206 ludorumque
955 2164 1188 2201 sollemninmg
1215 2165 1359 2206 ollisque
1383 2164 1431 2195 nd
1444 2164 1581 2196 honoris
1604 2166 1783 2209 amplioris
1803 2167 1957 2209 gradum

91 2218 121 2249 is
142 2217 279 2260 primus
302 2227 460 2247 ascensus
483 2222 563 2249 esto.
609 2217 769 2248 Ceterum
791 2215 919 2258 patebit
938 2216 1020 2256 iam,
1057 2218 1240 2249 absurdum
1264 2228 1333 2247 esse
1356 2215 1621 2248 additamentum
1644 2218 1843 2250 aduerbium
1866 2226 1955 2259 ante,

90 2267 181 2311 quod
214 2267 249 2297 111
278 2267 444 2308 plurumis
477 2267 653 2299 deterioris
682 2274 779 2299 notae
809 2268 977 2300 codicibus
1009 2276 1086 2312 post
1110 2271 1216 2314 paulo
1248 2269 1412 2300 insertum
1442 2270 1622 2312 reperitur.
1668 2271 1815 2304 Uidetur
1844 2279 1955 2304 tamen

91 2320 150 2363 qui
166 2319 301 2362 primus
323 2318 452 2351 addidit
484 2320 531 2352 ita
554 2332 656 2363 super
673 2322 782 2365 paulo
807 2321 973 2364 posuisse,
1006 2329 1045 2354 ut
1069 2329 1145 2354 ante
1167 2323 1203 2354 id
1225 2321 1424 2354 aduerbium
1452 2321 1557 2354 inseri
1583 2323 1697 2356 uellet.
1742 2324 1832 2357 Uide
1855 2325 1953 2356 etiam

90 2372 222 2414 Proleg.
246 2371 322 2402 Lib.
345 2372 387 2402 II.
413 2373 450 2404 C.
473 2373 499 2404 Ι.
525 2374 554 2415 §.
582 2385 626 2405 1..
