2264 2746
759 112 784 141 c
804 111 833 141 A
852 113 893 142 Ρ.
933 112 1026 140 xvi.
1057 111 1085 152 §.
1105 117 1150 144 39.
1171 118 1215 144 40.
1869 124 1920 150 125

57 191 138 225 duci
160 191 273 223 uelis?
305 195 344 223 m
367 200 507 233 occupes
527 188 657 227 locum,
680 200 779 232 quem
801 188 961 221 idoneum.
982 188 1030 220 ad
1048 188 1122 220 uim
1145 194 1241 220 tuam
1263 189 1450 229 indicaris,
1473 190 1630 235 conpleas
1653 204 1812 231 numera,
1841 207 1920 226 con-

48 244 176 285 firmes
194 244 373 287 praesidio
396 255 461 287 quo
483 242 596 274 uelis?
612 243 738 286 populi
759 242 911 275 Romani
933 241 1164 284 uectigalibus
1187 248 1290 285 atque.
1313 244 1467 276 omnibus
1490 246 1597 289 copiis
1619 246 1732 289 ipsum
1750 247 1920 290 populum

56 298 254 329 Romanum
276 309 448 334 coerceas,
484 295 678 339 opprima-5,
715 297 855 339 redigas
878 295 915 327 in
938 295 1042 326 istam
1064 295 1325 327 decemuiralem
1349 297 1515 329 ditionem
1534 312 1575 330 ac
1588 301 1820 342 potestatem?
1859 310 1919 341 pro

55 350 202 382 INIurena
224 350 295 388 IX,
319 360 369 381 21.
392 355 425 380 et
448 361 525 380 cum
547 349 650 391 longo
672 348 859 380 interuallo
884 348 1038 387 ueneris,
1064 359 1141 379 cum
1163 348 1226 386 iis,
1251 349 1312 391 qui
1333 350 1368 381 iu
1383 350 1468 393 foro
1491 352 1714 393 habitarunt,
1739 353 1780 384 cle
1802 352 1921 395 digni-

55 409 127 435 tate
150 403 355 435 contendas?
379 401 457 432 ibid.
480 401 645 441 XXXV,
669 401 719 443 74.
744 408 782 433 ta
807 403 894 435 milti
915 413 1087 433 summum
1109 400 1300 443 inperium,
1322 415 1490 436 summam
1511 406 1767 445 aza-toritatem,
1793 411 1832 437 tu
1852 417 1923 449 gu-

55 455 242 487 bernacula
271 457 322 487 rei
343 455 503 499 publicae
526 460 629 498 petas
647 453 817 497 fouendis
845 455 1022 487 hominum
1044 453 1198 485 sensibus
1228 460 1262 485 et
1283 455 1489 489 deliniendis
1514 458 1640 489 animis
1665 464 1698 490 et
1719 458 1923 491 adhibendis

57 508 324 551 uoluptatibus?
362 519 424 550 pro
447 507 546 538 domo
569 507 616 546 ΙΙ,
649 506 681 538 4.
703 508 805 540 Itane
827 509 934 540 uero?
972 507 1063 550 quod
1083 507 1120 538 in
1142 506 1294 549 inperita
1316 509 1541 541 multitudine
1563 516 1613 542 est
1636 511 1922 551 uitiosissumum,

54 561 210 592 narietas
239 566 272 592 et
302 560 535 592 inconstantia
562 566 596 592 et
624 559 743 592 crebra
772 567 950 603 tamquam
980 563 1221 603 tempestatum
1251 560 1301 591 sic
1323 563 1572 594 sententiarum
1595 566 1826 604 commutatio,
1861 567 1923 598 hoc

55 618 96 644 tm
118 613 166 644 acl
187 614 247 644 hos
271 612 482 656 tran-«feras,
508 625 590 656 quos
613 612 655 645 ab
675 614 907 645 inconstantia
924 614 1090 656 grauitas
1112 630 1155 634 —
1178 612 1353 646 deterret?
1374 614 1413 644 de
1436 614 1511 645 Fin.
1537 616 1575 646 B.
1600 623 1629 647 et
1653 617 1701 649 M.
1725 618 1767 656 Il,
1795 618 1844 657 24,

1871 630 1922 660 77·

55 666 189 704 Quodsi
209 665 344 697 uoltum
367 666 446 701 tibi,
470 667 501 698 si
522 667 692 698 incessum
707 665 888 709 fingeres,
913 678 979 709 quo
999 665 1149 708 grauior
1171 666 1345 703 uiclerere,
1369 679 1436 699 non
1460 680 1548 700 esses
1572 669 1626 700 tm·
1647 670 1788 702 similis.-
1819 672 1924 704 uerba

58 722 98 748 tu
112 716 240 760 fingas
262 723 295 750 et
317 731 357 751 ea
379 720 494 758 dicas,
518 731 605 763 qnae
625 731 692 751 non
715 720 862 757 sentias,
882 736 925 742 —
947 719 1164 750 occultetur?

141 781 196 812 Ta.
218 794 271 814 me
294 784 420 825 ignaro
438 799 480 805 —
501 787 605 825 atque
628 779 783 813 omnibus
809 781 958 825 iniquos)
982 782 1076 813 Haec
1098 792 1157 813 cur
1179 780 1273 812 uncis
1296 780 1493 814 incluserim
1516 789 1547 815 et
1568 785 1683 827 spuria
1704 793 1819 829 putem
1843 798 1924 827 esse,

56 833 189 876 Proleg.
212 835 254 866 L.
278 836 321 866 Il.
347 836 384 866 C.
410 836 452 866 II.
478 845 511 876 p.
534 834 602 865 LX
624 845 697 876 sqq.
722 834 877 877 exposui.

134 897 185 928 Et
208 903 348 929 tuorum
369 896 591 939 necessarios)
636 897 689 928 De
710 897 737 928 B
761 902 794 928 et
816 897 844 928 E
868 897 1052 939 scriptura,
1092 904 1170 941 post
1193 905 1332 931 tuorum
1353 897 1544 931 addentium
1564 901 1771 940 amicorum,
1812 902 1924 933 moni-

50 955 154 981 tumst
176 950 211 981 in
234 950 366 992 Proleg.
392 950 471 982 Lib.
496 950 539 981 II.
562 950 599 981 C.
623 950 666 980 H.
692 950 721 991 ς.
745 950 775 982 8.
806 961 840 992 p.
863 950 998 981 XLII..

142 1013 208 1046 Uel
235 1014 371 1057 iniquos
399 1014 457 1045 uel
486 1026 593 1052 meos,
634 1013 692 1045 uel
721 1013 827 1044 etiam
855 1012 1073 1056 defensorum
1105 1014 1270 1056 meorum)
1317 1012 1420 1055 Quod
1447 1013 1598 1058 primum
1622 1016 1765 1048 uerbum
1790 1018 1924 1061 iniquos

53 1066 191 1105 adtinet,
227 1071 318 1097 recte
342 1065 407 1096 hoc
429 1077 448 1096 a
468 1065 687 1108 wfopkensio
711 1065 753 1095 ad
777 1065 885 1096 Tacit.
909 1066 970 1098 III.
997 1068 1090 1099 Ann.
1114 1069 1144 1099 4.
1168 1068 1204 1099 in
1227 1067 1322 1100 Actis
1345 1067 1491 1099 Traiect.
1516 1069 1558 1099 T.
1585 1069 1645 1109 IL,
1670 1082 1769 1112 quem
1792 1082 1926 1102 memo-

50 1118 137 1149 rauit
163 1117 385 1157 Garatonius‚
408 1124 526 1150 contra
547 1117 774 1157 Lambinum,
802 1117 859 1159 qui
882 1119 1175 1161 paucissumorum
1198 1120 1348 1152 codicum
1373 1132 1560 1163 eorumque
1582 1135 1818 1165 pessumorum
1841 1123 1925 1154 scri-

47 1176 185 1214 pturam
209 1168 367 1202 inimicos
392 1171 570 1212 praetulit,
606 1169 824 1202 defensumst.
871 1171 1023 1204 Omnino
1050 1173 1196 1205 dubitari
1218 1172 1353 1215 nequit,
1389 1174 1470 1215 quin
1493 1186 1592 1218 saepe
1614 1188 1632 1207 a
1655 1177 1786 1208 Latinis
1812 1177 1925 1219 iniqui

47 1222 250 1255 substantiui
278 1224 352 1255 loco
376 1223 500 1254 dictum
523 1223 575 1255 sit.
620 1223 711 1256 Uide
741 1234 825 1265 quae
848 1224 887 1254 ad
913 1225 950 1256 C.
972 1226 1107 1257 XXIII.
1132 1228 1162 1269 §.
1186 1228 1237 1267 57.
1261 1227 1388 1257 monita
1410 1233 1498 1258 sunt.
1542 1230 1615 1260 Nec
1642 1229 1706 1260 hoc
1736 1231 1811 1262 loco
1841 1231 1923 1261 aliut

48 1276 130 1319 quid
153 1276 194 1307 ab
219 1283 356 1308 auctore
378 1276 541 1320 scriptum
564 1276 683 1315 fuisse,
719 1276 848 1308 codices
873 1278 1054 1310 manifesto
1081 1280 1274 1314 ostendunt.
1320 1280 1451 1312 Deinde
1474 1292 1557 1312 uero
1581 1282 1792 1314 offenderunt
1818 1283 1923 1314 edito-

46 1342 98 1362 res
121 1330 180 1362 uel
200 1329 385 1372 particulae
407 1335 484 1360 ante
507 1330 643 1373 iniquos
666 1335 699 1361 et
720 1342 810 1362 meos
833 1330 973 1373 positae.
1018 1331 1135 1374 Itaque
1160 1333 1363 1364 Garatonius
1386 1334 1602 1366 scribendum
1625 1336 1778 1367 coniecit:
1806 1342 1838 1368 et
1868 1337 1923 1367 in-

48 1383 166 1415 imicos
188 1382 246 1414 uel
269 1394 376 1419 meos,
407 1382 465 1413 uel
485 1383 601 1414 etiam.
647 1383 771 1414 Contra
802 1383 953 1415 Orellius
977 1383 1147 1417 edendum
1170 1386 1318 1418 curauit:
1360 1387 1497 1430 iniquos
1524 1389 1582 1421 uel
1602 1402 1702 1428 meos,
1726 1390 1784 1422 uel
1805 1391 1920 1427 etiam,

48 1435 210 1466 adnotans
232 1435 272 1465 ad
291 1435 325 1465 h.
348 1435 480 1466 locum:
507 1460 529 1474 „
541 1435 599 1467 uel
621 1435 710 1467 enim
733 1442 810 1467 ante
834 1437 971 1479 iniquos
994 1437 1050 1468 uel
1075 1439 1233 1471 inimicos
1255 1450 1298 1470 ex
1321 1439 1385 1470 hoc
1408 1440 1481 1482 ipso
1507 1441 1673 1483 originem
1697 1443 1804 1481 duxit,
1832 1443 1919 1484 quod

48 1488 84 1519 in
105 1486 258 1529 margine
279 1486 519 1520 adnotabatur:
544 1489 681 1532 iniquos
705 1490 762 1520 uel
785 1490 982 1522 inimicos.“
1026 1491 1191 1523 Garatoni
1214 1492 1401 1524 coniectura
1423 1493 1528 1525 multo
1552 1495 1707 1527 audacior
1729 1502 1796 1535 est,
1821 1507 1922 1537 quam

49 1552 133 1583 quae
154 1539 293 1583 probari
315 1540 439 1583 possit,
471 1552 547 1571 cuni
571 1542 629 1573 uel
651 1548 750 1583 atque
773 1549 806 1574 et
827 1542 1011 1584 particulae
1033 1550 1101 1575 tam
1125 1545 1266 1576 diuersis
1290 1545 1389 1576 scribi
1415 1546 1482 1577 sint
1507 1548 1624 1579 solitae
1648 1548 1860 1591 conpendiis,
1885 1555 1921 1579 ut

47 1604 254 1635 numquam,
283 1592 373 1635 quod
397 1593 632 1631 meminerim,
660 1594 817 1626 confusae
840 1595 1063 1637 reperiantur.
1107 1598 1217 1629 Orelli
1240 1599 1430 1630 coniectura
1454 1611 1521 1630 non
1544 1601 1771 1633 audacissuma
1797 1602 1918 1641 solum,

46 1658 168 1679 uerum
192 1645 292 1677 etiam
316 1657 335 1676 a
357 1646 522 1677 sententia
544 1646 609 1677 loci
631 1646 750 1678 aliena.
791 1647 880 1678 Nam
905 1648 933 1679 si
956 1651 1014 1681 uel
1035 1657 1148 1682 ortum
1172 1651 1212 1681 ab
1236 1662 1274 1682 eo
1299 1658 1392 1690 esset,
1420 1651 1477 1693 qui
1502 1654 1695 1696 explicandi
1719 1667 1830 1687 caussa
1852 1667 1918 1698 pu-

46 1706 137 1732 tatur
166 1709 269 1741 super
298 1699 434 1742 iniquos
462 1698 633 1741 scripsisse
661 1700 719 1732 uel
748 1701 923 1740 inimicos,
963 1701 1098 1734 deberet
1127 1703 1225 1734 etiam
1256 1703 1289 1734 id
1311 1704 1421 1747 ipsum
1453 1706 1511 1737 uel
1532 1707 1688 1739 inimicos
1711 1714 1768 1738 aut
1786 1714 1917 1739 tantum

47 1754 184 1796 iniquos
218 1751 253 1782 in
284 1751 454 1783 codicibus
485 1752 650 1794 scriptum
683 1759 809 1786 extare.
853 1754 915 1784 Est
944 1761 1056 1786 autem
1087 1756 1122 1787 in
1146 1758 1294 1799 optumis
1317 1770 1353 1789 ac
1375 1758 1475 1800 longe
1498 1760 1665 1801 plurumis
1691 1761 1749 1792 uel
1770 1761 1917 1804 z'niqzeOS,

48 1815 195 1848 quorum
228 1803 384 1836 librarios
412 1806 623 1838 statuendum
655 1813 756 1847 esset,
793 1806 827 1837 id
849 1807 938 1848 *quod
964 1808 1004 1839 ab
1028 1809 1120 1840 omni
1144 1810 1381 1852 probabilitate
1411 1811 1587 1851 abhorret,
1628 1813 1761 1854 signum
1785 1820 1914 1845 tantum

45 1859 173 1901 glossae
195 1857 453 1900 superscriptae,
478 1870 587 1901 neque
610 1871 691 1893 uero
715 1860 822 1902 ipsam
844 1859 988 1901 glossam
1010 1863 1186 1905 recepisse.
1231 1864 1318 1895 Cum
1335 1864 1460 1896 codices
1479 1865 1548 1895 sere
1564 1877 1679 1897 omnes
1702 1865 1794 1908 iique
1815 1879 1915 1910 prae-

44 1910 251 1943 stantissumi
274 1911 360 1942 hanc
382 1911 593 1954 scripturam,
617 1914 676 1945 uel
696 1914 831 1957 iniquos
854 1913 912 1944 uel
932 1925 1033 1953 meos,
1057 1921 1225 1955 tueantur,
1254 1928 1393 1958 eamque
1416 1917 1581 1948 sententia
1604 1917 1670 1948 loci
1692 1920 1770 1951 satis
1793 1921 1914 1952 admit-

44 1970 108 2002 tat,
138 1974 210 1994 non
233 1962 354 2004 uideo,
391 1975 451 1995 cur
473 1963 705 1998 audacioribus
729 1966 929 1998 coniecturis
953 1967 1196 2010 indulgendum
1217 1969 1279 2007 sit,
1311 1981 1513 2011 quamquam
1536 1971 1601 2001 hoc
1623 1982 1727 2012 genus
1750 1972 1911 2015 loquendi

46 2017 103 2048 uel
124 2016 260 2059 iniquos
282 2017 340 2049 uel
361 2029 450 2049 meos
473 2028 542 2048 non
567 2018 752 2052 offensione
775 2025 875 2051 caret.
921 2019 978 2052 Set
999 2020 1075 2051 uide
1098 2022 1228 2065 Proleg.
1254 2022 1296 2054 L.
1319 2023 1362 2053 II.
1389 2023 1426 2054 C.
1452 2024 1493 2053 II.
1517 2035 1550 2065 p.
1574 2024 1658 2055 LXI
1681 2036 1772 2067 sqq..

130 2079 330 2111 Consessum
350 2092 503 2113 meorum
526 2082 694 2124 iudicum)
740 2082 867 2113 Contra
889 2083 1089 2117 latinitatem
1114 2086 1234 2126 fuisse,
1272 2086 1360 2128 quod
1382 2092 1459 2117 ante
1483 2087 1705 2120 Garatonium
1727 2089 1909 2133 legebatur,

45 2144 164 2166 eorum
184 2142 245 2173 pro
268 2144 433 2173 meorum,
458 2146 527 2166 nou
550 2147 633 2178 opus
657 2142 707 2167 est
728 2141 766 2166 ut
787 2135 892 2166 uerbo
915 2136 1062 2169 doceam.

126 2194 226 2238 Aput
248 2206 367 2239 eosque
394 2209 448 2230 me
468 2211 510 2231 ne
532 2200 681 2244 quinque
704 2199 841 2243 quidem
864 2201 1015 2241 reiectis,
1057 2203 1148 2246 quod
1173 2203 1210 2234 in
1234 2214 1404 2246 proxmno
1433 2215 1490 2235 reo
1523 2205 1564 2236 cle
1592 2207 1716 2238 consili
1739 2209 1908 2241 sententia

44 2248 320 2286 constitutum-st,
353 2262 456 2292 cogas
474 2266 633 2286 caussam
653 2270 696 2277 —
717 2251 842 2295 dicere)
887 2253 974 2284 Iam
1003 2254 1048 2285 de
1079 2255 1301 2287 sodaliciis
1332 2266 1492 2288 causam
1524 2258 1695 2290 dixerat
1717 2259 1753 2291 P.
1779 2261 1907 2293 Uati-

42 2300 139 2332 nius
169 2299 312 2330 eodem
343 2301 596 2337 defendente
624 2307 673 2338 M.
698 2305 926 2345 Cicerone5
966 2307 1083 2340 cuius
1114 2308 1317 2351 exemplo
1350 2316 1474 2352 negat
1505 2310 1748 2353 iniquitate
1770 2314 1905 2345 Late-

43 2351 180 2384 rensis
208 2363 298 2383 esse
322 2354 495 2389 Plancio
524 2359 792 2401 permissum,
832 2358 1021 2401 quinque
1054 2362 1203 2393 saltem
1235 2360 1409 2393 iudices
1437 2363 1616 2404 reicere,
1656 2377 1740 2408 quo
1769 2366 1903 2397 mani-

43 2405 157 2437 festa
190 2404 245 2435 sit
274 2406 533 2450 improbitas
570 2411 787 2444 obstinate
816 2412 1054 2445 conitentis
1082 2413 1273 2453 inimici,
1315 2422 1356 2446 ut
1386 2428 1483 2448 reus
1516 2417 1722 2450 innocens
1752 2418 1901 2461 oppri-
