2264 2746
786 115 809 144 C
830 114 857 143 A
878 115 920 143 P.
959 114 1069 144 XXII.
1096 113 1123 154 §.
1149 121 1192 148 53.
1221 121 1266 148 54.
1909 126 1961 153 119

85 203 161 222 rum
186 190 342 233 suffragia
365 189 518 221 Plancius
541 189 674 220 tulerat.
720 190 836 221 Minor
860 197 975 221 contra
1001 190 1155 221 coitionis
1179 190 1323 234 suspicio
1347 198 1433 231 erat,
1466 191 1494 223 si
1517 190 1681 223 eiusmodi
1705 193 1829 232 tribus,
1860 207 1959 236 quam

82 255 124 274 ex
147 249 281 274 centum
306 243 498 274 hominibus
522 242 710 273 constitisse
733 243 909 285 ponimus,
935 243 1092 285 suffragia
1115 250 1231 274 cuncta
1256 244 1425 283 Plancius,
1457 245 1698 287 quinquaginta
1721 246 1864 286 Plotius,
1897 248 1960 278 tri—

80 296 173 338 ginta
197 297 345 338 quinque
368 295 507 331 Pedius,
544 295 736 337 quindecim
760 295 952 326 Laterensis
986 296 1119 326 tulerat.
1165 297 1294 328 Uerum
1325 304 1507 340 utrumque
1537 297 1564 328 si
1588 296 1711 329 factum
1742 305 1830 337 erat,
1869 301 1959 341 quod

79 348 205 380 factum
230 361 299 380 esse
322 348 514 380 Laterensis
539 348 629 387 dicit,
655 355 691 380 ut
714 348 819 379 tribus
843 348 1021 390 plerasque
1045 360 1119 379 cum
1146 348 1254 379 Plotio
1279 349 1408 381 tulisset
1432 350 1601 388 Plancius,
1627 357 1659 381 et
1681 351 1859 382 nonnullas
1884 353 1960 394 qui-

80 402 158 433 dem
188 402 321 445 punctis
350 413 456 444 paene
488 401 649 433 totidem:
692 407 764 433 tum
794 407 883 432 recte
915 412 990 433 casu
1022 402 1056 432 id
1079 401 1236 433 accidisse
1266 413 1388 444 negare
1411 403 1603 435 Laterensis
1628 409 1660 434 et
1682 403 1862 435 coitionem
1890 417 1959 437 esse

79 452 198 486 factam
223 456 350 486 coicere
374 453 495 496 potuit.

165 508 295 539 Callide
320 508 456 545 Cicero,
491 506 548 547 qui
572 513 643 538 erat
666 507 736 539 eius
759 520 831 539 mos
854 519 951 538 reum
979 506 1206 545 defendentis,
1241 507 1377 550 utrique
1399 515 1597 549 argumento
1624 509 1670 540 ita
1693 509 1890 551 respondet,
1921 517 1959 542 ut

78 571 147 590 non
171 559 286 592 doceat
311 560 422 591 inania
445 571 514 590 esse
538 560 784 602 diligenterque
808 559 948 595 refutet,
974 559 1005 590 id
1032 559 1121 601 quod
1146 558 1255 590 facere
1275 572 1340 591 non
1364 561 1485 603 potuit,
1510 573 1628 592 uerum
1654 569 1689 593 ut
1711 563 1807 594 breui
1831 563 1957 602 reiciat,

77 622 115 642 ac
137 611 165 643 si
189 613 314 644 nullius
337 613 402 643 sint
427 612 600 649 momenti,
626 613 777 654 adeoque
802 612 943 643 ridicula
969 612 1077 643 facere
1101 613 1233 644 studeat
1254 615 1289 654 ¹).
1334 615 1420 644 Nam
1446 624 1530 654 quae
1553 614 1591 644 ad
1618 616 1766 657 primum
1792 617 1958 647 Lateren-

76 663 120 695 sis
143 671 379 705 argumentum
409 664 608 707 respondet:
642 678 686 696 an
717 678 786 697 una,
806 665 895 708 fieri
921 671 1132 707 potnerunt,
1168 667 1199 697 si
1222 679 1293 698 nna
1322 666 1431 697 tribus
1460 678 1525 697 non
1550 669 1709 700 tulisset?
1743 681 1779 700 ea
1809 669 1958 712 speciosa

77 716 232 758 quidem,
274 730 394 749 uerum
425 718 576 748 minume
602 729 643 748 ex
668 718 760 749 omni
785 724 878 760 parte
904 729 983 748 uera
1011 724 1098 748 sunt.
1144 718 1281 749 Etenim
1309 719 1336 749 si
1361 718 1513 749 Plancius
1538 720 1747 762 undeuiginti
1773 722 1879 753 tribus
1901 728 1958 753 tu-

76 769 187 809 lisset,
220 782 263 802 ex
286 772 393 812 iisque
417 771 629 812 undeuiginti
654 771 734 802 duas
760 770 904 808 Plotius,
940 782 1062 801 nouem
1086 770 1224 809 Pedius,
1256 778 1329 802 octo
1352 772 1562 810 Laterensis,
1600 773 1744 814 reliquas
1769 781 1880 806 autem
1903 788 1957 807 se-

77 822 185 854 decim
209 824 315 855 tribus
342 824 484 860 Plotius,
510 835 551 854 ex
576 823 684 865 iisque
707 830 781 854 octo
806 823 944 860 Pedius,
969 829 1043 853 octo
1065 824 1275 854 Laterensis:
1308 823 1462 854 Plancius
1485 830 1517 854 et
1542 824 1669 856 Plotius
1693 828 1876 859 necessario
1900 841 1957 859 ae-

77 874 160 906 diles
184 875 262 907 sacti
286 883 409 912 essent,
446 876 490 906 ita
514 882 642 912 tamen,
677 883 715 908 ut
738 876 818 906 duas
842 881 971 906 tantum
996 875 1103 906 tribus
1127 887 1192 906 una
1216 875 1354 907 ferrent.
1400 877 1517 918 Itaque
1541 877 1604 907 hoc
1629 878 1765 919 quidem
1794 888 1957 922 uerumst,

76 929 256 960 nonnullas
284 929 391 960 tribus
423 929 607 959 necessario
632 929 805 959 Plancium
836 934 867 958 et
892 928 1039 958 Plotium
1068 940 1134 959 una
1160 928 1250 959 ferre
1280 929 1451 967 debuisse,
1487 941 1562 960 cum
1586 941 1651 960 una
1681 930 1800 962 fierent
1822 933 1956 973 aediles,

76 991 198 1012 uerum
222 982 299 1013 illut
323 981 395 1012 fieri
417 993 483 1012 non
509 981 704 1023 oportebat,
729 987 780 1017 ut,
806 978 895 1021 quod
919 980 1042 1010 factum
1065 981 1258 1012 Laterensis
1282 981 1372 1021 dicit,
1397 982 1503 1012 tribus
1526 982 1704 1024 plerasque
1728 995 1794 1014 una
1816 983 1956 1017 ferrent.

161 1044 319 1075 Alterum
343 1050 595 1085 argumentum,
633 1045 673 1075 ab
694 1045 877 1076 Laterense
899 1042 1067 1081 adlatum,
1104 1043 1166 1074 hac
1189 1045 1415 1086 potissumum
1438 1044 1568 1075 ratione
1591 1045 1701 1077 refelli
1723 1053 1834 1089 putat,
1867 1049 1957 1090 quod

74 1096 219 1128 maiores
251 1097 464 1128 sorti-tionem
495 1097 683 1128 aediliciam
713 1107 781 1127 non
810 1095 1077 1133 constituissent,
1113 1097 1177 1128 nisi
1207 1109 1283 1128 casu
1311 1097 1461 1128 accidere
1490 1109 1587 1140 posse
1614 1098 1878 1140 intellexissent,
1921 1109 1957 1134 ut

74 1149 300 1191 eonpetitores
330 1160 426 1191 pares
455 1149 621 1191 suffragiis
652 1154 771 1181 essent.
816 1148 888 1179 Nec
919 1148 970 1179 his
994 1148 1090 1179 dictis
1114 1150 1306 1181 Laterensis
1338 1156 1575 1192 argumentum
1602 1152 1701 1194 plane
1730 1153 1955 1196 redarguitur,

75 1202 133 1243 qui
157 1214 224 1233 non
248 1214 344 1245 pares
366 1202 532 1245 suffragiis
556 1203 731 1234 Plancium
754 1207 787 1231 et
809 1200 958 1232 Plotium
982 1200 1099 1240 fuisse,
1135 1208 1185 1232 set
1208 1203 1386 1242 nonnullas
1411 1203 1536 1243 tribus,
1572 1216 1651 1246 quas
1674 1205 1824 1237 fortassis
1853 1207 1956 1250 largi-

75 1254 167 1285 tione
194 1255 294 1286 etiam
322 1262 495 1299 corruptas
518 1256 696 1297 arguebat,
723 1254 855 1296 punctis
878 1265 984 1296 paene
1008 1254 1151 1285 totidem
1174 1254 1289 1286 tulisse
1314 1255 1464 1287 dixisset.

161 1313 384 1345 Sortitionem
407 1314 617 1355 aediliciam)
663 1313 741 1344 Duo
765 1311 964 1342 creabantur
987 1311 1110 1343 aediles
1134 1312 1277 1343 curules.
1322 1313 1415 1344 Fieri
1438 1320 1549 1344 tamen
1571 1321 1720 1357 poterat,
1757 1322 1789 1347 et
1816 1323 1854 1348 ut
1876 1318 1956 1360 plu-

74 1377 127 1398 res
155 1378 254 1408 quam
279 1366 345 1396 duo
368 1372 541 1408 peterent,
580 1372 613 1396 et
636 1371 673 1395 ut
694 1365 809 1407 plures
834 1365 934 1395 etiam
960 1377 1057 1407 pares
1081 1363 1247 1405 suffragiis
1272 1371 1388 1396 essent.
1435 1366 1535 1407 Quod
1560 1367 1588 1398 si
1610 1369 1792 1409 accideret,
1830 1373 1956 1403 consti-

74 1425 186 1450 tutum
209 1424 258 1449 est
280 1430 299 1448 a
321 1419 523 1457 maioribus,
547 1424 584 1449 ut
607 1418 828 1455 sortirentur,
854 1418 990 1459 quinam
1014 1430 1057 1448 ex
1080 1417 1119 1448 iis
1143 1417 1348 1449 aedilitatem
1372 1425 1538 1460 gererent.
1584 1421 1643 1451 Sin
1666 1428 1776 1452 autem
1800 1423 1863 1453 soli
1888 1424 1954 1455 duo

75 1471 218 1502 totidem
248 1470 405 1512 suffragia
436 1471 607 1508 tulissent,
641 1470 774 1502 sortitio
803 1470 914 1501 locum
938 1482 1007 1501 non
1036 1470 1197 1507 habebat,
1234 1470 1258 1500 ii
1289 1471 1378 1502 enim
1401 1472 1524 1503 aediles
1547 1474 1843 1514 renuntiabantur‚
1878 1487 1953 1508 cum

77 1524 145 1554 duo
176 1530 305 1554 tantum
336 1523 458 1554 aediles
490 1535 559 1554 esse
591 1529 774 1565 oporteret.
815 1524 1029 1555 MANL‘TIL'S.
1081 1521 1151 1553 Cfr.
1186 1523 1287 1554 etiam
1317 1525 1393 1556 Nic.
1423 1525 1594 1557 Gruchius
1625 1525 1665 1556 de
1697 1527 1820 1559 Comit.
1850 1529 1953 1561 Rom.

77 1576 153 1608 Lib.
177 1577 220 1607 Π.
245 1588 271 1606 6.
292 1576 321 1607 4.
345 1588 378 1618 p.
403 1576 463 1607 685
487 1588 535 1617 sq.
557 1576 660 1623 T‘lles.
686 1576 831 1607 Graeu..

165 1641 194 1682 §.
219 1640 270 1671 54.
314 1640 364 1671 Et
395 1640 448 1671 ais
472 1638 650 1682 prioribus
680 1640 827 1670 comitiis
848 1638 1035 1670 Aniensem
1063 1651 1083 1669 a
1107 1638 1224 1670 Plotio
1246 1639 1377 1678 Pedio,
1420 1641 1642 1672 Terentinam
1671 1654 1693 1674 a
1713 1643 1859 1674 Plancio
1890 1644 1954 1676 tibi

76 1706 147 1726 esse
168 1694 369 1732 concessam)
413 1692 505 1724 Ante
529 1692 754 1723 Garatoniuin
782 1691 817 1722 in
841 1691 1044 1721 editionibus
1073 1691 1229 1722 omnibus
1255 1692 1364 1723 Pedio
1395 1692 1664 1732 desiderabatur,
1707 1695 1796 1736 quod
1827 1708 1952 1729 nomeu

75 1752 166 1778 recte
194 1744 398 1776 Garatonius
425 1756 467 1775 ex
490 1745 516 1775 B
541 1751 574 1775 et
597 1745 624 1775 E
656 1745 808 1775 codicum
837 1743 1035 1774 auctoritate
1064 1744 1310 1775 restituendum
1340 1745 1484 1776 monuit.
1506 1769 1509 1771 -
1529 1747 1648 1787 Neque
1679 1744 1760 1778 uero
1791 1750 1952 1782 omissum

76 1799 112 1831 in
135 1798 274 1839 reliquis
298 1796 394 1827 codd.
419 1803 483 1834 est,
508 1803 557 1827 set
579 1797 665 1827 mire
687 1803 817 1828 tantum
841 1802 1051 1838 corruptum.
1094 1797 1183 1828 Uide
1205 1809 1295 1828 uarr.
1319 1797 1489 1828 lectiones.
1535 1800 1730 1830 Necessario
1753 1808 1865 1834 autem
1888 1815 1953 1835 no-

76 1863 156 1883 111611
183 1850 263 1881 Pedi
288 1849 341 1880 hic
363 1849 440 1879 addi
465 1848 635 1887 debuisse,
673 1849 843 1880 declarant
870 1848 988 1886 uerba,
1025 1860 1108 1889 quae
1133 1856 1309 1887 secuntur,
1347 1851 1425 1888 lios,
1458 1863 1540 1893 qnos
1563 1852 1630 1882 inm
1658 1857 1731 1883 tum
1757 1855 1951 1887 coniunctos

70 1904 189 1949 fili-sse
212 1903 317 1942 dicis,
354 1903 524 1933 iacturam
548 1914 691 1933 suarum
715 1902 883 1939 tribuum,
923 1913 987 1943 qao
1011 1914 1088 1932 uos
1112 1902 1210 1933 adin
1223 1903 1417 1933 [tarentin
1429 1903 1457 1940 i,
1483 1902 1623 1945 fecisse.
1667 1905 1705 1934 ln
1733 1906 1852 1946 quibus
1875 1919 1951 1939 cuin

79 1957 181 1996 dicat,
214 1969 278 2000 qno
305 1968 364 1987 uos
387 1955 664 1993 (ulianaremini,
696 1953 909 1984 manifestum
933 1960 998 1992 est,
1035 1954 1140 1984 tribus
1164 1954 1351 1985 Aniensem
1375 1962 1407 1986 et
1430 1956 1648 1987 Terentinam
1672 1969 1739 1988 non
1762 1959 1825 1989 soli
1847 1960 1952 1990 Late—

77 2009 165 2041 rensi
188 2020 356 2040 concessas
381 2020 467 2048 esse,
493 2013 543 2038 set
565 2008 704 2038 alteram
728 2012 855 2038 tantum
878 2006 1070 2046 Laterensi,
1095 2007 1234 2038 alteram
1257 2007 1460 2050 eonpetitori
1483 2007 1570 2048 eius,
1600 2009 1746 2052 ideoque
1765 2011 1951 2044 Aniensem

158 2166 183 2207 1)
223 2168 347 2206 Saepius
367 2168 422 2197 hac
443 2173 507 2197 arte
526 2179 597 2197 usus
620 2172 664 2196 est
685 2167 805 2202 Cicero,
825 2172 859 2195 ut
879 2177 935 2205 pro
956 2166 1065 2195 Milon.
1090 2167 1123 2195 C.
1145 2167 1197 2202 X.‚
1219 2166 1256 2195 ad
1278 2168 1364 2196 cuius
1385 2169 1493 2207 capitis
1515 2170 1625 2205 uerba,
1656 2171 1768 2199 Statim
1788 2173 1949 2209 conplures

80 2218 112 2245 in
135 2216 361 2253 hnncsocinnt
381 2217 416 2245 cle
437 2218 501 2244 loco
521 2217 676 2253 superiore
696 2218 852 2252 inpetum,
887 2215 1040 2252 interpres
1062 2215 1229 2242 Uaticanus
1256 2226 1285 2253 p.
1310 2225 1369 2244 111.
1395 2216 1440 2243 cd.
1463 2217 1533 2244 Mai.
1562 2223 1686 2255 optume
1712 2218 1786 2246 haec
1813 2221 1948 2247 monuit:

81 2266 166 2292 Pars
185 2263 261 2291 haec
282 2266 472 2292 narrationis
492 2265 654 2301 aliquanto
675 2264 828 2291 turbatior
850 2269 901 2290 est.
941 2264 1014 2290 Sine
1041 2262 1130 2290 (lubio
1158 2265 1188 2290 in
1213 2274 1246 2290 va
1267 2264 1366 2290 malta
1378 2264 1571 2300 singulam]
1601 2276 1708 2293 nerum
1727 2266 1808 2294 lianc
1834 2278 1949 2296 omnent,

82 2311 332 2347 confit-sissinium
347 2313 581 2346 permixtionem
604 2313 714 2338 cursim
731 2311 963 2348 praeteruolat:
997 2321 1015 2337 n
1027 2322 1041 2337 0
1051 2320 1067 2337 n
1095 2312 1195 2337 enim
1224 2310 1314 2337 delae
1324 2317 1364 2337 nt
1392 2321 1434 2337 cn
1445 2321 1472 2337 m
1494 2322 1521 2338 in
1532 2323 1546 2338 o
1555 2323 1570 2338 r
1581 2322 1600 2338 (ι
1615 2315 1822 2349 protrahi,
1853 2327 1949 2353 qnae

83 2358 220 2385 aicleri
247 2357 455 2385 indicibus
478 2364 653 2394 possunt
681 2359 848 2395 aliquod
872 2357 1020 2393 habere
1039 2358 1298 2395 figmentum,
1331 2368 1372 2385 ne
1393 2364 1541 2393 orator,
1575 2361 1608 2386 si
1628 2360 1855 2389 laciniosus
1875 2365 1948 2395 sil,

78 2406 117 2432 in
146 2406 354 2433 mendacio
380 2405 714 2442 deprehendatur.
