2264 2746
338 59 375 83 &2
985 48 1557 78 COMMENTARIUS.

339 126 525 159 tentionem
550 130 704 156 uostrum
727 122 850 164 exigiS,
886 127 920 152 et
943 134 1004 155 cur
1027 129 1065 155 tn
1088 124 1126 155 id
1152 124 1188 155 itz
1213 123 1343 155 iudicio
1366 130 1405 155 nt
1420 123 1495 166 fiat
1517 124 1699 169 exprimis,
1730 123 1765 155 id
1788 130 1856 163 est,
1891 135 1950 155 cur
1974 130 2012 156 tu
2035 125 2141 168 exigis
2170 131 2208 157 ut

341 179 398 211 fiat
426 177 596 210 contentio
628 182 792 207 nostrum.
836 176 968 207 Uerum
998 187 1100 217 quom
1129 176 1164 207 in
1188 177 1320 218 Proleg.
1343 177 1385 208 L.
1410 176 1451 206 ΙΙ.
1477 177 1514 208 Ο.
1538 178 1564 208 Ι.
1590 179 1619 219 §.
1645 178 1674 209 8.
1699 176 1923 215 docuerimus,
1948 178 2146 208 Bauaricum
2178 183 2210 209 et

341 230 593 268 Erfurtensem,
619 227 675 269 qui
698 227 777 259 libri
800 227 863 258 soli
887 227 1009 270 zztfiat
1032 228 1178 269 addunt,
1208 229 1290 260 haut
1312 240 1388 259 raro
1415 227 1639 271 interpretum
1663 230 1890 260 additamenta
1913 229 2077 261 Tullianis
2100 231 2213 262 uerbis

344 283 565 320 inmiscuisse,
591 291 760 321 quomque
782 280 912 312 facilius
935 281 1174 324 perspiciatur,
1209 293 1268 313 cur
1293 281 1407 312 addita
1430 281 1509 312 haec
1531 283 1570 313 ab
1594 282 1780 324 interprete
1802 281 1889 320 sint,
1921 293 2018 323 quam
2044 283 2213 324 quomodo

344 337 461 370 librari
484 332 692 376 neglegentia
715 333 826 365 omitti
847 335 1032 376 potuerint,
1060 333 1224 366 Garatoni
1247 334 1353 366 malui
1377 345 1476 376 quam
1501 334 1620 375 Orelli,
1649 335 1706 378 qui
1729 334 1824 365 Tulli
1846 335 1926 365 haec
1948 334 2052 366 uerba
2072 336 2215 378 putauit,

345 390 467 423 iudicio
490 385 710 418 subscribere.

430 441 501 474 Ili(-
523 451 625 482 ([ιιαηι
647 439 707 470 ille
729 440 890 483 dignior.-
908 453 1078 484 perquam
1099 445 1245 483 granest
1268 439 1377 483 clieta)
1422 440 1550 471 Errant
1569 440 1787 482 interpretes,
1825 439 1883 482 qui
1906 439 1957 471 his
1983 439 2096 471 uerbis
2115 451 2218 483 gene-

347 496 450 529 ralem
473 491 674 524 sententiam
697 493 862 523 contineri
885 499 1015 535 putant.
1060 492 1267 524 Pronomine
1292 493 1348 524 hic
1370 493 1542 533 Plancius,
1576 493 1635 525 ille
1662 493 1853 524 Laterensis
1883 492 2100 534 significatur.
2143 494 2220 525 Hoc

348 548 437 580 enim
461 545 542 576 dicit
565 543 700 575 Cicero:
724 544 898 576 Plancium
923 557 1023 587 quam
1045 546 1264 576 Laterensem
1288 545 1476 588 digniorem
1500 547 1611 583 fuisse,
1638 557 1706 576 non
1729 545 1834 575 audeo
1860 544 1980 584 dicere,
2006 556 2092 584 cum,
2117 545 2145 577 si
2167 546 2220 577 di-

348 611 469 638 cerem,
493 598 557 629 hoc
579 603 850 639 consequeretur,
874 604 911 629 ut
934 598 1126 630 Laterensis
1150 599 1301 630 animum
1324 599 1542 631 offenderem.
1590 598 1689 640 Quod
1715 597 1889 628 Ernestius
1913 597 2064 635 coniecit,
2088 611 2133 630 an
2155 610 2218 641 pro

349 665 453 698 qaam
475 649 689 682 scribendum
713 661 798 689 esse,
841 650 875 681 id
899 651 945 682 sic
968 656 1099 681 tantum
1132 652 1356 683 necessarium
1390 659 1492 691 esset,
1530 652 1558 683 si
1581 653 1699 683 Cicero
1729 650 1793 681 hoc
1823 649 1933 680 dicere
1963 649 2147 690 debuisset,
2186 662 2221 682 se
2261 650 2264 687 ἦ

348 707 440 739 nolle
463 702 664 742 diiudicare,
695 708 771 733 uter
792 702 896 735 fuerit
919 703 1063 745 dignior.
1109 704 1217 746 Atqui
1240 705 1304 736 hoc
1326 717 1388 736 nec
1412 705 1565 736 debuisse
1591 716 1652 736 nec
1674 703 1823 747 potuisse
1847 701 1976 742 dicere,
2008 714 2025 733 e
2049 704 2222 746 sequenti-

348 761 409 792 bus
432 755 609 789 manifesto
633 761 783 797 apparet.

436 809 611 851 Quomodo
641 809 754 851 igitur
787 815 836 841 est
860 810 1028 853 aequius?
1072 809 1131 841 Sic
1154 811 1272 843 credo.-
1295 828 1336 835 —
1368 812 1563 856 lticfactzcs
1590 811 1652 854 est)
1698 810 1820 841 Sensus
1844 814 1909 839 est:
1952 808 2038 839 Cum
2062 808 2222 851 dignitate
2260 847 2261 850 Ἴ

348 869 569 901 Laterensem
600 872 619 892 a
642 861 776 892 Plancio
807 873 876 892 esse
909 868 1106 904 superatum
1133 862 1244 894 dicere
1276 875 1345 895 non
1374 865 1489 904 liceat,
1527 876 1627 907 quam
1658 863 1793 894 tandem
1820 861 2005 902 rationem,
2041 872 2100 892 cur
2119 860 2224 893 factus
2261 885 2262 888 ¹

349 917 504 952 Plancius
528 915 591 952 sit,
615 913 748 944 adferre
771 915 876 956 magis
899 915 1083 946 conuenit?
1125 916 1223 946 Hane
1244 923 1346 959 puto,
1379 918 1469 959 quod
1494 918 1647 948 Plancius
1670 916 1775 948 factus
1800 921 1859 947 est.

437 970 494 1002 Sic
518 967 635 999 credo.-
667 968 757 1009 quod
778 968 918 1010 agitur,
945 968 1035 1011 quod
1057 968 1142 999 satis
1167 975 1215 1000 est
1243 971 1372 1002 indis-17.-
1401 970 1596 1014 lziefactus
1619 970 1682 1012 est)
1728 968 1833 1001 Modo
1858 968 2007 1007 dixerat,
2038 978 2145 1011 qnare
2169 968 2224 999 1ιί-

354 1033 427 1060 ctus
451 1023 514 1060 sis,
537 1032 602 1051 non
628 1020 746 1051 debere
772 1021 920 1052 indis-em
944 1033 1122 1064 quaerere,
1144 1023 1242 1053 modo
1265 1035 1306 1054 ne
1329 1024 1529 1065 largitione.
1574 1022 1749 1065 (Sequitur
1776 1023 1858 1054 haut
1880 1020 2064 1054 necessaria
2087 1026 2120 1051 et
2142 1020 2225 1051 haut
2260 1044 2264 1051 .

353 1083 494 1112 uenusta
516 1072 692 1115 repetitio,
715 1073 762 1103 sis
786 1074 919 1111 uictus,
950 1073 1136 1114 similisque
1159 1074 1278 1105 inlatas
1301 1075 1527 1107 animaduerti
1548 1077 1696 1120 multas.)
1740 1076 1868 1107 Idcirco
1893 1075 1992 1114 dicit,
2031 1074 2122 1118 quod
2142 1074 2227 1105 satis
2259 1084 2264 1110 1

355 1139 404 1166 est
431 1128 549 1162 inclisi.
596 1126 653 1156 Set
676 1124 842 1164 etiamne,
891 1127 982 1169 quod
1003 1126 1150 1168 agitur?
1194 1127 1303 1168 Atqui
1331 1139 1399 1158 non
1423 1129 1457 1159 id
1480 1129 1607 1171 agitur,
1654 1128 1760 1160 factus
1783 1140 1844 1160 nec
1869 1140 1911 1159 ne
1934 1128 1995 1167 sit',
2042 1132 2091 1158 set
2113 1131 2231 1157 utrum
2260 1146 2262 1155 ,

355 1184 494 1221 ambitu,
517 1191 559 1210 an
582 1184 671 1209 recte
694 1184 794 1219 atque
818 1177 948 1208 ordine.
971 1178 1143 1210 Manutius
1166 1179 1253 1210 mire
1275 1182 1431 1220 caecutit,
1456 1183 1513 1223 qui
1536 1189 1612 1213 uter
1635 1181 1758 1220 sactus,
1806 1181 1858 1223 agi
1879 1187 1986 1223 putat.
2031 1179 2108 1210 Hoc
2128 1177 2233 1219 igitur
2260 1188 2264 1208 1

355 1240 390 1270 111
413 1234 526 1267 codice
550 1230 732 1262 Dresdensi
757 1229 894 1260 uidetur
915 1230 1037 1261 merito
1060 1231 1346 1273 praetermissum.
1394 1234 1463 1275 Qui
1485 1234 1623 1274 retinet,
1648 1234 1700 1264 sic·
1716 1234 1902 1276 intellegat,
1928 1232 2017 1275 quod
2038 1230 2167 1262 adtinet
2188 1229 2231 1259 ad
2261 1242 2264 1243 ⁷

355 1291 408 1330 id,
441 1288 481 1318 de
506 1296 571 1327 quo
595 1283 716 1325 agitur.
757 1284 1015 1314 GARATOMUS.
1063 1284 1195 1315 Codicis
1219 1285 1436 1325 Dresdensis,
1474 1287 1578 1317 uerba
1601 1287 1693 1329 quod
1713 1287 1834 1329 agitur
1857 1285 2064 1324 omittentis,
2102 1283 2233 1315 nullam
2260 1299 2264 1314 =.

356 1352 495 1387 prorsus
518 1337 753 1369 anctoritatem
777 1347 864 1375 esse,
902 1336 1034 1378 Proleg.
1066 1337 1107 1368 L.
1131 1337 1173 1367 ΙΙ.
1200 1338 1237 1368 C.
1261 1338 1287 1368 Ι.
1320 1339 1349 1379 §.
1377 1339 1423 1370 16.
1449 1338 1765 1370 demonstrauimus.
1810 1338 1971 1378 Accedit,
2011 1336 2102 1379 quod
2132 1347 2232 1378 quam
2257 1349 2261 1369 :2

356 1395 454 1427 facile
479 1391 655 1423 oculorum
677 1388 889 1420 aberratione
912 1389 1016 1419 uerba
1038 1389 1096 1420 illa
1118 1390 1231 1421 omitti
1252 1396 1455 1433 potuerunt,
1489 1397 1558 1422 tam
1580 1390 1840 1433 inprobabilest,
1878 1390 2033 1432 cuiquam
2056 1389 2236 1432 interpreti
2258 1406 2262 1424 5

359 1445 513 1480 addenda
534 1444 683 1486 potuisse
707 1442 827 1473 uideri.
872 1442 981 1473 Immo
1006 1441 1033 1472 si
1055 1442 1258 1474 alterutrum
1280 1443 1490 1483 membrum,
1514 1449 1571 1474 aut
1595 1445 1686 1487 quod
1706 1444 1848 1486 agitur,
1877 1449 1934 1474 aut
1964 1444 2055 1487 quod
2076 1444 2161 1475 satis
2184 1449 2234 1475 est
2259 1456 2264 1475 1

361 1500 488 1537 iudici,
523 1497 704 1527 delendum
728 1501 828 1534 esset,
858 1494 1026 1538 posterius
1052 1495 1208 1537 spurium
1232 1495 1432 1536 iudicarem,
1466 1496 1556 1539 quod
1581 1497 1714 1528 nonnisi
1738 1496 1956 1539 explicationi
1979 1496 2103 1538 prioris
2126 1495 2235 1527 inser-
2258 1507 2262 1525 ς

359 1553 433 1584 nire
456 1555 586 1581 certum
613 1549 665 1580 sit.
711 1550 840 1580 Uerum
865 1547 977 1579 onmia
999 1559 1077 1579 sana
1100 1547 1154 1579 1110
1179 1555 1257 1580 sunt
1281 1555 1314 1580 et
1336 1550 1375 1580 ab
1399 1550 1472 1592 ipso
1501 1549 1663 1581 Cicerone
1686 1549 1853 1592 prosecta,
1878 1560 1978 1590 quem
2001 1548 2092 1580 idem
2113 1554 2234 1580 tenen—
2258 1541 2262 1580 1

362 1607 476 1638 dumst
498 1603 552 1634 1110
575 1601 710 1640 fecisse,
736 1607 774 1631 ut
798 1600 863 1630 duo
888 1600 1106 1642 coniungeret
1128 1602 1295 1642 membra,
1322 1614 1467 1644 quorum
1493 1602 1587 1645 prius
1611 1602 1811 1634 sententiam
1834 1603 2044 1645 generalem,
2068 1601 2234 1645 posterius
2258 1615 2260 1620 ’

361 1657 540 1702 specialem
564 1654 766 1692 contineret,
792 1652 881 1694 quod
906 1664 981 1684 cum
1005 1654 1085 1684 alibi
1107 1666 1204 1697 saepe
1227 1654 1316 1693 fecit,
1339 1661 1413 1686 tum
1436 1655 1461 1685 Ι.
1485 1655 1520 1685 iu
1545 1655 1615 1686 Cat.
1639 1655 1699 1694 III,
1722 1655 1753 1686 6.
1798 1657 1901 1688 Allata
1924 1656 1994 1687 iam
2016 1656 2120 1686 istam
2141 1663 2235 1686 men-
2258 1671 2260 1683 ι

365 1722 450 1749 ze11z3
484 1708 683 1740 obliuia-ere
706 1707 819 1738 caedis
842 1712 946 1749 atque
976 1707 1231 1747 incendiorum3
1265 1708 1351 1739 milii
1374 1708 1492 1746 crede,
1526 1709 1651 1740 teneris
1682 1709 1853 1752 zmdiqne3
1885 1709 1959 1740 luce
1979 1713 2061 1740 sunt
2083 1707 2232 1738 clariora
2256 1725 2260 1738 ι

366 1765 459 1797 nobis
483 1768 543 1793 ΐιια
567 1761 711 1792 consilia
734 1760 860 1791 omnia.
907 1760 953 1791 Ut
977 1760 1023 1791 ibi
1053 1768 1151 1794 muta
1173 1779 1215 1785 —-
1240 1767 1385 1793 mentem
1408 1761 1520 1792 uerbis
1544 1761 1744 1794 obliuiscere
1765 1780 1807 1786 —
1829 1762 2064 1793 incendiorum
2087 1765 2119 1790 et
2142 1765 2233 1791 tene—
2258 1785 2259 1789 ,

368 1819 416 1849 ris
450 1815 601 1857 ninilque
631 1812 743 1843 uerbis
773 1813 847 1844 lure
869 1830 910 1835 —
934 1815 1049 1846 omnia
1079 1815 1311 1858 explicantur,
1349 1814 1395 1844 ita
1417 1813 1471 1844 hic
1496 1815 1586 1857 quod
1606 1816 1746 1858 (igitur,
1779 1813 1814 1844 id
1839 1820 1903 1853 est,
1927 1819 1965 1845 ut
1989 1819 2079 1845 recte
2100 1812 2235 1843 monuit
2257 1811 2259 1842 ἱ

369 1866 590 1903 Garatonins,
623 1865 713 1907 quod
736 1865 865 1896 adtinet
887 1865 928 1896 ad
951 1866 1003 1906 id,
1036 1866 1076 1898 de
1100 1879 1165 1909 quo
1194 1867 1322 1909 agitur,
1354 1866 1464 1909 (nobis
1488 1867 1632 1910 woraztf
1648 1880 1682 1899 es
1705 1869 1779 1900 hier
1801 1866 1985 1908 cml-ommt)
2017 1865 2121 1907 magis
2145 1865 2237 1896 inlu·
2258 1879 2259 1892 ι

370 1927 493 1953 stratur
512 1918 624 1949 uerbis
649 1919 740 1962 quod
759 1919 845 1950 satis
868 1925 917 1950 est
941 1920 1059 1953 iudici.
1102 1919 1312 1952 Elocutionis
1334 1919 1443 1959 illius,
1468 1921 1559 1963 quod
1580 1920 1713 1962 agitur,
1735 1922 1813 1949 haec
1836 1919 1985 1951 Orellius
2008 1930 2052 1950 ex
2075 1918 2237 1949 Cicerone

372 1972 491 2004 adtulit
515 1971 687 2012 exempla:
712 1982 774 2012 pro
799 1972 883 2003 Rab.
909 1973 938 2004 5.
964 1985 1071 2017 neque
1094 1986 1156 2017 ego
1181 1974 1235 2012 id,
1262 1973 1352 2016 quod
1374 1985 1440 2004 non
1463 1973 1603 2015 agitur,
1626 1972 1816 2015 defendere.
1844 1971 1926 2001 ibid.
1954 1972 2000 2003 15.
2030 1983 2120 2007 ηιυιο
2143 1982 2236 2008 uero,

373 2026 456 2069 quid
477 2024 624 2067 agitur?
648 2022 688 2053 de
711 2023 811 2055 Prou.
837 2036 925 2056 cons.
950 2025 980 2056 4·
1005 2028 1046 2059 de
1063 2027 1268 2070 prouincia,
1293 2026 1383 2070 quod
1404 2026 1537 2069 agitur,
1560 2025 1598 2056 id
1618 2025 1765 2067 disputo.
1789 2024 1828 2054 de
1851 2023 1931 2055 Diu.
1955 2024 1987 2063 I,
2012 2024 2063 2066 59.
2087 2035 2149 2055 cur
2163 2021 2258 2066 fiat*

377 2078 523 2122 quidque
548 2076 708 2119 quaeris?
752 2077 858 2109 Recte
880 2079 1034 2119 omnino3
1058 2086 1108 2111 set
1129 2092 1220 2111 nnnc
1242 2091 1309 2111 non
1325 2079 1362 2110 id
1384 2079 1527 2121 agitur:
1543 2076 1618 2120 fiat
1639 2090 1741 2109 nec-ne
1754 2076 1840 2120 fiat,
1863 2078 1901 2108 id
1923 2077 2112 2121 quaeritur.
2133 2075 2255 2108 Addor

376 2142 419 2161 ex
443 2128 627 2159 innumeris
652 2130 816 2171 exemplis
841 2131 905 2162 hoc
928 2143 1034 2162 unum
1058 2144 1100 2163 ex
1121 2132 1208 2163 Phil.
1227 2133 1288 2171 XI,
1319 2144 1366 2164 10.
1390 2143 1480 2163 nunc
1504 2130 1594 2174 qnod
1614 2131 1735 2173 agitur
1757 2141 1914 2172 agamus.
1956 2130 2092 2172 Agitur
2111 2133 2258 2165 autem,-

378 2182 519 2214 liberine
546 2181 723 2219 uiuamus,
756 2195 801 2214 cm
825 2191 967 2216 mortem
990 2185 1158 2217 obeamus.
1183 2203 1225 2210 —-
1270 2186 1431 2216 Ceterum
1454 2184 1513 2215 uix
1543 2194 1626 2224 opus
1650 2188 1699 2213 est
1721 2188 1758 2213 ut
1781 2194 1953 2220 moneam,
1989 2181 2093 2213 uerba
2114 2181 2160 2212 sis
2184 2181 2257 2227 zai-'2

377 2241 468 2271 ctus,
493 2243 576 2273 quae
598 2233 843 2266 inconsiderate
868 2237 1071 2268 Garatonius
1094 2250 1156 2280 pro
1180 2238 1302 2281 spuriis
1326 2237 1459 2274 habuit,
1482 2235 1581 2278 plane
1605 2246 1647 2265 ex
1669 2234 1910 2265 consuetudine
1933 2234 2091 2265 Tulliana
2113 2232 2257 2263 adiecta:

379 2298 448 2318 esse
474 2290 678 2327 optumeque
706 2286 746 2316 ad
771 2287 995 2330 integritatem
1025 2291 1170 2321 membri
1192 2290 1311 2322 facere.
1357 2290 1410 2321 Sic
1432 2300 1494 2331 pro
1519 2287 1625 2318 Sestio
1648 2287 1714 2324 III,
1746 2288 1774 2318 6.
1820 2288 1961 2320 Ademit
1982 2286 2108 2319 Albino
2134 2286 2254 2316 soc-eri-

380 2351 498 2371 momesi
528 2348 617 2367 mors
637 2336 762 2379 filiae,
801 2347 850 2372 set
881 2343 1062 2375 caritatem
1092 2345 1189 2376 illius
1221 2342 1481 2376 necessitudini-v
1511 2346 1544 2372 et
1569 2340 1836 2372 beneuolentiam
1863 2352 1928 2371 non
1956 2339 2094 2371 ademit.
2139 2336 2241 2378 Quod
