2264 2746
742 129 766 158 C
786 128 815 156 A
834 129 875 158 P.
913 128 1005 158 XIV.
1039 126 1066 168 §.
1094 134 1228 160 33—35.
1867 143 1921 168 115

47 216 302 250 praeconem
330 217 419 236 cum
446 203 683 243 inrisione,
718 215 835 245 quam
865 215 1087 235 romanum
1114 203 1304 246 equitem
1327 215 1416 235 cum
1440 203 1589 235 dolore
1612 203 1794 245 dixisse,
1830 222 1919 242 cum

47 259 174 291 dolor
197 264 427 290 excusatus
451 257 505 289 sit
532 256 699 299 impetu
729 256 918 299 cogentis
941 257 1145 296 iniuriae,
1184 257 1300 288 risus
1324 256 1643 290 immoderatam
1665 260 1919 305 plerumque

46 311 385 343 contumeliosae
407 309 610 341 audaciae
634 309 862 341 licentiam
884 308 1116 352 praeferat.
1162 310 1322 341 SCHOLIA
1347 310 1608 342 AMBROSIANA.

129 369 158 411 §.
183 370 234 401 54.
277 369 416 409 Planci)
441 368 566 407 Patris,
592 380 657 399 non
682 367 748 407 fili,
773 374 811 399 ut
834 380 852 398 e
874 368 1105 410 superioribus
1128 374 1160 399 et
1183 367 1397 409 sequentibus
1420 368 1647 412 intellegitur3
1671 369 1805 403 dixerat
1827 373 1917 405 enim

41 422 246 462 Laterensis,
272 428 428 464 questum
454 432 524 452 esse
545 421 586 451 de
608 420 817 452 senatoribus
841 421 1014 452 Plancium
1035 427 1186 465 patrem,
1210 427 1244 452 et
1266 432 1319 452 eas
1346 421 1511 463 querellas
1531 428 1613 466 aput
1634 430 1804 458 senatores
1826 425 1918 457 iudi-

41 486 93 506 ces
119 475 234 506 obesse
258 475 327 506 filio
352 475 484 505 debere.
515 474 729 505 MAchws.

124 528 162 561 A
183 526 297 570 sociis)
340 527 375 559 A
397 527 555 558 societate
576 526 855 569 publicanorum,
881 526 939 568 qui
962 526 1064 558 Asiae
1086 526 1262 569 uectigalia
1286 525 1531 559 conduxerant.
1576 529 1791 561 MANUTIL'S.

122 581 173 612 Et
195 593 217 612 a
239 580 286 623 se)
332 579 402 621 Qui
425 585 497 610 erat
519 579 555 610 in
578 591 616 611 ea
638 580 805 611 societate.
851 580 1066 611 MANUTIUS.

121 633 308 673 Iniuriam)
342 631 455 674 vQuod
478 631 670 674 petentibus
691 632 895 676 publicanis,
934 638 972 663 ut
1001 631 1219 663 induceretur
1246 631 1386 671 locatio,
1420 632 1498 674 quia
1520 632 1664 665 nimium
1689 646 1810 677 magno
1834 646 1916 667 con-

39 685 228 725 duxissent,
252 685 385 716 nullum
409 696 427 715 a
449 690 566 716 senatu
589 696 787 728 responsum
813 686 960 716 daretur.
1004 685 1079 716 Hac
1102 684 1143 715 de
1167 696 1204 715 re
1227 684 1274 716 sic
1296 684 1338 716 ad
1356 685 1463 717 Attio.
1486 686 1551 728 Ep.
1579 687 1626 717 15.
1651 687 1709 718 lib.
1733 690 1758 719 I.
1782 688 1917 731 scripsit

39 737 175 770 Cicero:
198 737 344 778 Asiani,
367 738 427 781 qui
450 738 491 770 cle
514 738 707 771 censoribus
731 740 987 775 conduxerunt,
1011 739 1123 781 questi
1144 744 1226 770 sunt
1248 739 1284 769 in
1307 743 1441 776 senatu,
1466 751 1501 770 se
1524 740 1714 783 cupiditate
1731 743 1915 785 prolapsos

38 791 184 824 nimium
206 802 332 834 magno
356 792 576 831 conduxissae
608 797 647 823 ut
670 793 891 824 induceretur
914 791 1055 830 locatio,
1087 791 1369 834 postulauerunt.
1413 791 1459 822 Et
1482 802 1534 833 ep.
1563 793 1629 824 16.:
1668 794 1751 826 Cato
1773 796 1914 827 miseros

33 843 235 888 publicanos
259 844 401 875 tertium
423 845 494 876 iam
515 857 662 877 mensem
687 850 802 882 uexat,
825 856 932 887 neque
955 844 999 875 iis
1022 849 1180 876 asenam
1203 855 1404 887 responsum
1426 844 1506 875 clari
1522 845 1674 887 patitur.
1699 847 1913 878 BIANUTus.

36 895 215 939 Copiosius
238 896 323 927 hane
345 908 418 928 rem
444 897 633 940 expositam
655 909 675 929 a
698 896 883 929 Garatonio
906 896 1057 937 uidebis,
1086 897 1180 928 cuius
1202 896 1308 927 uerba
1332 897 1361 937 §-
1385 896 1435 927 55.
1456 896 1555 929 Nam
1580 899 1671 941 quod
1686 899 1826 942 primus
1849 900 1916 931 sci-

33 950 89 984 uit
110 950 147 980 in
170 949 452 981 commentarium
475 957 630 982 nostrum
651 949 851 992 recepimus.

121 1003 206 1035 Cum
231 1008 371 1034 senatus
398 1002 628 1047 inpediretur)
672 1002 762 1036 Uide
793 1012 877 1044 quae
908 1001 938 1043 §.
962 1001 1013 1033 55.
1042 1001 1084 1032 ad
1107 1001 1212 1033 uerba
1234 1001 1333 1035 Nam
1357 1003 1449 1046 quod
1464 1004 1603 1047 primus
1626 1004 1731 1036 sciuit
1754 1009 1816 1035 etc.
1838 1015 1915 1035 mo-

33 1062 106 1089 nita
127 1062 216 1088 sunt.

115 1109 200 1150 Hic)
226 1109 280 1148 De
294 1107 430 1139 Plancio
446 1114 542 1151 patre
553 1107 663 1140 adhuc
680 1107 849 1150 loquitur3
873 1119 951 1139 nam
968 1107 1055 1139 filius
1071 1108 1270 1150 publicanus
1285 1120 1354 1140 non
1370 1115 1451 1150 erat,
1468 1115 1517 1141 set
1531 1116 1676 1142 senator.
1699 1109 1913 1142 RIANUTIFS.

74 1168 105 1209 ς.
128 1167 180 1199 35.
224 1167 304 1210 Ego
334 1167 416 1210 quia
446 1167 522 1199 dico
550 1166 689 1210 aliquid
709 1165 898 1208 aliquando
921 1182 964 1188 —
985 1177 1038 1196 me
1069 1166 1108 1198 id
1129 1167 1258 1198 dixisse
1288 1167 1420 1208 dicunt)
1466 1169 1518 1200 Et
1548 1168 1751 1200 oratorie
1781 1174 1914 1199 totum

30 1220 110 1252 hoc
132 1219 344 1262 explicat,
377 1219 646 1250 inuidiosius
671 1217 790 1259 quasi
817 1216 865 1247 de
889 1217 1023 1248 nimia
1045 1219 1254 1250 libertate
1279 1219 1348 1250 Cn.
1375 1220 1545 1252 Plancii
1567 1221 1756 1252 senioris
1781 1232 1912 1262 quos-

30 1272 120 1304 dam
142 1271 283 1313 loqui,
323 1283 447 1313 quam
471 1271 635 1302 ueritas
661 1269 754 1312 ipsa
776 1270 990 1312 patiatur3
1029 1271 1080 1302 ad
1105 1271 1212 1313 quod
1238 1272 1523 1314 optinendum
1554 1280 1706 1305 contra
1728 1273 1912 1305 insimu-

27 1325 216 1357 lationes
246 1324 525 1355 inimicorum
554 1322 773 1355 subnectit
802 1323 1047 1365 exemplum
1079 1324 1231 1356 Cicero
1255 1325 1348 1367 ipse
1374 1326 1421 1357 de
1444 1338 1502 1365 se,
1540 1338 1658 1368 quem
1682 1338 1765 1357 non
1787 1326 1911 1368 igno-

29 1390 168 1410 ramus
191 1377 375 1408 multum
400 1375 572 1407 facetiis
596 1381 637 1406 et
659 1375 978 1407 urbanioribus
1003 1377 1133 1409 dictis
1156 1378 1407 1418 indulsisse,
1432 1379 1474 1410 id
1500 1379 1611 1421 quod
1635 1379 1745 1411 locis
1768 1378 1912 1422 pluri-

32 1430 171 1463 busin
194 1429 398 1462 Uerrinis
422 1428 692 1460 orationibus
715 1428 935 1471 potuimus
959 1429 1234 1472 adgnoscere.
1279 1431 1366 1462 Hoc
1389 1443 1488 1474 ergo
1511 1432 1590 1464 ait:
1621 1432 1820 1475 quoniam
1839 1442 1911 1462 so-

27 1484 97 1516 leo
131 1482 341 1524 quaedam
372 1494 454 1514 non
486 1482 656 1524 ingrata
679 1481 932 1513 festiuitate
963 1483 1201 1514 secundum
1225 1483 1335 1515 sales
1362 1484 1628 1517 urbanitatis
1652 1486 1809 1524 dicere,
1842 1483 1910 1514 id-

27 1538 142 1569 circo
176 1536 378 1579 plerique
407 1535 654 1567 huiusmodi
682 1546 802 1566 omne
833 1535 941 1577 quod
971 1535 1150 1573 dicitur,
1186 1535 1359 1567 etiamsi
1388 1536 1434 1567 ab
1459 1538 1546 1569 alio
1578 1538 1736 1570 dictum
1758 1536 1831 1576 sit,
1865 1536 1909 1566 in

26 1602 90 1622 me
119 1588 360 1621 conferunt.
407 1589 549 1631 Quare
580 1587 697 1620 nihil
723 1588 877 1619 mirum
906 1595 983 1629 est,
1017 1589 1051 1620 si
1073 1588 1281 1631 quaedam
1306 1587 1416 1620 falso
1441 1590 1566 1622 etiam
1590 1591 1639 1622 de
1661 1589 1828 1622 Plancii
1850 1588 1909 1620 li-

28 1644 202 1675 bertate
225 1642 452 1674 iactentur.
498 1642 660 1673 SCHOLIA
683 1642 943 1674 AMBROSIANA.

116 1696 215 1729 Nam
246 1697 337 1740 quod
360 1696 498 1739 primus
526 1695 631 1727 sciuit
663 1696 774 1738 legem
797 1695 837 1726 cle
858 1694 1054 1738 publicanis
1081 1700 1171 1732 tum,
1204 1707 1281 1726 cum
1310 1696 1368 1727 uir
1393 1697 1628 1740 amplissimus
1652 1695 1772 1729 consul
1793 1695 1831 1727 icl
1852 1695 1909 1726 illi

31 1750 148 1782 ordini
164 1762 230 1793 per
251 1749 418 1792 populum
440 1748 556 1786 dedit,
589 1749 680 1791 qnod
696 1760 761 1791 per
786 1754 943 1780 senatum
967 1749 998 1779 si
1019 1747 1175 1780 licuisset
1204 1747 1368 1792 dedisset)
1412 1749 1547 1780 Paulo
1575 1761 1703 1792 supra
1735 1750 1907 1780 locutus

29 1814 117 1835 sum
148 1802 261 1833 nihil
291 1801 480 1832 obtineri
507 1801 708 1843 potuisse
737 1812 814 1844 per
845 1801 882 1832 C.
908 1801 1146 1839 Caesarem,
1185 1811 1277 1830 cum
1306 1801 1558 1843 publicanis
1583 1808 1687 1844 aput
1714 1807 1907 1833 senatum

28 1855 407 1898 patrocinaretur,
431 1853 764 1885 contradicente
791 1852 971 1884 scilicet
993 1853 1041 1884 M.
1064 1854 1240 1885 Catone.
1265 1855 1424 1886 Uerum
1450 1861 1599 1898 postea
1623 1855 1770 1886 consul
1792 1853 1907 1885 idem

30 1908 68 1940 C.
93 1908 248 1939 Caesar
277 1908 411 1950 legem
436 1906 541 1938 tulit
570 1906 616 1937 ad
639 1906 978 1948 publicanorum
1013 1905 1236 1937 commoda
1260 1906 1286 1948 ¹)
1318 1907 1625 1949 pertinentem,
1660 1907 1726 1938 cui
1756 1905 1905 1937 fauore

27 1961 356 2003 promptissimo
389 1961 456 1992 Cn.
487 1960 655 1991 Plancii
683 1965 806 2002 pater
836 1959 929 1990 sine
960 1959 1091 1990 dubio
1120 1958 1318 1999 adstitit,
1360 1960 1560 2002 quoniam
1597 1971 1664 1991 res
1691 1958 1904 1991 utilitatis

28 2025 126 2045 suae
148 2014 366 2056 agebatur.
411 2013 502 2044 Hoc
531 2024 631 2054 ergo
662 2012 870 2055 quidquid
902 2018 1015 2044 esset
1037 2011 1399 2055 reprehensionis
1422 2019 1675 2044 reinouetur
1698 2013 1741 2043 in
1764 2012 1904 2054 ipsum

30 2066 247 2098 Caesarem
276 2066 385 2109 legis
418 2071 640 2097 auctorem
669 2077 803 2108 nuper
832 2065 953 2096 latae.
990 2066 1151 2096 SCHOLIA
1181 2066 1440 2098 AMBROSIANA.
1484 2066 1612 2108 Legem
1647 2065 1688 2096 de
1716 2063 1904 2108 publicanis

27 2119 108 2151 tulit
130 2120 167 2150 C.
192 2120 312 2151 Caesar
335 2118 462 2152 consul.
486 2124 523 2149 ut
545 2118 716 2161 publicani
740 2117 838 2149 tertia
860 2117 1021 2160 pecuniae
1046 2118 1177 2150 debitae
1196 2124 1293 2161 parte
1318 2118 1571 2157 releuareutur3
1599 2130 1664 2160 quo
1688 2116 1775 2149 facto
1799 2128 1904 2159 eque-

26 2178 131 2203 strem
153 2171 217 2203 sibi
240 2172 393 2203 ordinem
418 2170 594 2212 adiunxit,
617 2183 695 2203 cum
717 2177 750 2203 et
771 2171 939 2214 populum
961 2178 1058 2203 antea
1080 2177 1227 2211 teneret3
1257 2170 1305 2202 ita
1326 2170 1459 2202 facilem
1481 2182 1655 2202 ascensum
1677 2170 1719 2202 ad
1743 2181 1831 2210 eam,
1862 2169 1903 2200 de

105 2328 134 2367 1)
171 2330 281 2358 {Monet
300 2329 414 2357 Maius:
442 2329 638 2365 „Confirmat
659 2329 824 2358 Suetonius
845 2329 878 2357 in
899 2329 983 2358 Caes.
1004 2329 1099 2365 XX.,
1119 2329 1173 2357 ubi
1194 2329 1231 2357 de
1252 2329 1381 2358 Caesare
1405 2329 1530 2358 consule
1547 2329 1682 2368 primum
1702 2329 1760 2358 ait:
1787 2328 1901 2357 Publi-

29 2387 122 2405 canos
149 2379 355 2406 remissionem
379 2383 532 2414 petente-9,
568 2379 663 2406 tertia
683 2378 854 2405 merc-edum
867 2384 962 2416 parte
982 2379 1158 2413 releuazcit;
1190 2388 1227 2406 ac
1249 2388 1287 2406 ne
1306 2379 1340 2406 in
1359 2378 1511 2406 locatione
1531 2388 1679 2406 nouorum
1699 2377 1902 2414 uectigalium

29 2425 250 2454 inmoderatius
279 2425 458 2460 lic-crentur,
484 2427 652 2464 propalam
678 2427 807 2454 monuit.
816 2426 833 2441 ‘⁶

1430 2474 1487 2504 27*
