<?xml version="1.0" encoding="UTF-8"?>
<!DOCTYPE html PUBLIC "-//W3C//DTD XHTML 1.0 Transitional//EN"
    "http://www.w3.org/TR/xhtml1/DTD/xhtml1-transitional.dtd">
<html xmlns="http://www.w3.org/1999/xhtml" xml:lang="en" lang="en">
 <head>
  <title>
</title>
<meta http-equiv="Content-Type" content="text/html;charset=utf-8" />
  <meta name='ocr-system' content='tesseract 3.04.00' />
  <meta name='ocr-capabilities' content='ocr_page ocr_carea ocr_par ocr_line ocrx_word'/>
</head>
<body>
  <div class='ocr_page' id='page_1' title='image "./oratioprocnplan00ciceuoft/oratioprocnplan00ciceuoft_0330.png"; bbox 0 0 2264 2746; ppageno 0'>
   <div class='ocr_carea' id='block_1_1' title="bbox 262 78 1486 123">
    <p class='ocr_par' dir='ltr' id='par_1_1' title="bbox 262 78 1486 123">
     <span class='ocr_line' id='line_1_1' title="bbox 262 78 1486 123; baseline -0.014 0"><span class='ocrx_word' id='word_1_1' title='bbox 262 96 316 123; x_wconf 69' lang='lat'><strong>214</strong></span> <span class='ocrx_word' id='word_1_2' title='bbox 911 78 1486 110; x_wconf 84' lang='lat' dir='ltr'><strong>COMMENTARIUS.</strong></span> 
     </span>
    </p>
   </div>
   <div class='ocr_carea' id='block_1_2' title="bbox 264 153 2154 1678">
    <p class='ocr_par' dir='ltr' id='par_1_2' title="bbox 264 153 2154 1574">
     <span class='ocr_line' id='line_1_2' title="bbox 264 153 2134 206; baseline -0.006 -11"><span class='ocrx_word' id='word_1_3' title='bbox 264 163 362 196; x_wconf 84' lang='lat' dir='ltr'><strong>initio</strong></span> <span class='ocrx_word' id='word_1_4' title='bbox 384 162 558 206; x_wconf 84' lang='lat' dir='ltr'><strong>plausum,</strong></span> <span class='ocrx_word' id='word_1_5' title='bbox 593 159 695 190; x_wconf 81' lang='lat' dir='ltr'><strong>iratus</strong></span> <span class='ocrx_word' id='word_1_6' title='bbox 718 157 760 188; x_wconf 93' lang='lat' dir='ltr'><strong>ob</strong></span> <span class='ocrx_word' id='word_1_7' title='bbox 784 167 837 187; x_wconf 85' lang='lat' dir='ltr'><strong>eas</strong></span> <span class='ocrx_word' id='word_1_8' title='bbox 859 155 985 187; x_wconf 83' lang='lat' dir='ltr'><strong>litteras</strong></span> <span class='ocrx_word' id='word_1_9' title='bbox 1009 154 1166 187; x_wconf 80' lang='lat' dir='ltr'>Ciceroni</span> <span class='ocrx_word' id='word_1_10' title='bbox 1189 166 1259 185; x_wconf 90' lang='lat' dir='ltr'><strong>non</strong></span> <span class='ocrx_word' id='word_1_11' title='bbox 1282 153 1364 189; x_wconf 64' lang='lat' dir='ltr'><strong>fuit:</strong></span> <span class='ocrx_word' id='word_1_12' title='bbox 1404 153 1430 184; x_wconf 88' lang='lat' dir='ltr'><strong>si</strong></span> <span class='ocrx_word' id='word_1_13' title='bbox 1453 159 1569 196; x_wconf 88' lang='lat' dir='ltr'><strong>postea</strong></span> <span class='ocrx_word' id='word_1_14' title='bbox 1590 153 1690 195; x_wconf 84' lang='lat' dir='ltr'><strong>longe</strong></span> <span class='ocrx_word' id='word_1_15' title='bbox 1711 153 1864 195; x_wconf 84' lang='lat' dir='ltr'><strong>grauiore</strong></span> <span class='ocrx_word' id='word_1_16' title='bbox 1888 153 1931 184; x_wconf 85' lang='lat' dir='ltr'><strong>de</strong></span> <span class='ocrx_word' id='word_1_17' title='bbox 1955 165 2068 186; x_wconf 85' lang='lat' dir='ltr'><strong>caussa</strong></span> <span class='ocrx_word' id='word_1_18' title='bbox 2089 153 2134 185; x_wconf 91' lang='lat' dir='ltr'><strong>il-</strong></span> 
     </span>
     <span class='ocr_line' id='line_1_3' title="bbox 264 204 2135 259; baseline -0.005 -11"><span class='ocrx_word' id='word_1_19' title='bbox 264 218 338 249; x_wconf 86' lang='lat' dir='ltr'><strong>lum</strong></span> <span class='ocrx_word' id='word_1_20' title='bbox 360 214 532 259; x_wconf 81' lang='lat' dir='ltr'>prodidit,</span> <span class='ocrx_word' id='word_1_21' title='bbox 567 222 609 242; x_wconf 87' lang='lat' dir='ltr'><strong>ne</strong></span> <span class='ocrx_word' id='word_1_22' title='bbox 633 210 712 240; x_wconf 87' lang='lat' dir='ltr'><strong>dum</strong></span> <span class='ocrx_word' id='word_1_23' title='bbox 738 208 901 240; x_wconf 86' lang='lat' dir='ltr'><strong>deseruit:</strong></span> <span class='ocrx_word' id='word_1_24' title='bbox 938 214 1027 239; x_wconf 83' lang='lat' dir='ltr'><strong>errat</strong></span> <span class='ocrx_word' id='word_1_25' title='bbox 1048 207 1201 250; x_wconf 82' lang='lat' dir='ltr'><strong>profecto</strong></span> <span class='ocrx_word' id='word_1_26' title='bbox 1225 218 1300 238; x_wconf 83' lang='lat' dir='ltr'><strong>cum</strong></span> <span class='ocrx_word' id='word_1_27' title='bbox 1324 212 1530 237; x_wconf 88' lang='lat' dir='ltr'><strong>accussatore</strong></span> <span class='ocrx_word' id='word_1_28' title='bbox 1552 206 1763 245; x_wconf 82' lang='lat' dir='ltr'><strong>scholiastes,</strong></span> <span class='ocrx_word' id='word_1_29' title='bbox 1793 204 1850 247; x_wconf 83' lang='lat' dir='ltr'><strong>qui</strong></span> <span class='ocrx_word' id='word_1_30' title='bbox 1880 207 2135 248; x_wconf 85' lang='lat' dir='ltr'><strong>responsionem</strong></span> 
     </span>
     <span class='ocr_line' id='line_1_4' title="bbox 265 257 2136 303; baseline -0.007 -1"><span class='ocrx_word' id='word_1_31' title='bbox 265 270 349 301; x_wconf 86' lang='lat' dir='ltr'><strong>adeo</strong></span> <span class='ocrx_word' id='word_1_32' title='bbox 376 264 564 302; x_wconf 84' lang='lat' dir='ltr'><strong>Ciceronis,</strong></span> <span class='ocrx_word' id='word_1_33' title='bbox 590 262 700 292; x_wconf 87' lang='lat' dir='ltr'><strong>nescio</strong></span> <span class='ocrx_word' id='word_1_34' title='bbox 726 272 791 303; x_wconf 88' lang='lat' dir='ltr'><strong>qua</strong></span> <span class='ocrx_word' id='word_1_35' title='bbox 813 267 946 298; x_wconf 81' lang='lat' dir='ltr'><strong>mente,</strong></span> <span class='ocrx_word' id='word_1_36' title='bbox 974 260 1092 291; x_wconf 87' lang='lat' dir='ltr'><strong>falsam</strong></span> <span class='ocrx_word' id='word_1_37' title='bbox 1116 259 1383 298; x_wconf 73' lang='lat' dir='ltr'><strong>comminiscitur,</strong></span> <span class='ocrx_word' id='word_1_38' title='bbox 1411 260 1505 301; x_wconf 84' lang='lat' dir='ltr'><strong>quasi</strong></span> <span class='ocrx_word' id='word_1_39' title='bbox 1529 271 1613 302; x_wconf 89' lang='lat' dir='ltr'><strong>quae</strong></span> <span class='ocrx_word' id='word_1_40' title='bbox 1636 260 1771 291; x_wconf 79' lang='lat' dir='ltr'><strong>leuiora</strong></span> <span class='ocrx_word' id='word_1_41' title='bbox 1793 269 1863 288; x_wconf 82' lang='lat' dir='ltr'><strong>esse</strong></span> <span class='ocrx_word' id='word_1_42' title='bbox 1886 257 1983 297; x_wconf 83' lang='lat' dir='ltr'><strong>dicit,</strong></span> <span class='ocrx_word' id='word_1_43' title='bbox 2009 258 2050 289; x_wconf 87' lang='lat' dir='ltr'><strong>iis</strong></span> <span class='ocrx_word' id='word_1_44' title='bbox 2071 258 2136 290; x_wconf 87' lang='lat' dir='ltr'><strong>ali-</strong></span> 
     </span>
     <span class='ocr_line' id='line_1_5' title="bbox 266 310 2137 364; baseline -0.004 -12"><span class='ocrx_word' id='word_1_45' title='bbox 266 322 345 364; x_wconf 91' lang='lat' dir='ltr'><strong>quid</strong></span> <span class='ocrx_word' id='word_1_46' title='bbox 371 319 487 351; x_wconf 83' lang='lat' dir='ltr'><strong>adiciat</strong></span> <span class='ocrx_word' id='word_1_47' title='bbox 515 314 685 358; x_wconf 82' lang='lat' dir='ltr'><strong>ponderis.</strong></span> <span class='ocrx_word' id='word_1_48' title='bbox 731 314 782 345; x_wconf 87' lang='lat' dir='ltr'><strong>lta</strong></span> <span class='ocrx_word' id='word_1_49' title='bbox 808 313 899 344; x_wconf 89' lang='lat' dir='ltr'><strong>enim</strong></span> <span class='ocrx_word' id='word_1_50' title='bbox 928 325 990 356; x_wconf 88' lang='lat' dir='ltr'><strong>pro</strong></span> <span class='ocrx_word' id='word_1_51' title='bbox 1017 325 1075 344; x_wconf 89' lang='lat' dir='ltr'><strong>sua</strong></span> <span class='ocrx_word' id='word_1_52' title='bbox 1099 312 1261 354; x_wconf 77' lang='lat' dir='ltr'><strong>dignitate</strong></span> <span class='ocrx_word' id='word_1_53' title='bbox 1291 323 1328 342; x_wconf 88' lang='lat' dir='ltr'><strong>ac</strong></span> <span class='ocrx_word' id='word_1_54' title='bbox 1349 312 1530 354; x_wconf 81' lang='lat' dir='ltr'><strong>prudentia</strong></span> <span class='ocrx_word' id='word_1_55' title='bbox 1551 311 1750 355; x_wconf 79' lang='lat' dir='ltr'><strong>respondet:</strong></span> <span class='ocrx_word' id='word_1_56' title='bbox 1785 311 1872 342; x_wconf 77' lang='lat' dir='ltr'><strong>milti</strong></span> <span class='ocrx_word' id='word_1_57' title='bbox 1898 310 2049 353; x_wconf 81' lang='lat' dir='ltr'><strong>obfuisse</strong></span> <span class='ocrx_word' id='word_1_58' title='bbox 2071 323 2137 344; x_wconf 85' lang='lat' dir='ltr'><strong>non</strong></span> 
     </span>
     <span class='ocr_line' id='line_1_6' title="bbox 266 359 2140 415; baseline -0.006 -8"><span class='ocrx_word' id='word_1_59' title='bbox 266 375 447 415; x_wconf 68' lang='lat' dir='ltr'><strong>intellego.</strong></span> <span class='ocrx_word' id='word_1_60' title='bbox 485 368 563 411; x_wconf 86' lang='lat' dir='ltr'><strong>quia</strong></span> <span class='ocrx_word' id='word_1_61' title='bbox 591 368 679 399; x_wconf 85' lang='lat' dir='ltr'><strong>nihil</strong></span> <span class='ocrx_word' id='word_1_62' title='bbox 703 379 740 398; x_wconf 85' lang='lat' dir='ltr'><strong>ea</strong></span> <span class='ocrx_word' id='word_1_63' title='bbox 763 367 804 398; x_wconf 88' lang='lat' dir='ltr'><strong>de</strong></span> <span class='ocrx_word' id='word_1_64' title='bbox 827 378 941 398; x_wconf 77' lang='lat' dir='ltr'><strong>caussa</strong></span> <span class='ocrx_word' id='word_1_65' title='bbox 971 366 1164 397; x_wconf 82' lang='lat' dir='ltr'><strong>offensionis</strong></span> <span class='ocrx_word' id='word_1_66' title='bbox 1196 365 1230 396; x_wconf 88' lang='lat' dir='ltr'><strong>in</strong></span> <span class='ocrx_word' id='word_1_67' title='bbox 1258 365 1422 408; x_wconf 86' lang='lat' dir='ltr'><strong>Pompeio</strong></span> <span class='ocrx_word' id='word_1_68' title='bbox 1449 371 1668 407; x_wconf 79' lang='lat' dir='ltr'><strong>cognouerat3</strong></span> <span class='ocrx_word' id='word_1_69' title='bbox 1708 365 1758 397; x_wconf 86' lang='lat' dir='ltr'><strong>rei</strong></span> <span class='ocrx_word' id='word_1_70' title='bbox 1782 377 1820 408; x_wconf 85' lang='lat' dir='ltr'><strong>p.</strong></span> <span class='ocrx_word' id='word_1_71' title='bbox 1849 364 1951 396; x_wconf 77' lang='lat' dir='ltr'><strong>uideo</strong></span> <span class='ocrx_word' id='word_1_72' title='bbox 1970 359 2140 406; x_wconf 54' lang='lat' dir='ltr'><strong>&#39;prodesse</strong></span> 
     </span>
     <span class='ocr_line' id='line_1_7' title="bbox 266 416 2142 472; baseline -0.007 -13"><span class='ocrx_word' id='word_1_73' title='bbox 266 427 438 472; x_wconf 73' lang='lat' dir='ltr'><strong>potuisse.-</strong></span> <span class='ocrx_word' id='word_1_74' title='bbox 472 432 582 463; x_wconf 89' lang='lat' dir='ltr'><strong>neque</strong></span> <span class='ocrx_word' id='word_1_75' title='bbox 606 420 697 451; x_wconf 87' lang='lat' dir='ltr'><strong>enim</strong></span> <span class='ocrx_word' id='word_1_76' title='bbox 720 420 946 463; x_wconf 83' lang='lat' dir='ltr'><strong>profuerunt,</strong></span> <span class='ocrx_word' id='word_1_77' title='bbox 979 431 1055 450; x_wconf 87' lang='lat' dir='ltr'><strong>cum</strong></span> <span class='ocrx_word' id='word_1_78' title='bbox 1078 418 1261 460; x_wconf 87' lang='lat' dir='ltr'><strong>Pompeius</strong></span> <span class='ocrx_word' id='word_1_79' title='bbox 1284 429 1302 448; x_wconf 88' lang='lat' dir='ltr'><strong>a</strong></span> <span class='ocrx_word' id='word_1_80' title='bbox 1325 425 1442 450; x_wconf 83' lang='lat' dir='ltr'><strong>senatu</strong></span> <span class='ocrx_word' id='word_1_81' title='bbox 1465 418 1661 456; x_wconf 79' lang='lat' dir='ltr'><strong>desciuerit‚</strong></span> <span class='ocrx_word' id='word_1_82' title='bbox 1687 428 1786 459; x_wconf 89' lang='lat' dir='ltr'><strong>quem</strong></span> <span class='ocrx_word' id='word_1_83' title='bbox 1809 416 1956 447; x_wconf 86' lang='lat' dir='ltr'><strong>retinere</strong></span> <span class='ocrx_word' id='word_1_84' title='bbox 1980 416 2016 446; x_wconf 88' lang='lat' dir='ltr'><strong>in</strong></span> <span class='ocrx_word' id='word_1_85' title='bbox 2039 421 2142 458; x_wconf 77' lang='lat' dir='ltr'><strong>optu—</strong></span> 
     </span>
     <span class='ocr_line' id='line_1_8' title="bbox 267 467 2143 518; baseline -0.006 -8"><span class='ocrx_word' id='word_1_86' title='bbox 267 479 407 512; x_wconf 79' lang='lat' dir='ltr'><strong>matium</strong></span> <span class='ocrx_word' id='word_1_87' title='bbox 432 475 583 518; x_wconf 82' lang='lat' dir='ltr'><strong>partibus</strong></span> <span class='ocrx_word' id='word_1_88' title='bbox 608 473 810 517; x_wconf 81' lang='lat' dir='ltr'><strong>potuissent,</strong></span> <span class='ocrx_word' id='word_1_89' title='bbox 832 479 867 504; x_wconf 83' lang='lat' dir='ltr'><strong>ut</strong></span> <span class='ocrx_word' id='word_1_90' title='bbox 891 473 959 504; x_wconf 87' lang='lat' dir='ltr'><strong>suis</strong></span> <span class='ocrx_word' id='word_1_91' title='bbox 982 473 1102 515; x_wconf 86' lang='lat' dir='ltr'><strong>opibus</strong></span> <span class='ocrx_word' id='word_1_92' title='bbox 1126 482 1325 502; x_wconf 89' lang='lat' dir='ltr'><strong>consensum</strong></span> <span class='ocrx_word' id='word_1_93' title='bbox 1348 471 1535 510; x_wconf 87' lang='lat' dir='ltr'><strong>bonorum,</strong></span> <span class='ocrx_word' id='word_1_94' title='bbox 1568 469 1839 501; x_wconf 79' lang='lat' dir='ltr'><strong>coniunctionem</strong></span> <span class='ocrx_word' id='word_1_95' title='bbox 1862 468 2040 508; x_wconf 86' lang='lat' dir='ltr'><strong>ordinum,</strong></span> <span class='ocrx_word' id='word_1_96' title='bbox 2069 467 2143 499; x_wconf 88' lang='lat' dir='ltr'><strong>uim</strong></span> 
     </span>
     <span class='ocr_line' id='line_1_9' title="bbox 266 519 2143 570; baseline -0.005 -9"><span class='ocrx_word' id='word_1_97' title='bbox 266 532 422 563; x_wconf 80' lang='lat' dir='ltr'><strong>aduersus</strong></span> <span class='ocrx_word' id='word_1_98' title='bbox 448 527 610 570; x_wconf 86' lang='lat' dir='ltr'><strong>inprobos</strong></span> <span class='ocrx_word' id='word_1_99' title='bbox 633 526 715 557; x_wconf 87' lang='lat' dir='ltr'><strong>ciuis</strong></span> <span class='ocrx_word' id='word_1_100' title='bbox 740 533 770 557; x_wconf 87' lang='lat' dir='ltr'><strong>et</strong></span> <span class='ocrx_word' id='word_1_101' title='bbox 792 537 865 557; x_wconf 87' lang='lat' dir='ltr'><strong>rem</strong></span> <span class='ocrx_word' id='word_1_102' title='bbox 891 537 925 568; x_wconf 89' lang='lat' dir='ltr'><strong>p.</strong></span> <span class='ocrx_word' id='word_1_103' title='bbox 949 525 1174 556; x_wconf 76' lang='lat' dir='ltr'><strong>concutientes</strong></span> <span class='ocrx_word' id='word_1_104' title='bbox 1198 524 1446 555; x_wconf 85' lang='lat' dir='ltr'><strong>conroboraret.</strong></span> <span class='ocrx_word' id='word_1_105' title='bbox 1492 523 1597 554; x_wconf 88' lang='lat' dir='ltr'><strong>Tecte</strong></span> <span class='ocrx_word' id='word_1_106' title='bbox 1626 523 1690 554; x_wconf 92' lang='lat' dir='ltr'><strong>hoc</strong></span> <span class='ocrx_word' id='word_1_107' title='bbox 1713 521 1892 564; x_wconf 86' lang='lat' dir='ltr'><strong>significat,</strong></span> <span class='ocrx_word' id='word_1_108' title='bbox 1921 532 1964 552; x_wconf 90' lang='lat' dir='ltr'><strong>ne</strong></span> <span class='ocrx_word' id='word_1_109' title='bbox 1987 519 2143 552; x_wconf 83' lang='lat' dir='ltr'><strong>reconci-</strong></span> 
     </span>
     <span class='ocr_line' id='line_1_10' title="bbox 267 573 2143 623; baseline -0.005 -10"><span class='ocrx_word' id='word_1_110' title='bbox 267 584 385 615; x_wconf 84' lang='lat' dir='ltr'><strong>liatum</strong></span> <span class='ocrx_word' id='word_1_111' title='bbox 416 580 557 623; x_wconf 83' lang='lat' dir='ltr'><strong>Pompei</strong></span> <span class='ocrx_word' id='word_1_112' title='bbox 585 579 737 611; x_wconf 88' lang='lat' dir='ltr'><strong>animum</strong></span> <span class='ocrx_word' id='word_1_113' title='bbox 760 584 885 621; x_wconf 82' lang='lat' dir='ltr'><strong>pungat</strong></span> <span class='ocrx_word' id='word_1_114' title='bbox 908 577 1127 609; x_wconf 69' lang='lat' dir='ltr'><strong>restitutionis</strong></span> <span class='ocrx_word' id='word_1_115' title='bbox 1154 588 1232 608; x_wconf 88' lang='lat' dir='ltr'><strong>suae</strong></span> <span class='ocrx_word' id='word_1_116' title='bbox 1258 576 1420 607; x_wconf 85' lang='lat' dir='ltr'><strong>beneficio</strong></span> <span class='ocrx_word' id='word_1_117' title='bbox 1446 575 1631 607; x_wconf 85' lang='lat' dir='ltr'><strong>deuinctus.</strong></span> <span class='ocrx_word' id='word_1_118' title='bbox 1663 575 1924 607; x_wconf 78' lang='lat' dir='ltr'><strong>GARATONIUS.</strong></span> <span class='ocrx_word' id='word_1_119' title='bbox 1968 573 2041 605; x_wconf 82' lang='lat' dir='ltr'><strong>Etsi</strong></span> <span class='ocrx_word' id='word_1_120' title='bbox 2062 584 2143 617; x_wconf 87' lang='lat' dir='ltr'><strong>per-</strong></span> 
     </span>
     <span class='ocr_line' id='line_1_11' title="bbox 265 625 2144 673; baseline -0.004 -8"><span class='ocrx_word' id='word_1_121' title='bbox 265 636 356 666; x_wconf 84' lang='lat' dir='ltr'><strong>docte</strong></span> <span class='ocrx_word' id='word_1_122' title='bbox 382 633 585 666; x_wconf 81' lang='lat' dir='ltr'><strong>Garatonius</strong></span> <span class='ocrx_word' id='word_1_123' title='bbox 609 633 650 663; x_wconf 90' lang='lat' dir='ltr'><strong>de</strong></span> <span class='ocrx_word' id='word_1_124' title='bbox 675 631 847 663; x_wconf 85' lang='lat' dir='ltr'><strong>Ciceronis</strong></span> <span class='ocrx_word' id='word_1_125' title='bbox 872 642 948 662; x_wconf 86' lang='lat' dir='ltr'><strong>cum</strong></span> <span class='ocrx_word' id='word_1_126' title='bbox 971 630 1134 671; x_wconf 88' lang='lat' dir='ltr'><strong>Pompeio</strong></span> <span class='ocrx_word' id='word_1_127' title='bbox 1159 629 1396 661; x_wconf 88' lang='lat' dir='ltr'><strong>coniunctione</strong></span> <span class='ocrx_word' id='word_1_128' title='bbox 1420 629 1596 673; x_wconf 81' lang='lat' dir='ltr'><strong>exposuit,</strong></span> <span class='ocrx_word' id='word_1_129' title='bbox 1630 628 1666 659; x_wconf 89' lang='lat' dir='ltr'><strong>in</strong></span> <span class='ocrx_word' id='word_1_130' title='bbox 1689 640 1728 660; x_wconf 88' lang='lat' dir='ltr'><strong>eo</strong></span> <span class='ocrx_word' id='word_1_131' title='bbox 1750 634 1862 659; x_wconf 89' lang='lat' dir='ltr'><strong>tamen</strong></span> <span class='ocrx_word' id='word_1_132' title='bbox 1889 625 2065 659; x_wconf 87' lang='lat' dir='ltr'><strong>manifesto</strong></span> <span class='ocrx_word' id='word_1_133' title='bbox 2088 637 2144 658; x_wconf 86' lang='lat' dir='ltr'><strong>er-</strong></span> 
     </span>
     <span class='ocr_line' id='line_1_12' title="bbox 266 678 2144 729; baseline -0.005 -10"><span class='ocrx_word' id='word_1_134' title='bbox 266 689 370 727; x_wconf 84' lang='lat' dir='ltr'><strong>rauit,</strong></span> <span class='ocrx_word' id='word_1_135' title='bbox 409 686 500 729; x_wconf 87' lang='lat' dir='ltr'><strong>quod</strong></span> <span class='ocrx_word' id='word_1_136' title='bbox 524 686 703 728; x_wconf 77' lang='lat' dir='ltr'><strong>epistulam</strong></span> <span class='ocrx_word' id='word_1_137' title='bbox 735 684 830 715; x_wconf 87' lang='lat' dir='ltr'><strong>illam</strong></span> <span class='ocrx_word' id='word_1_138' title='bbox 855 682 1012 715; x_wconf 87' lang='lat' dir='ltr'><strong>Ciceroni</strong></span> <span class='ocrx_word' id='word_1_139' title='bbox 1038 689 1133 724; x_wconf 77' lang='lat' dir='ltr'><strong>negat</strong></span> <span class='ocrx_word' id='word_1_140' title='bbox 1161 683 1340 724; x_wconf 86' lang='lat' dir='ltr'><strong>quicquam</strong></span> <span class='ocrx_word' id='word_1_141' title='bbox 1370 681 1527 713; x_wconf 84' lang='lat' dir='ltr'><strong>obfuisse.</strong></span> <span class='ocrx_word' id='word_1_142' title='bbox 1573 682 1662 714; x_wconf 83' lang='lat' dir='ltr'><strong>Nam</strong></span> <span class='ocrx_word' id='word_1_143' title='bbox 1684 681 1835 724; x_wconf 86' lang='lat' dir='ltr'><strong>primum</strong></span> <span class='ocrx_word' id='word_1_144' title='bbox 1855 692 1924 712; x_wconf 91' lang='lat' dir='ltr'><strong>non</strong></span> <span class='ocrx_word' id='word_1_145' title='bbox 1946 685 1996 710; x_wconf 88' lang='lat' dir='ltr'><strong>est</strong></span> <span class='ocrx_word' id='word_1_146' title='bbox 2017 678 2144 722; x_wconf 89' lang='lat' dir='ltr'><strong>proba-</strong></span> 
     </span>
     <span class='ocr_line' id='line_1_13' title="bbox 266 732 2145 779; baseline -0.005 -7"><span class='ocrx_word' id='word_1_147' title='bbox 266 741 350 779; x_wconf 90' lang='lat' dir='ltr'><strong>bile,</strong></span> <span class='ocrx_word' id='word_1_148' title='bbox 390 741 609 771; x_wconf 73' lang='lat' dir='ltr'><strong>Laterensem</strong></span> <span class='ocrx_word' id='word_1_149' title='bbox 634 737 791 769; x_wconf 83' lang='lat' dir='ltr'><strong>Ciceroni</strong></span> <span class='ocrx_word' id='word_1_150' title='bbox 817 736 946 778; x_wconf 88' lang='lat' dir='ltr'><strong>aliquid</strong></span> <span class='ocrx_word' id='word_1_151' title='bbox 979 735 1082 766; x_wconf 75' lang='lat' dir='ltr'><strong>fuisse</strong></span> <span class='ocrx_word' id='word_1_152' title='bbox 1114 736 1416 777; x_wconf 77' lang='lat' dir='ltr'><strong>exprobraturum,</strong></span> <span class='ocrx_word' id='word_1_153' title='bbox 1459 735 1550 777; x_wconf 88' lang='lat' dir='ltr'><strong>quod</strong></span> <span class='ocrx_word' id='word_1_154' title='bbox 1580 735 1620 766; x_wconf 87' lang='lat' dir='ltr'><strong>ab</strong></span> <span class='ocrx_word' id='word_1_155' title='bbox 1645 733 1739 766; x_wconf 88' lang='lat' dir='ltr'><strong>omni</strong></span> <span class='ocrx_word' id='word_1_156' title='bbox 1768 733 1908 764; x_wconf 86' lang='lat' dir='ltr'><strong>ueritate</strong></span> <span class='ocrx_word' id='word_1_157' title='bbox 1929 732 2145 771; x_wconf 78' lang='lat' dir='ltr'><strong>abhorreret3</strong></span> 
     </span>
     <span class='ocr_line' id='line_1_14' title="bbox 265 785 2146 836; baseline -0.004 -12"><span class='ocrx_word' id='word_1_158' title='bbox 265 804 367 836; x_wconf 89' lang='lat' dir='ltr'><strong>porro</strong></span> <span class='ocrx_word' id='word_1_159' title='bbox 394 791 542 823; x_wconf 86' lang='lat' dir='ltr'><strong>dubitari</strong></span> <span class='ocrx_word' id='word_1_160' title='bbox 565 792 626 822; x_wconf 80' lang='lat' dir='ltr'><strong>nix</strong></span> <span class='ocrx_word' id='word_1_161' title='bbox 652 797 777 833; x_wconf 87' lang='lat' dir='ltr'><strong>potest,</strong></span> <span class='ocrx_word' id='word_1_162' title='bbox 809 790 891 832; x_wconf 88' lang='lat' dir='ltr'><strong>quin</strong></span> <span class='ocrx_word' id='word_1_163' title='bbox 917 789 1055 827; x_wconf 80' lang='lat' dir='ltr'><strong>Cicero,</strong></span> <span class='ocrx_word' id='word_1_164' title='bbox 1086 788 1176 818; x_wconf 87' lang='lat' dir='ltr'><strong>nihil</strong></span> <span class='ocrx_word' id='word_1_165' title='bbox 1198 788 1226 819; x_wconf 88' lang='lat' dir='ltr'><strong>si</strong></span> <span class='ocrx_word' id='word_1_166' title='bbox 1249 788 1434 827; x_wconf 81' lang='lat' dir='ltr'><strong>nocuisset,</strong></span> <span class='ocrx_word' id='word_1_167' title='bbox 1465 788 1622 820; x_wconf 82' lang='lat' dir='ltr'><strong>disertius</strong></span> <span class='ocrx_word' id='word_1_168' title='bbox 1645 788 1677 819; x_wconf 86' lang='lat' dir='ltr'><strong>id</strong></span> <span class='ocrx_word' id='word_1_169' title='bbox 1700 786 1801 818; x_wconf 79' lang='lat' dir='ltr'><strong>suerit</strong></span> <span class='ocrx_word' id='word_1_170' title='bbox 1823 785 2078 825; x_wconf 86' lang='lat' dir='ltr'><strong>adfirmaturus,</strong></span> <span class='ocrx_word' id='word_1_171' title='bbox 2111 790 2146 816; x_wconf 85' lang='lat' dir='ltr'><strong>et</strong></span> 
     </span>
     <span class='ocr_line' id='line_1_15' title="bbox 265 837 2146 890; baseline -0.005 -13"><span class='ocrx_word' id='word_1_172' title='bbox 265 858 329 890; x_wconf 87' lang='lat' dir='ltr'><strong>pro</strong></span> <span class='ocrx_word' id='word_1_173' title='bbox 353 845 466 876; x_wconf 87' lang='lat' dir='ltr'><strong>uerbis</strong></span> <span class='ocrx_word' id='word_1_174' title='bbox 491 856 575 887; x_wconf 85' lang='lat' dir='ltr'><strong>quae</strong></span> <span class='ocrx_word' id='word_1_175' title='bbox 598 845 712 887; x_wconf 82' lang='lat' dir='ltr'><strong>posuit</strong></span> <span class='ocrx_word' id='word_1_176' title='bbox 736 844 887 887; x_wconf 75' lang='lat' dir='ltr'><strong>obfuisse</strong></span> <span class='ocrx_word' id='word_1_177' title='bbox 910 855 977 874; x_wconf 86' lang='lat' dir='ltr'><strong>non</strong></span> <span class='ocrx_word' id='word_1_178' title='bbox 999 842 1163 884; x_wconf 75' lang='lat' dir='ltr'><strong>intellego</strong></span> <span class='ocrx_word' id='word_1_179' title='bbox 1187 841 1373 883; x_wconf 82' lang='lat' dir='ltr'><strong>scripturus</strong></span> <span class='ocrx_word' id='word_1_180' title='bbox 1396 841 1510 884; x_wconf 88' lang='lat' dir='ltr'><strong>potins</strong></span> <span class='ocrx_word' id='word_1_181' title='bbox 1534 840 1639 873; x_wconf 85' lang='lat' dir='ltr'><strong>fuerit</strong></span> <span class='ocrx_word' id='word_1_182' title='bbox 1661 854 1727 874; x_wconf 88' lang='lat' dir='ltr'><strong>non</strong></span> <span class='ocrx_word' id='word_1_183' title='bbox 1741 839 1892 884; x_wconf 80' lang='lat' dir='ltr'><strong>obfuisse</strong></span> <span class='ocrx_word' id='word_1_184' title='bbox 1908 839 2000 878; x_wconf 79' lang='lat' dir='ltr'><strong>scio;</strong></span> <span class='ocrx_word' id='word_1_185' title='bbox 2024 837 2146 869; x_wconf 84' lang='lat' dir='ltr'><strong>deinde</strong></span> 
     </span>
     <span class='ocr_line' id='line_1_16' title="bbox 268 889 2148 941; baseline -0.005 -11"><span class='ocrx_word' id='word_1_186' title='bbox 268 911 325 939; x_wconf 89' lang='lat' dir='ltr'><strong>eo,</strong></span> <span class='ocrx_word' id='word_1_187' title='bbox 363 898 454 940; x_wconf 88' lang='lat' dir='ltr'><strong>quod</strong></span> <span class='ocrx_word' id='word_1_188' title='bbox 478 897 632 928; x_wconf 82' lang='lat' dir='ltr'><strong>concedit</strong></span> <span class='ocrx_word' id='word_1_189' title='bbox 653 910 720 929; x_wconf 84' lang='lat' dir='ltr'><strong>non</strong></span> <span class='ocrx_word' id='word_1_190' title='bbox 739 896 919 941; x_wconf 72' lang='lat' dir='ltr'><strong>proficisse</strong></span> <span class='ocrx_word' id='word_1_191' title='bbox 942 896 993 927; x_wconf 82' lang='lat' dir='ltr'><strong>rei</strong></span> <span class='ocrx_word' id='word_1_192' title='bbox 1013 895 1190 939; x_wconf 71' lang='lat' dir='ltr'><strong>publicae,</strong></span> <span class='ocrx_word' id='word_1_193' title='bbox 1229 895 1322 925; x_wconf 86' lang='lat' dir='ltr'><strong>cuius</strong></span> <span class='ocrx_word' id='word_1_194' title='bbox 1346 907 1458 926; x_wconf 79' lang='lat' dir='ltr'><strong>caussa</strong></span> <span class='ocrx_word' id='word_1_195' title='bbox 1480 894 1605 937; x_wconf 87' lang='lat' dir='ltr'><strong>scripta</strong></span> <span class='ocrx_word' id='word_1_196' title='bbox 1627 894 1822 932; x_wconf 83' lang='lat' dir='ltr'><strong>uidebatur,</strong></span> <span class='ocrx_word' id='word_1_197' title='bbox 1851 897 1966 934; x_wconf 85' lang='lat' dir='ltr'><strong>aperte</strong></span> <span class='ocrx_word' id='word_1_198' title='bbox 1989 889 2148 930; x_wconf 73' lang='lat' dir='ltr'><strong>ostendit,</strong></span> 
     </span>
     <span class='ocr_line' id='line_1_17' title="bbox 268 943 2148 993; baseline -0.005 -10"><span class='ocrx_word' id='word_1_199' title='bbox 268 964 311 984; x_wconf 88' lang='lat' dir='ltr'><strong>ne</strong></span> <span class='ocrx_word' id='word_1_200' title='bbox 337 952 401 983; x_wconf 85' lang='lat' dir='ltr'><strong>sibi</strong></span> <span class='ocrx_word' id='word_1_201' title='bbox 431 951 570 993; x_wconf 77' lang='lat' dir='ltr'><strong>quidem</strong></span> <span class='ocrx_word' id='word_1_202' title='bbox 599 951 665 993; x_wconf 87' lang='lat' dir='ltr'><strong>ipsi</strong></span> <span class='ocrx_word' id='word_1_203' title='bbox 692 949 878 993; x_wconf 69' lang='lat' dir='ltr'><strong>profuisseg</strong></span> <span class='ocrx_word' id='word_1_204' title='bbox 919 959 1019 990; x_wconf 89' lang='lat' dir='ltr'><strong>quem</strong></span> <span class='ocrx_word' id='word_1_205' title='bbox 1050 953 1211 977; x_wconf 81' lang='lat' dir='ltr'><strong>certumst</strong></span> <span class='ocrx_word' id='word_1_206' title='bbox 1242 959 1301 978; x_wconf 78' lang='lat' dir='ltr'><strong>sua</strong></span> <span class='ocrx_word' id='word_1_207' title='bbox 1325 958 1436 978; x_wconf 84' lang='lat' dir='ltr'><strong>caussa</strong></span> <span class='ocrx_word' id='word_1_208' title='bbox 1469 948 1653 990; x_wconf 86' lang='lat' dir='ltr'><strong>cupiuisse,</strong></span> <span class='ocrx_word' id='word_1_209' title='bbox 1690 953 1728 978; x_wconf 85' lang='lat' dir='ltr'><strong>ut</strong></span> <span class='ocrx_word' id='word_1_210' title='bbox 1749 944 1931 988; x_wconf 87' lang='lat' dir='ltr'><strong>Pompeius</strong></span> <span class='ocrx_word' id='word_1_211' title='bbox 1954 955 1972 975; x_wconf 89' lang='lat' dir='ltr'><strong>a</strong></span> <span class='ocrx_word' id='word_1_212' title='bbox 1994 943 2148 987; x_wconf 87' lang='lat' dir='ltr'><strong>partibus</strong></span> 
     </span>
     <span class='ocr_line' id='line_1_18' title="bbox 271 995 2151 1048; baseline -0.005 -11"><span class='ocrx_word' id='word_1_213' title='bbox 271 1005 500 1048; x_wconf 74' lang='lat' dir='ltr'><strong>optumatium</strong></span> <span class='ocrx_word' id='word_1_214' title='bbox 523 1010 632 1037; x_wconf 86' lang='lat' dir='ltr'><strong>staret.</strong></span> <span class='ocrx_word' id='word_1_215' title='bbox 679 1002 810 1045; x_wconf 81' lang='lat' dir='ltr'><strong>Quodsi</strong></span> <span class='ocrx_word' id='word_1_216' title='bbox 834 1013 902 1033; x_wconf 91' lang='lat' dir='ltr'><strong>non</strong></span> <span class='ocrx_word' id='word_1_217' title='bbox 926 1000 1054 1044; x_wconf 88' lang='lat' dir='ltr'><strong>profuit</strong></span> <span class='ocrx_word' id='word_1_218' title='bbox 1078 999 1249 1037; x_wconf 78' lang='lat' dir='ltr'><strong>Ciceroni,</strong></span> <span class='ocrx_word' id='word_1_219' title='bbox 1281 1000 1327 1030; x_wconf 82' lang='lat' dir='ltr'><strong>ita</strong></span> <span class='ocrx_word' id='word_1_220' title='bbox 1350 1006 1384 1031; x_wconf 86' lang='lat' dir='ltr'><strong>ut</strong></span> <span class='ocrx_word' id='word_1_221' title='bbox 1406 1000 1609 1042; x_wconf 87' lang='lat' dir='ltr'><strong>Pompeium</strong></span> <span class='ocrx_word' id='word_1_222' title='bbox 1631 1011 1650 1031; x_wconf 90' lang='lat' dir='ltr'><strong>a</strong></span> <span class='ocrx_word' id='word_1_223' title='bbox 1670 998 1907 1031; x_wconf 88' lang='lat' dir='ltr'><strong>coniunctione</strong></span> <span class='ocrx_word' id='word_1_224' title='bbox 1934 1008 2009 1028; x_wconf 90' lang='lat' dir='ltr'><strong>cum</strong></span> <span class='ocrx_word' id='word_1_225' title='bbox 2032 995 2151 1028; x_wconf 86' lang='lat' dir='ltr'><strong>inimi-</strong></span> 
     </span>
     <span class='ocr_line' id='line_1_19' title="bbox 271 1047 2149 1098; baseline -0.005 -8"><span class='ocrx_word' id='word_1_226' title='bbox 271 1059 317 1090; x_wconf 89' lang='lat' dir='ltr'><strong>cis</strong></span> <span class='ocrx_word' id='word_1_227' title='bbox 340 1058 407 1090; x_wconf 90' lang='lat' dir='ltr'><strong>suis</strong></span> <span class='ocrx_word' id='word_1_228' title='bbox 431 1057 580 1089; x_wconf 86' lang='lat' dir='ltr'><strong>retinere</strong></span> <span class='ocrx_word' id='word_1_229' title='bbox 603 1068 671 1087; x_wconf 89' lang='lat' dir='ltr'><strong>non</strong></span> <span class='ocrx_word' id='word_1_230' title='bbox 696 1062 817 1098; x_wconf 83' lang='lat' dir='ltr'><strong>posset,</strong></span> <span class='ocrx_word' id='word_1_231' title='bbox 841 1054 1026 1085; x_wconf 84' lang='lat' dir='ltr'><strong>necessario</strong></span> <span class='ocrx_word' id='word_1_232' title='bbox 1051 1051 1198 1084; x_wconf 86' lang='lat' dir='ltr'><strong>obfuisse</strong></span> <span class='ocrx_word' id='word_1_233' title='bbox 1223 1052 1331 1091; x_wconf 88' lang='lat' dir='ltr'><strong>debet,</strong></span> <span class='ocrx_word' id='word_1_234' title='bbox 1355 1064 1431 1083; x_wconf 85' lang='lat' dir='ltr'><strong>cum</strong></span> <span class='ocrx_word' id='word_1_235' title='bbox 1449 1053 1580 1092; x_wconf 85' lang='lat' dir='ltr'><strong>Cicero,</strong></span> <span class='ocrx_word' id='word_1_236' title='bbox 1604 1052 1694 1095; x_wconf 93' lang='lat' dir='ltr'><strong>quod</strong></span> <span class='ocrx_word' id='word_1_237' title='bbox 1718 1063 1761 1083; x_wconf 76' lang='lat' dir='ltr'><strong>ex</strong></span> <span class='ocrx_word' id='word_1_238' title='bbox 1782 1064 1831 1083; x_wconf 87' lang='lat' dir='ltr'><strong>or.</strong></span> <span class='ocrx_word' id='word_1_239' title='bbox 1854 1062 1917 1093; x_wconf 87' lang='lat' dir='ltr'><strong>pro</strong></span> <span class='ocrx_word' id='word_1_240' title='bbox 1941 1050 2026 1081; x_wconf 88' lang='lat' dir='ltr'><strong>Sull.</strong></span> <span class='ocrx_word' id='word_1_241' title='bbox 2049 1061 2077 1081; x_wconf 91' lang='lat' dir='ltr'><strong>c.</strong></span> <span class='ocrx_word' id='word_1_242' title='bbox 2097 1047 2149 1081; x_wconf 73' lang='lat'><strong>24.</strong></span> 
     </span>
     <span class='ocr_line' id='line_1_20' title="bbox 270 1103 2148 1155; baseline -0.005 -13"><span class='ocrx_word' id='word_1_243' title='bbox 270 1117 380 1155; x_wconf 85' lang='lat' dir='ltr'><strong>patet,</strong></span> <span class='ocrx_word' id='word_1_244' title='bbox 420 1109 460 1141; x_wconf 89' lang='lat' dir='ltr'><strong>de</strong></span> <span class='ocrx_word' id='word_1_245' title='bbox 483 1109 662 1151; x_wconf 85' lang='lat' dir='ltr'><strong>iniquitate</strong></span> <span class='ocrx_word' id='word_1_246' title='bbox 694 1115 725 1139; x_wconf 91' lang='lat' dir='ltr'><strong>et</strong></span> <span class='ocrx_word' id='word_1_247' title='bbox 747 1107 949 1150; x_wconf 81' lang='lat' dir='ltr'><strong>inprobitate</strong></span> <span class='ocrx_word' id='word_1_248' title='bbox 981 1117 1114 1144; x_wconf 88' lang='lat' dir='ltr'><strong>eorum,</strong></span> <span class='ocrx_word' id='word_1_249' title='bbox 1155 1106 1353 1148; x_wconf 81' lang='lat' dir='ltr'><strong>quibuscum</strong></span> <span class='ocrx_word' id='word_1_250' title='bbox 1378 1112 1494 1149; x_wconf 87' lang='lat' dir='ltr'><strong>postea</strong></span> <span class='ocrx_word' id='word_1_251' title='bbox 1515 1118 1550 1138; x_wconf 87' lang='lat' dir='ltr'><strong>se</strong></span> <span class='ocrx_word' id='word_1_252' title='bbox 1573 1105 1803 1137; x_wconf 77' lang='lat' dir='ltr'><strong>coniunxisset</strong></span> <span class='ocrx_word' id='word_1_253' title='bbox 1823 1103 2016 1146; x_wconf 87' lang='lat' dir='ltr'><strong>Pompeius,</strong></span> <span class='ocrx_word' id='word_1_254' title='bbox 2050 1103 2087 1133; x_wconf 87' lang='lat' dir='ltr'><strong>in</strong></span> <span class='ocrx_word' id='word_1_255' title='bbox 2109 1113 2148 1134; x_wconf 87' lang='lat' dir='ltr'><strong>ea</strong></span> 
     </span>
     <span class='ocr_line' id='line_1_21' title="bbox 272 1155 2151 1205; baseline -0.005 -10"><span class='ocrx_word' id='word_1_256' title='bbox 272 1169 474 1205; x_wconf 84' lang='lat' dir='ltr'><strong>conquestus</strong></span> <span class='ocrx_word' id='word_1_257' title='bbox 507 1168 601 1192; x_wconf 86' lang='lat' dir='ltr'><strong>esset.</strong></span> <span class='ocrx_word' id='word_1_258' title='bbox 647 1162 824 1192; x_wconf 88' lang='lat' dir='ltr'><strong>Postremo</strong></span> <span class='ocrx_word' id='word_1_259' title='bbox 855 1160 959 1190; x_wconf 81' lang='lat' dir='ltr'><strong>altera</strong></span> <span class='ocrx_word' id='word_1_260' title='bbox 988 1159 1046 1189; x_wconf 86' lang='lat' dir='ltr'><strong>illa</strong></span> <span class='ocrx_word' id='word_1_261' title='bbox 1074 1158 1233 1200; x_wconf 81' lang='lat' dir='ltr'><strong>epistula,</strong></span> <span class='ocrx_word' id='word_1_262' title='bbox 1275 1170 1375 1200; x_wconf 88' lang='lat' dir='ltr'><strong>quam</strong></span> <span class='ocrx_word' id='word_1_263' title='bbox 1404 1171 1474 1190; x_wconf 89' lang='lat' dir='ltr'><strong>non</strong></span> <span class='ocrx_word' id='word_1_264' title='bbox 1496 1159 1604 1190; x_wconf 87' lang='lat' dir='ltr'><strong>multo</strong></span> <span class='ocrx_word' id='word_1_265' title='bbox 1628 1164 1705 1201; x_wconf 87' lang='lat' dir='ltr'><strong>post</strong></span> <span class='ocrx_word' id='word_1_266' title='bbox 1733 1158 1772 1188; x_wconf 84' lang='lat' dir='ltr'><strong>ad</strong></span> <span class='ocrx_word' id='word_1_267' title='bbox 1794 1157 1995 1199; x_wconf 88' lang='lat' dir='ltr'><strong>Pompeium</strong></span> <span class='ocrx_word' id='word_1_268' title='bbox 2017 1155 2151 1198; x_wconf 85' lang='lat' dir='ltr'><strong>scripsit</strong></span> 
     </span>
     <span class='ocr_line' id='line_1_22' title="bbox 271 1208 2150 1258; baseline -0.003 -11"><span class='ocrx_word' id='word_1_269' title='bbox 271 1216 324 1258; x_wconf 86' lang='lat' dir='ltr'><strong>(ad</strong></span> <span class='ocrx_word' id='word_1_270' title='bbox 347 1215 429 1247; x_wconf 89' lang='lat' dir='ltr'><strong>Diu.</strong></span> <span class='ocrx_word' id='word_1_271' title='bbox 453 1215 506 1253; x_wconf 71' lang='lat' dir='ltr'><strong>V,</strong></span> <span class='ocrx_word' id='word_1_272' title='bbox 533 1213 594 1255; x_wconf 77' lang='lat'><strong>7.)‚</strong></span> <span class='ocrx_word' id='word_1_273' title='bbox 625 1213 804 1255; x_wconf 89' lang='lat' dir='ltr'><strong>perspicue</strong></span> <span class='ocrx_word' id='word_1_274' title='bbox 826 1211 981 1254; x_wconf 80' lang='lat' dir='ltr'><strong>profecto</strong></span> <span class='ocrx_word' id='word_1_275' title='bbox 1006 1212 1121 1250; x_wconf 86' lang='lat' dir='ltr'><strong>docet,</strong></span> <span class='ocrx_word' id='word_1_276' title='bbox 1152 1211 1354 1252; x_wconf 87' lang='lat' dir='ltr'><strong>Pompeium</strong></span> <span class='ocrx_word' id='word_1_277' title='bbox 1385 1212 1527 1242; x_wconf 89' lang='lat' dir='ltr'><strong>moleste</strong></span> <span class='ocrx_word' id='word_1_278' title='bbox 1554 1211 1688 1249; x_wconf 89' lang='lat' dir='ltr'><strong>tulisse,</strong></span> <span class='ocrx_word' id='word_1_279' title='bbox 1721 1221 1805 1251; x_wconf 88' lang='lat' dir='ltr'><strong>quae</strong></span> <span class='ocrx_word' id='word_1_280' title='bbox 1837 1209 1956 1241; x_wconf 85' lang='lat' dir='ltr'><strong>Cicero</strong></span> <span class='ocrx_word' id='word_1_281' title='bbox 1985 1208 2027 1239; x_wconf 90' lang='lat' dir='ltr'><strong>de</strong></span> <span class='ocrx_word' id='word_1_282' title='bbox 2048 1209 2150 1241; x_wconf 88' lang='lat' dir='ltr'><strong>rebus</strong></span> 
     </span>
     <span class='ocr_line' id='line_1_23' title="bbox 271 1262 2152 1307; baseline -0.004 -7"><span class='ocrx_word' id='word_1_283' title='bbox 271 1269 339 1301; x_wconf 90' lang='lat' dir='ltr'><strong>suis</strong></span> <span class='ocrx_word' id='word_1_284' title='bbox 363 1268 399 1299; x_wconf 88' lang='lat' dir='ltr'><strong>in</strong></span> <span class='ocrx_word' id='word_1_285' title='bbox 422 1266 598 1298; x_wconf 84' lang='lat' dir='ltr'><strong>consulatu</strong></span> <span class='ocrx_word' id='word_1_286' title='bbox 622 1265 722 1307; x_wconf 85' lang='lat' dir='ltr'><strong>gestis</strong></span> <span class='ocrx_word' id='word_1_287' title='bbox 742 1265 938 1307; x_wconf 84' lang='lat' dir='ltr'><strong>scripsisset.</strong></span> <span class='ocrx_word' id='word_1_288' title='bbox 983 1265 1073 1298; x_wconf 88' lang='lat' dir='ltr'><strong>Uide</strong></span> <span class='ocrx_word' id='word_1_289' title='bbox 1104 1264 1194 1295; x_wconf 87' lang='lat' dir='ltr'><strong>inter</strong></span> <span class='ocrx_word' id='word_1_290' title='bbox 1221 1263 1286 1294; x_wconf 84' lang='lat' dir='ltr'><strong>alia</strong></span> <span class='ocrx_word' id='word_1_291' title='bbox 1315 1262 1414 1295; x_wconf 84' lang='lat' dir='ltr'><strong>haec:</strong></span> <span class='ocrx_word' id='word_1_292' title='bbox 1450 1264 1510 1296; x_wconf 79' lang='lat' dir='ltr'><strong>Ad</strong></span> <span class='ocrx_word' id='word_1_293' title='bbox 1538 1276 1590 1295; x_wconf 86' lang='lat' dir='ltr'><strong>me</strong></span> <span class='ocrx_word' id='word_1_294' title='bbox 1613 1269 1729 1294; x_wconf 80' lang='lat' dir='ltr'><strong>autem</strong></span> <span class='ocrx_word' id='word_1_295' title='bbox 1755 1263 1892 1293; x_wconf 80' lang='lat' dir='ltr'><strong>litteras</strong></span> <span class='ocrx_word' id='word_1_296' title='bbox 1916 1274 2001 1305; x_wconf 78' lang='lat' dir='ltr'><strong>quas</strong></span> <span class='ocrx_word' id='word_1_297' title='bbox 2023 1262 2152 1294; x_wconf 83' lang='lat' dir='ltr'><strong>misisti</strong></span> 
     </span>
     <span class='ocr_line' id='line_1_24' title="bbox 273 1314 2152 1365; baseline -0.004 -12"><span class='ocrx_word' id='word_1_298' title='bbox 273 1333 482 1365; x_wconf 78' lang='lat' dir='ltr'><strong>quamquam</strong></span> <span class='ocrx_word' id='word_1_299' title='bbox 506 1320 671 1362; x_wconf 70' lang='lat' dir='ltr'><strong>exiguam</strong></span> <span class='ocrx_word' id='word_1_300' title='bbox 700 1316 998 1360; x_wconf 65' lang='lat' dir='ltr'><strong>significationem</strong></span> <span class='ocrx_word' id='word_1_301' title='bbox 1030 1324 1111 1349; x_wconf 75' lang='lat' dir='ltr'><strong>tuae</strong></span> <span class='ocrx_word' id='word_1_302' title='bbox 1139 1328 1225 1359; x_wconf 73' lang='lat' dir='ltr'><strong>erga</strong></span> <span class='ocrx_word' id='word_1_303' title='bbox 1255 1328 1308 1347; x_wconf 85' lang='lat' dir='ltr'><strong>me</strong></span> <span class='ocrx_word' id='word_1_304' title='bbox 1336 1316 1530 1348; x_wconf 74' lang='lat' dir='ltr'><strong>uoluntatis</strong></span> <span class='ocrx_word' id='word_1_305' title='bbox 1559 1315 1727 1347; x_wconf 75' lang='lat' dir='ltr'><strong>habebant</strong></span> <span class='ocrx_word' id='word_1_306' title='bbox 1757 1320 1837 1345; x_wconf 83' lang='lat' dir='ltr'><strong>etc..</strong></span> <span class='ocrx_word' id='word_1_307' title='bbox 1882 1314 2001 1355; x_wconf 85' lang='lat' dir='ltr'><strong>Itaque</strong></span> <span class='ocrx_word' id='word_1_308' title='bbox 2031 1325 2152 1356; x_wconf 87' lang='lat' dir='ltr'><strong>quam-</strong></span> 
     </span>
     <span class='ocr_line' id='line_1_25' title="bbox 273 1365 2152 1416; baseline -0.003 -12"><span class='ocrx_word' id='word_1_309' title='bbox 273 1386 374 1416; x_wconf 83' lang='lat' dir='ltr'><strong>quam</strong></span> <span class='ocrx_word' id='word_1_310' title='bbox 398 1372 598 1415; x_wconf 86' lang='lat' dir='ltr'><strong>Pompeius,</strong></span> <span class='ocrx_word' id='word_1_311' title='bbox 630 1377 849 1413; x_wconf 87' lang='lat' dir='ltr'><strong>posteaquam</strong></span> <span class='ocrx_word' id='word_1_312' title='bbox 871 1372 907 1402; x_wconf 90' lang='lat' dir='ltr'><strong>in</strong></span> <span class='ocrx_word' id='word_1_313' title='bbox 932 1371 1052 1402; x_wconf 84' lang='lat' dir='ltr'><strong>urbem</strong></span> <span class='ocrx_word' id='word_1_314' title='bbox 1076 1382 1233 1401; x_wconf 88' lang='lat' dir='ltr'><strong>reuersus</strong></span> <span class='ocrx_word' id='word_1_315' title='bbox 1258 1375 1345 1407; x_wconf 86' lang='lat' dir='ltr'><strong>erat,</strong></span> <span class='ocrx_word' id='word_1_316' title='bbox 1380 1368 1590 1410; x_wconf 86' lang='lat' dir='ltr'><strong>aliquamdiu</strong></span> <span class='ocrx_word' id='word_1_317' title='bbox 1611 1369 1738 1399; x_wconf 87' lang='lat' dir='ltr'><strong>amicus</strong></span> <span class='ocrx_word' id='word_1_318' title='bbox 1767 1366 1922 1399; x_wconf 83' lang='lat' dir='ltr'><strong>Ciceroni</strong></span> <span class='ocrx_word' id='word_1_319' title='bbox 1944 1365 2008 1398; x_wconf 83' lang='lat' dir='ltr'><strong>fuit</strong></span> <span class='ocrx_word' id='word_1_320' title='bbox 2036 1367 2152 1410; x_wconf 86' lang='lat' dir='ltr'><strong>priua-</strong></span> 
     </span>
     <span class='ocr_line' id='line_1_26' title="bbox 272 1419 2154 1469; baseline -0.004 -11"><span class='ocrx_word' id='word_1_321' title='bbox 272 1434 410 1469; x_wconf 84' lang='lat' dir='ltr'><strong>tamque</strong></span> <span class='ocrx_word' id='word_1_322' title='bbox 433 1426 528 1456; x_wconf 87' lang='lat' dir='ltr'><strong>illam</strong></span> <span class='ocrx_word' id='word_1_323' title='bbox 552 1424 774 1455; x_wconf 85' lang='lat' dir='ltr'><strong>offensionem</strong></span> <span class='ocrx_word' id='word_1_324' title='bbox 797 1424 925 1466; x_wconf 90' lang='lat' dir='ltr'><strong>publici</strong></span> <span class='ocrx_word' id='word_1_325' title='bbox 939 1423 1081 1455; x_wconf 85' lang='lat' dir='ltr'><strong>benefici</strong></span> <span class='ocrx_word' id='word_1_326' title='bbox 1103 1422 1269 1454; x_wconf 86' lang='lat' dir='ltr'><strong>memoria</strong></span> <span class='ocrx_word' id='word_1_327' title='bbox 1292 1421 1425 1453; x_wconf 76' lang='lat' dir='ltr'><strong>uidetur</strong></span> <span class='ocrx_word' id='word_1_328' title='bbox 1449 1421 1670 1461; x_wconf 88' lang='lat' dir='ltr'><strong>oblitterasse,</strong></span> <span class='ocrx_word' id='word_1_329' title='bbox 1693 1427 1806 1452; x_wconf 82' lang='lat' dir='ltr'><strong>tamen</strong></span> <span class='ocrx_word' id='word_1_330' title='bbox 1828 1419 1975 1451; x_wconf 84' lang='lat' dir='ltr'><strong>obfuisse</strong></span> <span class='ocrx_word' id='word_1_331' title='bbox 1998 1420 2056 1451; x_wconf 90' lang='lat' dir='ltr'><strong>illa</strong></span> <span class='ocrx_word' id='word_1_332' title='bbox 2079 1420 2154 1463; x_wconf 86' lang='lat' dir='ltr'><strong>epi-</strong></span> 
     </span>
     <span class='ocr_line' id='line_1_27' title="bbox 272 1472 2153 1519; baseline -0.004 -8"><span class='ocrx_word' id='word_1_333' title='bbox 272 1479 361 1511; x_wconf 85' lang='lat' dir='ltr'><strong>stula</strong></span> <span class='ocrx_word' id='word_1_334' title='bbox 384 1477 543 1510; x_wconf 85' lang='lat' dir='ltr'><strong>Ciceroni</strong></span> <span class='ocrx_word' id='word_1_335' title='bbox 570 1477 755 1508; x_wconf 83' lang='lat' dir='ltr'><strong>necessario</strong></span> <span class='ocrx_word' id='word_1_336' title='bbox 788 1477 904 1516; x_wconf 85' lang='lat' dir='ltr'><strong>debet,</strong></span> <span class='ocrx_word' id='word_1_337' title='bbox 943 1477 1033 1519; x_wconf 91' lang='lat' dir='ltr'><strong>quod</strong></span> <span class='ocrx_word' id='word_1_338' title='bbox 1065 1483 1097 1508; x_wconf 84' lang='lat' dir='ltr'><strong>et</strong></span> <span class='ocrx_word' id='word_1_339' title='bbox 1119 1475 1294 1514; x_wconf 89' lang='lat' dir='ltr'><strong>homines,</strong></span> <span class='ocrx_word' id='word_1_340' title='bbox 1334 1475 1533 1517; x_wconf 87' lang='lat' dir='ltr'><strong>quibuscum</strong></span> <span class='ocrx_word' id='word_1_341' title='bbox 1563 1480 1680 1517; x_wconf 87' lang='lat' dir='ltr'><strong>postea</strong></span> <span class='ocrx_word' id='word_1_342' title='bbox 1700 1485 1736 1505; x_wconf 92' lang='lat' dir='ltr'><strong>se</strong></span> <span class='ocrx_word' id='word_1_343' title='bbox 1758 1473 1939 1505; x_wconf 85' lang='lat' dir='ltr'><strong>coniunxit</strong></span> <span class='ocrx_word' id='word_1_344' title='bbox 1958 1472 2153 1515; x_wconf 84' lang='lat' dir='ltr'><strong>Pompeius,</strong></span> 
     </span>
     <span class='ocr_line' id='line_1_28' title="bbox 274 1527 1538 1574; baseline -0.006 -10"><span class='ocrx_word' id='word_1_345' title='bbox 274 1538 308 1564; x_wconf 88' lang='lat' dir='ltr'><strong>et</strong></span> <span class='ocrx_word' id='word_1_346' title='bbox 330 1531 451 1574; x_wconf 85' lang='lat' dir='ltr'><strong>agendi</strong></span> <span class='ocrx_word' id='word_1_347' title='bbox 474 1530 578 1569; x_wconf 83' lang='lat' dir='ltr'><strong>ratic,</strong></span> <span class='ocrx_word' id='word_1_348' title='bbox 606 1541 707 1571; x_wconf 90' lang='lat' dir='ltr'><strong>quam</strong></span> <span class='ocrx_word' id='word_1_349' title='bbox 730 1529 820 1560; x_wconf 87' lang='lat' dir='ltr'><strong>idem</strong></span> <span class='ocrx_word' id='word_1_350' title='bbox 844 1537 958 1572; x_wconf 88' lang='lat' dir='ltr'><strong>postea</strong></span> <span class='ocrx_word' id='word_1_351' title='bbox 978 1530 1071 1568; x_wconf 87' lang='lat' dir='ltr'><strong>iniit,</strong></span> <span class='ocrx_word' id='word_1_352' title='bbox 1094 1529 1130 1560; x_wconf 90' lang='lat' dir='ltr'><strong>in</strong></span> <span class='ocrx_word' id='word_1_353' title='bbox 1155 1540 1192 1559; x_wconf 84' lang='lat' dir='ltr'><strong>ea</strong></span> <span class='ocrx_word' id='word_1_354' title='bbox 1214 1527 1538 1571; x_wconf 85' lang='lat' dir='ltr'><strong>reprehendebatur.</strong></span> 
     </span>
    </p>

    <p class='ocr_par' dir='ltr' id='par_1_3' title="bbox 275 1577 2152 1678">
     <span class='ocr_line' id='line_1_29' title="bbox 358 1577 2152 1627; baseline -0.003 -12"><span class='ocrx_word' id='word_1_355' title='bbox 358 1583 608 1627; x_wconf 71' lang='lat' dir='ltr'><strong>Reipublicae</strong></span> <span class='ocrx_word' id='word_1_356' title='bbox 631 1584 731 1615; x_wconf 77' lang='lat' dir='ltr'><strong>uideo</strong></span> <span class='ocrx_word' id='word_1_357' title='bbox 752 1584 914 1627; x_wconf 76' lang='lat' dir='ltr'><strong>prodesse</strong></span> <span class='ocrx_word' id='word_1_358' title='bbox 932 1582 1102 1627; x_wconf 78' lang='lat' dir='ltr'><strong>potuisse)</strong></span> <span class='ocrx_word' id='word_1_359' title='bbox 1145 1581 1185 1613; x_wconf 81' lang='lat' dir='ltr'><strong>Id</strong></span> <span class='ocrx_word' id='word_1_360' title='bbox 1215 1582 1307 1612; x_wconf 84' lang='lat' dir='ltr'><strong>enim</strong></span> <span class='ocrx_word' id='word_1_361' title='bbox 1335 1587 1448 1623; x_wconf 80' lang='lat' dir='ltr'><strong>egerat</strong></span> <span class='ocrx_word' id='word_1_362' title='bbox 1474 1579 1612 1620; x_wconf 84' lang='lat' dir='ltr'><strong>Cicero,</strong></span> <span class='ocrx_word' id='word_1_363' title='bbox 1647 1585 1686 1612; x_wconf 84' lang='lat' dir='ltr'><strong>ut</strong></span> <span class='ocrx_word' id='word_1_364' title='bbox 1707 1579 1851 1622; x_wconf 88' lang='lat' dir='ltr'><strong>Pompei</strong></span> <span class='ocrx_word' id='word_1_365' title='bbox 1874 1578 2027 1610; x_wconf 82' lang='lat' dir='ltr'><strong>animum</strong></span> <span class='ocrx_word' id='word_1_366' title='bbox 2048 1578 2089 1610; x_wconf 89' lang='lat' dir='ltr'><strong>ab</strong></span> <span class='ocrx_word' id='word_1_367' title='bbox 2111 1577 2152 1611; x_wconf 84' lang='lat' dir='ltr'><strong>iis</strong></span> 
     </span>
     <span class='ocr_line' id='line_1_30' title="bbox 275 1635 1355 1678; baseline -0.002 -10"><span class='ocrx_word' id='word_1_368' title='bbox 275 1636 499 1676; x_wconf 76' lang='lat' dir='ltr'><strong>abalienaret,</strong></span> <span class='ocrx_word' id='word_1_369' title='bbox 525 1635 584 1678; x_wconf 87' lang='lat' dir='ltr'><strong>qui</strong></span> <span class='ocrx_word' id='word_1_370' title='bbox 609 1636 768 1667; x_wconf 85' lang='lat' dir='ltr'><strong>aduersus</strong></span> <span class='ocrx_word' id='word_1_371' title='bbox 791 1647 865 1667; x_wconf 81' lang='lat' dir='ltr'><strong>rem</strong></span> <span class='ocrx_word' id='word_1_372' title='bbox 887 1636 1058 1678; x_wconf 81' lang='lat' dir='ltr'><strong>publicam</strong></span> <span class='ocrx_word' id='word_1_373' title='bbox 1083 1635 1355 1666; x_wconf 84' lang='lat' dir='ltr'><strong>coniurauerant.</strong></span> 
     </span>
    </p>
   </div>
   <div class='ocr_carea' id='block_1_3' title="bbox 1036 1722 1401 1758">
    <p class='ocr_par' dir='ltr' id='par_1_4' title="bbox 1036 1722 1401 1758">
     <span class='ocr_line' id='line_1_31' title="bbox 1036 1722 1401 1758; baseline -0.003 -1"><span class='ocrx_word' id='word_1_374' title='bbox 1036 1724 1066 1757; x_wconf 91' lang='lat' dir='ltr'><strong>C</strong></span> <span class='ocrx_word' id='word_1_375' title='bbox 1092 1722 1125 1758; x_wconf 92' lang='lat' dir='ltr'><strong>A</strong></span> <span class='ocrx_word' id='word_1_376' title='bbox 1150 1723 1190 1757; x_wconf 90' lang='lat' dir='ltr'><strong>P.</strong></span> <span class='ocrx_word' id='word_1_377' title='bbox 1242 1723 1401 1758; x_wconf 85' lang='lat' dir='ltr'>XXXV.</span> 
     </span>
    </p>
   </div>
   <div class='ocr_carea' id='block_1_4' title="bbox 281 1790 2156 2049">
    <p class='ocr_par' dir='ltr' id='par_1_5' title="bbox 281 1790 2156 2049">
     <span class='ocr_line' id='line_1_32' title="bbox 367 1790 2155 1838; baseline -0.004 -10"><span class='ocrx_word' id='word_1_378' title='bbox 367 1797 397 1838; x_wconf 55' lang='grc' dir='ltr'>ἕ.</span> <span class='ocrx_word' id='word_1_379' title='bbox 422 1796 474 1828; x_wconf 84' lang='grc'>86.</span> <span class='ocrx_word' id='word_1_380' title='bbox 521 1795 580 1828; x_wconf 78' lang='lat' dir='ltr'><strong>Set</strong></span> <span class='ocrx_word' id='word_1_381' title='bbox 603 1801 685 1827; x_wconf 77' lang='lat' dir='ltr'><strong>sunt</strong></span> <span class='ocrx_word' id='word_1_382' title='bbox 707 1797 790 1829; x_wconf 76' lang='lat' dir='ltr'><strong>haec</strong></span> <span class='ocrx_word' id='word_1_383' title='bbox 812 1795 960 1838; x_wconf 79' lang='lat' dir='ltr'><strong>leuiora)</strong></span> <span class='ocrx_word' id='word_1_384' title='bbox 1005 1796 1085 1827; x_wconf 82' lang='lat' dir='ltr'><strong>Non</strong></span> <span class='ocrx_word' id='word_1_385' title='bbox 1108 1795 1197 1827; x_wconf 87' lang='lat' dir='ltr'><strong>male</strong></span> <span class='ocrx_word' id='word_1_386' title='bbox 1218 1807 1305 1827; x_wconf 90' lang='lat' dir='ltr'><strong>unus</strong></span> <span class='ocrx_word' id='word_1_387' title='bbox 1330 1794 1536 1827; x_wconf 79' lang='lat' dir='ltr'><strong>Oxoniensis</strong></span> <span class='ocrx_word' id='word_1_388' title='bbox 1563 1793 1654 1836; x_wconf 88' lang='lat' dir='ltr'><strong>[cnm</strong></span> <span class='ocrx_word' id='word_1_389' title='bbox 1677 1791 1766 1834; x_wconf 86' lang='lat' dir='ltr'><strong>aliis]</strong></span> <span class='ocrx_word' id='word_1_390' title='bbox 1791 1792 1913 1824; x_wconf 82' lang='lat' dir='ltr'><strong>omittit</strong></span> <span class='ocrx_word' id='word_1_391' title='bbox 1935 1797 2033 1831; x_wconf 82' lang='lat' dir='ltr'><strong>sunt,</strong></span> <span class='ocrx_word' id='word_1_392' title='bbox 2063 1790 2155 1833; x_wconf 90' lang='lat' dir='ltr'><strong>quod</strong></span> 
     </span>
     <span class='ocr_line' id='line_1_33' title="bbox 281 1843 2154 1892; baseline -0.004 -10"><span class='ocrx_word' id='word_1_393' title='bbox 281 1850 413 1892; x_wconf 85' lang='lat' dir='ltr'><strong>saepius</strong></span> <span class='ocrx_word' id='word_1_394' title='bbox 444 1860 464 1879; x_wconf 86' lang='lat' dir='ltr'><strong>a</strong></span> <span class='ocrx_word' id='word_1_395' title='bbox 486 1848 652 1879; x_wconf 89' lang='lat' dir='ltr'><strong>Cicerone</strong></span> <span class='ocrx_word' id='word_1_396' title='bbox 680 1848 847 1879; x_wconf 89' lang='lat' dir='ltr'><strong>similibus</strong></span> <span class='ocrx_word' id='word_1_397' title='bbox 877 1849 958 1880; x_wconf 87' lang='lat' dir='ltr'><strong>locis</strong></span> <span class='ocrx_word' id='word_1_398' title='bbox 990 1848 1171 1879; x_wconf 89' lang='lat' dir='ltr'><strong>omittitur.</strong></span> <span class='ocrx_word' id='word_1_399' title='bbox 1209 1849 1470 1880; x_wconf 66' lang='lat' dir='ltr'><strong>GARATONIL‘S.</strong></span> <span class='ocrx_word' id='word_1_400' title='bbox 1516 1848 1625 1878; x_wconf 87' lang='lat' dir='ltr'><strong>Immo</strong></span> <span class='ocrx_word' id='word_1_401' title='bbox 1657 1845 1807 1876; x_wconf 88' lang='lat' dir='ltr'><strong>alienum</strong></span> <span class='ocrx_word' id='word_1_402' title='bbox 1828 1845 1893 1877; x_wconf 89' lang='lat' dir='ltr'><strong>hoc</strong></span> <span class='ocrx_word' id='word_1_403' title='bbox 1916 1844 2052 1887; x_wconf 90' lang='lat' dir='ltr'><strong>quidem</strong></span> <span class='ocrx_word' id='word_1_404' title='bbox 2079 1843 2154 1875; x_wconf 91' lang='lat' dir='ltr'><strong>loco</strong></span> 
     </span>
     <span class='ocr_line' id='line_1_34' title="bbox 281 1895 2156 1944; baseline -0.004 -9"><span class='ocrx_word' id='word_1_405' title='bbox 281 1915 301 1935; x_wconf 93' lang='lat' dir='ltr'><strong>a</strong></span> <span class='ocrx_word' id='word_1_406' title='bbox 323 1901 567 1934; x_wconf 80' lang='lat' dir='ltr'><strong>consuetudine</strong></span> <span class='ocrx_word' id='word_1_407' title='bbox 592 1901 752 1933; x_wconf 89' lang='lat' dir='ltr'><strong>Tulliana</strong></span> <span class='ocrx_word' id='word_1_408' title='bbox 780 1901 929 1932; x_wconf 85' lang='lat' dir='ltr'><strong>uidetur.</strong></span> <span class='ocrx_word' id='word_1_409' title='bbox 974 1900 1065 1933; x_wconf 78' lang='lat' dir='ltr'><strong>Uide</strong></span> <span class='ocrx_word' id='word_1_410' title='bbox 1089 1901 1158 1932; x_wconf 89' lang='lat' dir='ltr'><strong>Cic.</strong></span> <span class='ocrx_word' id='word_1_411' title='bbox 1192 1901 1252 1932; x_wconf 87' lang='lat' dir='ltr'><strong>III.</strong></span> <span class='ocrx_word' id='word_1_412' title='bbox 1278 1902 1430 1944; x_wconf 89' lang='lat' dir='ltr'><strong>Philipp.</strong></span> <span class='ocrx_word' id='word_1_413' title='bbox 1455 1902 1528 1940; x_wconf 84' lang='lat' dir='ltr'><strong>IX,</strong></span> <span class='ocrx_word' id='word_1_414' title='bbox 1559 1901 1609 1932; x_wconf 83' lang='lat'><strong>25.</strong></span> <span class='ocrx_word' id='word_1_415' title='bbox 1639 1900 1699 1931; x_wconf 76' lang='lat' dir='ltr'><strong>Set</strong></span> <span class='ocrx_word' id='word_1_416' title='bbox 1726 1899 1809 1931; x_wconf 79' lang='lat' dir='ltr'><strong>haec</strong></span> <span class='ocrx_word' id='word_1_417' title='bbox 1833 1898 1966 1930; x_wconf 80' lang='lat' dir='ltr'><strong>leuiora</strong></span> <span class='ocrx_word' id='word_1_418' title='bbox 1977 1895 2156 1940; x_wconf 83' lang='lat' dir='ltr'><strong>fortasse;</strong></span> 
     </span>
     <span class='ocr_line' id='line_1_35' title="bbox 284 1950 2155 1999; baseline -0.003 -12"><span class='ocrx_word' id='word_1_419' title='bbox 284 1957 366 1987; x_wconf 74' lang='lat' dir='ltr'><strong>illut</strong></span> <span class='ocrx_word' id='word_1_420' title='bbox 397 1967 524 1999; x_wconf 81' lang='lat' dir='ltr'><strong>quaero</strong></span> <span class='ocrx_word' id='word_1_421' title='bbox 557 1961 636 1994; x_wconf 64' lang='lat' dir='ltr'><strong>etc„</strong></span> <span class='ocrx_word' id='word_1_422' title='bbox 671 1960 705 1985; x_wconf 85' lang='lat' dir='ltr'><strong>et</strong></span> <span class='ocrx_word' id='word_1_423' title='bbox 725 1955 769 1985; x_wconf 88' lang='grc' dir='ltr'>Π.</span> <span class='ocrx_word' id='word_1_424' title='bbox 795 1954 883 1985; x_wconf 90' lang='lat' dir='ltr'><strong>Phil.</strong></span> <span class='ocrx_word' id='word_1_425' title='bbox 909 1955 980 1993; x_wconf 70' lang='lat' dir='ltr'><strong>XI,</strong></span> <span class='ocrx_word' id='word_1_426' title='bbox 1013 1955 1063 1986; x_wconf 84' lang='lat'><strong>25.</strong></span> <span class='ocrx_word' id='word_1_427' title='bbox 1099 1954 1157 1986; x_wconf 78' lang='lat' dir='ltr'><strong>Set</strong></span> <span class='ocrx_word' id='word_1_428' title='bbox 1187 1955 1270 1986; x_wconf 73' lang='lat' dir='ltr'><strong>haec</strong></span> <span class='ocrx_word' id='word_1_429' title='bbox 1299 1961 1438 1994; x_wconf 69' lang='lat' dir='ltr'><strong>neten-a,-</strong></span> <span class='ocrx_word' id='word_1_430' title='bbox 1477 1954 1560 1986; x_wconf 75' lang='lat' dir='ltr'><strong>illut</strong></span> <span class='ocrx_word' id='word_1_431' title='bbox 1588 1964 1670 1985; x_wconf 82' lang='lat' dir='ltr'><strong>uero</strong></span> <span class='ocrx_word' id='word_1_432' title='bbox 1699 1964 1836 1990; x_wconf 84' lang='lat' dir='ltr'><strong>recens,</strong></span> <span class='ocrx_word' id='word_1_433' title='bbox 1872 1950 2052 1982; x_wconf 74' lang='lat' dir='ltr'><strong>Caesarem</strong></span> <span class='ocrx_word' id='word_1_434' title='bbox 2075 1955 2155 1981; x_wconf 85' lang='lat' dir='ltr'><strong>etc..</strong></span> 
     </span>
     <span class='ocr_line' id='line_1_36' title="bbox 288 2006 1211 2049; baseline 0 -11"><span class='ocrx_word' id='word_1_435' title='bbox 288 2007 412 2038; x_wconf 83' lang='lat' dir='ltr'><strong>Confer</strong></span> <span class='ocrx_word' id='word_1_436' title='bbox 435 2018 520 2049; x_wconf 90' lang='lat' dir='ltr'><strong>quae</strong></span> <span class='ocrx_word' id='word_1_437' title='bbox 542 2007 675 2049; x_wconf 86' lang='lat' dir='ltr'><strong>Proleg.</strong></span> <span class='ocrx_word' id='word_1_438' title='bbox 698 2008 740 2038; x_wconf 94' lang='lat' dir='ltr'><strong>L.</strong></span> <span class='ocrx_word' id='word_1_439' title='bbox 765 2007 808 2038; x_wconf 88' lang='lat' dir='ltr'><strong>II.</strong></span> <span class='ocrx_word' id='word_1_440' title='bbox 834 2008 872 2039; x_wconf 89' lang='lat' dir='ltr'><strong>C.</strong></span> <span class='ocrx_word' id='word_1_441' title='bbox 899 2008 925 2038; x_wconf 91' lang='grc' dir='ltr'><strong>Ι.</strong></span> <span class='ocrx_word' id='word_1_442' title='bbox 950 2008 1058 2048; x_wconf 80' lang='lat'><strong>§.16.</strong></span> <span class='ocrx_word' id='word_1_443' title='bbox 1081 2006 1211 2039; x_wconf 89' lang='lat' dir='ltr'><strong>monui.</strong></span> 
     </span>
    </p>
   </div>
   <div class='ocr_carea' id='block_1_5' title="bbox 369 2054 2157 2104">
    <p class='ocr_par' dir='ltr' id='par_1_6' title="bbox 369 2054 2157 2104">
     <span class='ocr_line' id='line_1_37' title="bbox 369 2054 2157 2104; baseline -0.002 -14"><span class='ocrx_word' id='word_1_444' title='bbox 369 2059 471 2098; x_wconf 78' lang='lat' dir='ltr'><strong>Quod</strong></span> <span class='ocrx_word' id='word_1_445' title='bbox 492 2072 606 2092; x_wconf 82' lang='lat' dir='ltr'><strong>meum</strong></span> <span class='ocrx_word' id='word_1_446' title='bbox 627 2061 827 2099; x_wconf 79' lang='lat' dir='ltr'><strong>discessum,</strong></span> <span class='ocrx_word' id='word_1_447' title='bbox 851 2073 950 2104; x_wconf 77' lang='lat' dir='ltr'><strong>quem</strong></span> <span class='ocrx_word' id='word_1_448' title='bbox 973 2072 1073 2104; x_wconf 78' lang='lat' dir='ltr'><strong>saepe</strong></span> <span class='ocrx_word' id='word_1_449' title='bbox 1097 2060 1255 2104; x_wconf 79' lang='lat' dir='ltr'><strong>defleras,</strong></span> <span class='ocrx_word' id='word_1_450' title='bbox 1279 2072 1369 2091; x_wconf 83' lang='lat' dir='ltr'><strong>nunc</strong></span> <span class='ocrx_word' id='word_1_451' title='bbox 1392 2060 1493 2103; x_wconf 77' lang='lat' dir='ltr'><strong>quasi</strong></span> <span class='ocrx_word' id='word_1_452' title='bbox 1507 2059 1752 2103; x_wconf 74' lang='lat' dir='ltr'><strong>reprehendere</strong></span> <span class='ocrx_word' id='word_1_453' title='bbox 1767 2074 1809 2081; x_wconf 90' lang='lat'>—</span> <span class='ocrx_word' id='word_1_454' title='bbox 1830 2055 1990 2098; x_wconf 73' lang='lat' dir='ltr'><strong>uoluisti)</strong></span> <span class='ocrx_word' id='word_1_455' title='bbox 2013 2055 2048 2087; x_wconf 90' lang='lat' dir='ltr'>A</span> <span class='ocrx_word' id='word_1_456' title='bbox 2063 2054 2157 2087; x_wconf 87' lang='lat' dir='ltr'><strong>mul-</strong></span> 
     </span>
    </p>
   </div>
   <div class='ocr_carea' id='block_1_6' title="bbox 287 2106 2231 2156">
    <p class='ocr_par' dir='ltr' id='par_1_7' title="bbox 287 2106 2231 2156">
     <span class='ocr_line' id='line_1_38' title="bbox 287 2106 2231 2156; baseline 0 -15"><span class='ocrx_word' id='word_1_457' title='bbox 287 2110 330 2142; x_wconf 83' lang='lat' dir='ltr'><strong>tis</strong></span> <span class='ocrx_word' id='word_1_458' title='bbox 355 2111 514 2144; x_wconf 87' lang='lat' dir='ltr'><strong>discessus</strong></span> <span class='ocrx_word' id='word_1_459' title='bbox 537 2113 596 2144; x_wconf 87' lang='lat' dir='ltr'><strong>ille</strong></span> <span class='ocrx_word' id='word_1_460' title='bbox 617 2113 843 2156; x_wconf 86' lang='lat' dir='ltr'><strong>reprehensus</strong></span> <span class='ocrx_word' id='word_1_461' title='bbox 867 2119 933 2153; x_wconf 90' lang='lat' dir='ltr'><strong>est,</strong></span> <span class='ocrx_word' id='word_1_462' title='bbox 976 2113 1023 2144; x_wconf 86' lang='lat' dir='ltr'><strong>ita</strong></span> <span class='ocrx_word' id='word_1_463' title='bbox 1045 2119 1080 2143; x_wconf 89' lang='lat' dir='ltr'><strong>ut</strong></span> <span class='ocrx_word' id='word_1_464' title='bbox 1103 2124 1201 2155; x_wconf 88' lang='lat' dir='ltr'><strong>saepe</strong></span> <span class='ocrx_word' id='word_1_465' title='bbox 1226 2112 1344 2144; x_wconf 86' lang='lat' dir='ltr'><strong>Cicero</strong></span> <span class='ocrx_word' id='word_1_466' title='bbox 1372 2113 1443 2143; x_wconf 91' lang='lat' dir='ltr'><strong>eius</strong></span> <span class='ocrx_word' id='word_1_467' title='bbox 1466 2123 1615 2144; x_wconf 87' lang='lat' dir='ltr'><strong>caussam</strong></span> <span class='ocrx_word' id='word_1_468' title='bbox 1636 2108 1842 2153; x_wconf 87' lang='lat' dir='ltr'><strong>exposuerit.</strong></span> <span class='ocrx_word' id='word_1_469' title='bbox 1888 2106 1958 2139; x_wconf 88' lang='lat' dir='ltr'><strong>Csr.</strong></span> <span class='ocrx_word' id='word_1_470' title='bbox 1984 2114 2062 2152; x_wconf 91' lang='lat' dir='ltr'><strong>post</strong></span> <span class='ocrx_word' id='word_1_471' title='bbox 2083 2108 2156 2142; x_wconf 78' lang='lat' dir='ltr'><strong>red.</strong></span> <span class='ocrx_word' id='word_1_472' title='bbox 2181 2122 2183 2124; x_wconf 85' lang='lat'>·</span> <span class='ocrx_word' id='word_1_473' title='bbox 2226 2112 2231 2129; x_wconf 79' lang='lat'><strong>:-</strong></span> 
     </span>
    </p>
   </div>
   <div class='ocr_carea' id='block_1_7' title="bbox 287 2161 2156 2404">
    <p class='ocr_par' dir='ltr' id='par_1_8' title="bbox 287 2161 2154 2261">
     <span class='ocr_line' id='line_1_39' title="bbox 287 2161 2154 2209; baseline 0 -16"><span class='ocrx_word' id='word_1_474' title='bbox 287 2163 325 2194; x_wconf 86' lang='lat' dir='ltr'><strong>in</strong></span> <span class='ocrx_word' id='word_1_475' title='bbox 349 2174 418 2194; x_wconf 89' lang='lat' dir='ltr'><strong>sen.</strong></span> <span class='ocrx_word' id='word_1_476' title='bbox 450 2175 477 2194; x_wconf 88' lang='lat' dir='ltr'><strong>c.</strong></span> <span class='ocrx_word' id='word_1_477' title='bbox 504 2166 551 2197; x_wconf 81' lang='lat'><strong>15.</strong></span> <span class='ocrx_word' id='word_1_478' title='bbox 580 2167 648 2206; x_wconf 58' lang='lat'><strong>14„</strong></span> <span class='ocrx_word' id='word_1_479' title='bbox 672 2178 734 2209; x_wconf 84' lang='lat' dir='ltr'><strong>pro</strong></span> <span class='ocrx_word' id='word_1_480' title='bbox 757 2166 856 2198; x_wconf 87' lang='lat' dir='ltr'><strong>domo</strong></span> <span class='ocrx_word' id='word_1_481' title='bbox 880 2178 907 2198; x_wconf 89' lang='lat' dir='ltr'><strong>c.</strong></span> <span class='ocrx_word' id='word_1_482' title='bbox 933 2166 983 2197; x_wconf 76' lang='lat'><strong>24.</strong></span> <span class='ocrx_word' id='word_1_483' title='bbox 1008 2171 1041 2196; x_wconf 89' lang='lat' dir='ltr'><strong>et</strong></span> <span class='ocrx_word' id='word_1_484' title='bbox 1063 2177 1090 2196; x_wconf 91' lang='lat' dir='ltr'><strong>c.</strong></span> <span class='ocrx_word' id='word_1_485' title='bbox 1114 2166 1165 2197; x_wconf 80' lang='lat'><strong>55.</strong></span> <span class='ocrx_word' id='word_1_486' title='bbox 1189 2167 1219 2207; x_wconf 85' lang='lat'><strong>§.</strong></span> <span class='ocrx_word' id='word_1_487' title='bbox 1243 2166 1295 2208; x_wconf 84' lang='lat'><strong>95.</strong></span> <span class='ocrx_word' id='word_1_488' title='bbox 1319 2177 1346 2197; x_wconf 83' lang='lat' dir='ltr'><strong>c.</strong></span> <span class='ocrx_word' id='word_1_489' title='bbox 1370 2166 1434 2206; x_wconf 63' lang='lat'><strong>56„</strong></span> <span class='ocrx_word' id='word_1_490' title='bbox 1461 2177 1525 2208; x_wconf 88' lang='lat' dir='ltr'><strong>pro</strong></span> <span class='ocrx_word' id='word_1_491' title='bbox 1549 2164 1656 2196; x_wconf 85' lang='lat' dir='ltr'><strong>Sestio</strong></span> <span class='ocrx_word' id='word_1_492' title='bbox 1680 2173 1707 2193; x_wconf 81' lang='lat' dir='ltr'><strong>c.</strong></span> <span class='ocrx_word' id='word_1_493' title='bbox 1734 2162 1783 2194; x_wconf 86' lang='grc'><strong>16.</strong></span> <span class='ocrx_word' id='word_1_494' title='bbox 1807 2167 1840 2192; x_wconf 89' lang='lat' dir='ltr'><strong>et</strong></span> <span class='ocrx_word' id='word_1_495' title='bbox 1861 2172 1967 2203; x_wconf 65' lang='lat' dir='ltr'><strong>seqq„</strong></span> <span class='ocrx_word' id='word_1_496' title='bbox 1990 2161 2027 2192; x_wconf 89' lang='lat' dir='ltr'><strong>in</strong></span> <span class='ocrx_word' id='word_1_497' title='bbox 2039 2161 2154 2194; x_wconf 81' lang='lat' dir='ltr'><strong>Uatin-</strong></span> 
     </span>
     <span class='ocr_line' id='line_1_40' title="bbox 289 2214 1318 2261; baseline 0.004 -15"><span class='ocrx_word' id='word_1_498' title='bbox 289 2226 318 2246; x_wconf 85' lang='lat' dir='ltr'><strong>c.</strong></span> <span class='ocrx_word' id='word_1_499' title='bbox 342 2215 387 2254; x_wconf 84' lang='lat'><strong>5.‚</strong></span> <span class='ocrx_word' id='word_1_500' title='bbox 410 2214 447 2245; x_wconf 87' lang='lat' dir='ltr'><strong>in</strong></span> <span class='ocrx_word' id='word_1_501' title='bbox 469 2215 532 2247; x_wconf 84' lang='lat' dir='ltr'><strong>Pis.</strong></span> <span class='ocrx_word' id='word_1_502' title='bbox 557 2230 584 2249; x_wconf 83' lang='lat' dir='ltr'><strong>c.</strong></span> <span class='ocrx_word' id='word_1_503' title='bbox 608 2230 638 2261; x_wconf 87' lang='lat'><strong>9.</strong></span> <span class='ocrx_word' id='word_1_504' title='bbox 666 2230 693 2250; x_wconf 87' lang='lat' dir='ltr'><strong>c.</strong></span> <span class='ocrx_word' id='word_1_505' title='bbox 721 2219 789 2250; x_wconf 76' lang='lat'><strong>14..</strong></span> <span class='ocrx_word' id='word_1_506' title='bbox 833 2219 936 2251; x_wconf 90' lang='lat' dir='ltr'><strong>Adde</strong></span> <span class='ocrx_word' id='word_1_507' title='bbox 958 2220 1000 2251; x_wconf 89' lang='lat' dir='ltr'><strong>ad</strong></span> <span class='ocrx_word' id='word_1_508' title='bbox 1024 2219 1104 2251; x_wconf 90' lang='lat' dir='ltr'><strong>Diu.</strong></span> <span class='ocrx_word' id='word_1_509' title='bbox 1128 2220 1160 2258; x_wconf 88' lang='lat' dir='ltr'><strong>I,</strong></span> <span class='ocrx_word' id='word_1_510' title='bbox 1188 2230 1223 2261; x_wconf 88' lang='lat'><strong>9,</strong></span> <span class='ocrx_word' id='word_1_511' title='bbox 1248 2229 1318 2260; x_wconf 82' lang='lat'><strong>29..</strong></span> 
     </span>
    </p>

    <p class='ocr_par' dir='ltr' id='par_1_9' title="bbox 289 2266 2156 2404">
     <span class='ocr_line' id='line_1_41' title="bbox 374 2266 2156 2317; baseline 0.002 -20"><span class='ocrx_word' id='word_1_512' title='bbox 374 2267 454 2309; x_wconf 81' lang='lat' dir='ltr'><strong>Ego</strong></span> <span class='ocrx_word' id='word_1_513' title='bbox 495 2280 576 2300; x_wconf 80' lang='lat' dir='ltr'><strong>uero</strong></span> <span class='ocrx_word' id='word_1_514' title='bbox 610 2270 733 2312; x_wconf 81' lang='lat' dir='ltr'><strong>fateor</strong></span> <span class='ocrx_word' id='word_1_515' title='bbox 769 2273 933 2313; x_wconf 74' lang='lat' dir='ltr'><strong>hercule,</strong></span> <span class='ocrx_word' id='word_1_516' title='bbox 988 2273 1080 2317; x_wconf 80' lang='lat' dir='ltr'><strong>quod</strong></span> <span class='ocrx_word' id='word_1_517' title='bbox 1116 2273 1266 2305; x_wconf 81' lang='lat' dir='ltr'><strong>uiderim</strong></span> <span class='ocrx_word' id='word_1_518' title='bbox 1310 2271 1397 2304; x_wconf 77' lang='lat' dir='ltr'><strong>mihi</strong></span> <span class='ocrx_word' id='word_1_519' title='bbox 1437 2270 1609 2304; x_wconf 81' lang='lat' dir='ltr'><strong>auxilium</strong></span> <span class='ocrx_word' id='word_1_520' title='bbox 1643 2279 1711 2299; x_wconf 84' lang='lat' dir='ltr'><strong>non</strong></span> <span class='ocrx_word' id='word_1_521' title='bbox 1753 2268 1892 2307; x_wconf 80' lang='lat' dir='ltr'><strong>deesse,</strong></span> <span class='ocrx_word' id='word_1_522' title='bbox 1937 2266 2067 2299; x_wconf 86' lang='lat' dir='ltr'><strong>idcirco</strong></span> <span class='ocrx_word' id='word_1_523' title='bbox 2102 2277 2156 2299; x_wconf 77' lang='lat' dir='ltr'><strong>me</strong></span> 
     </span>
     <span class='ocr_line' id='line_1_42' title="bbox 290 2319 2153 2376; baseline -0.001 -24"><span class='ocrx_word' id='word_1_524' title='bbox 290 2319 346 2352; x_wconf 81' lang='lat' dir='ltr'><strong>illi</strong></span> <span class='ocrx_word' id='word_1_525' title='bbox 381 2319 516 2376; x_wconf 62' lang='lat' dir='ltr'><strong>quxilio</strong></span> <span class='ocrx_word' id='word_1_526' title='bbox 547 2325 754 2368; x_wconf 73' lang='lat' dir='ltr'><strong>pepercisse)</strong></span> <span class='ocrx_word' id='word_1_527' title='bbox 799 2326 889 2359; x_wconf 82' lang='lat' dir='ltr'><strong>Uide</strong></span> <span class='ocrx_word' id='word_1_528' title='bbox 929 2336 1014 2368; x_wconf 86' lang='lat' dir='ltr'><strong>quae</strong></span> <span class='ocrx_word' id='word_1_529' title='bbox 1052 2325 1094 2356; x_wconf 87' lang='lat' dir='ltr'><strong>de</strong></span> <span class='ocrx_word' id='word_1_530' title='bbox 1131 2325 1233 2357; x_wconf 87' lang='lat' dir='ltr'><strong>huius</strong></span> <span class='ocrx_word' id='word_1_531' title='bbox 1269 2324 1336 2356; x_wconf 87' lang='lat' dir='ltr'><strong>loci</strong></span> <span class='ocrx_word' id='word_1_532' title='bbox 1372 2323 1538 2365; x_wconf 87' lang='lat' dir='ltr'><strong>scriptura</strong></span> <span class='ocrx_word' id='word_1_533' title='bbox 1576 2321 1711 2363; x_wconf 85' lang='lat' dir='ltr'><strong>Proleg.</strong></span> <span class='ocrx_word' id='word_1_534' title='bbox 1751 2321 1794 2352; x_wconf 88' lang='lat' dir='ltr'><strong>L.</strong></span> <span class='ocrx_word' id='word_1_535' title='bbox 1825 2320 1866 2351; x_wconf 85' lang='grc' dir='ltr'>Π.</span> <span class='ocrx_word' id='word_1_536' title='bbox 1905 2319 1943 2351; x_wconf 87' lang='lat' dir='ltr'><strong>C.</strong></span> <span class='ocrx_word' id='word_1_537' title='bbox 1973 2320 2000 2351; x_wconf 92' lang='grc' dir='ltr'>Ι.</span> <span class='ocrx_word' id='word_1_538' title='bbox 2041 2319 2072 2362; x_wconf 86' lang='lat'><strong>§.</strong></span> <span class='ocrx_word' id='word_1_539' title='bbox 2105 2319 2153 2352; x_wconf 78' lang='grc'><strong>16.</strong></span> 
     </span>
     <span class='ocr_line' id='line_1_43' title="bbox 289 2382 495 2404; baseline -0.01 0"><span class='ocrx_word' id='word_1_540' title='bbox 289 2382 495 2404; x_wconf 78' lang='lat' dir='ltr'><strong>monuimus.</strong></span> 
     </span>
    </p>
   </div>
   <div class='ocr_carea' id='block_1_8' title="bbox 2242 229 2252 327">
    <p class='ocr_par' dir='ltr' id='par_1_10' title="bbox 2242 229 2252 327">
     <span class='ocr_line' id='line_1_44' title="bbox 2242 229 2252 327; textangle 90"><span class='ocrx_word' id='word_1_541' title='bbox 2242 258 2251 327; x_wconf 50' lang='lat'><em>4-—2-„</em></span> <span class='ocrx_word' id='word_1_542' title='bbox 2250 229 2252 234; x_wconf 60' lang='grc'>,</span> 
     </span>
    </p>
   </div>
   <div class='ocr_carea' id='block_1_9' title="bbox 2227 342 2251 403">
    <p class='ocr_par' dir='ltr' id='par_1_11' title="bbox 2227 342 2251 403">
     <span class='ocr_line' id='line_1_45' title="bbox 2227 342 2251 403; baseline 0 -26"><span class='ocrx_word' id='word_1_543' title='bbox 2227 342 2251 403; x_wconf 48' lang='lat' dir='ltr'><strong>:l</strong></span> 
     </span>
    </p>
   </div>
   <div class='ocr_carea' id='block_1_10' title="bbox 2212 410 2264 1465">
    <p class='ocr_par' dir='ltr' id='par_1_12' title="bbox 2212 410 2264 1465">
     <span class='ocr_line' id='line_1_46' title="bbox 2212 410 2264 1465; baseline 0 0"><span class='ocrx_word' id='word_1_544' title='bbox 2212 410 2264 1465; x_wconf 95' lang='lat' dir='ltr'><strong> </strong></span> 
     </span>
    </p>
   </div>
   <div class='ocr_carea' id='block_1_11' title="bbox 2252 976 2264 2292">
    <p class='ocr_par' dir='ltr' id='par_1_13' title="bbox 2252 976 2264 2292">
     <span class='ocr_line' id='line_1_47' title="bbox 2252 976 2264 2292; baseline 0 0"><span class='ocrx_word' id='word_1_545' title='bbox 2252 976 2264 2292; x_wconf 95' lang='lat' dir='ltr'><strong> </strong></span> 
     </span>
    </p>
   </div>
  </div>
 </body>
</html>
