2264 2746
265 92 300 118 72
900 87 1474 119 COMMENTARIUS.

248 174 326 197 cum
348 162 447 194 laude
469 169 578 206 gesta,
607 168 657 193 set
682 171 723 191 ex
747 165 904 202 praetura
928 166 961 191 et
983 160 1159 192 consulatu
1182 173 1217 192 se
1239 163 1428 205 peperisse,
1459 163 1495 195 in
1517 171 1680 208 promptu
1704 173 1754 198 est
1776 168 1910 208 uidere,
1938 172 2124 205 necessario

248 218 391 251 uerbum
412 216 549 259 gloriae
571 219 648 257 post
671 213 820 244 multum.
842 212 920 243 addi
944 213 1106 245 debuisse.
1151 215 1214 246 Est
1236 221 1365 255 autem,
1388 222 1427 247 ut
1447 215 1514 248 iam
1537 217 1704 258 indicaui,
1732 231 1773 251 ex
1795 228 2000 264 quaesturae
2021 225 2125 258 laude

248 272 376 303 dictum
399 281 462 312 pro
486 281 525 299 ex
548 271 735 310 quaestura
759 277 836 296 cum
858 265 962 299 laude
982 272 1095 310 gesta.
1142 266 1214 299 Cfr.
1238 268 1340 300 etiam
1362 268 1496 311 Proleg.
1525 270 1567 301 L.
1590 270 1632 301 II.
1659 271 1696 302 C.
1723 272 1750 303 Ι.
1778 273 1808 314 §.
1831 273 1862 305 8.
1885 285 1919 315 p.
1943 275 2010 307 XL
2033 288 2125 319 sqq..

332 319 568 364 flquicipibus
591 317 761 358 liberalis)
802 318 857 348 Sic
882 318 917 349 in
941 319 1096 352 omnibus
1121 321 1326 352 editionibus
1349 322 1519 353 scribitur.
1562 322 1787 356 Pei-mirumst
1808 332 1931 365 autem,
1956 328 2127 361 neminem

248 378 329 409 dum
359 375 544 409 editorum,
582 370 667 401 uitio
697 369 866 401 adfectum
892 371 983 402 hunc
1011 373 1124 405 locum
1154 386 1243 413 esse,
1280 375 1569 407 animaduertisse.
1625 378 1715 408 Nam
1745 377 1803 419 qui
1831 378 1967 409 tandem
1997 379 2128 421 Cicero,

247 435 402 473 quaestor
435 435 512 455 cum
541 428 628 454 esset
657 423 693 453 in
726 423 850 461 Sicilia,
881 426 1112 469 municipibus
1142 427 1320 460 liberalem
1347 440 1382 460 se
1412 427 1515 460 fuisse
1547 428 1658 460 dicere
1687 432 1823 472 potest?
1867 432 1965 463 Nihil
1994 433 2128 473 certius,

247 493 346 526 quam
369 478 532 519 scriptum
555 486 573 506 a
596 475 761 507 Cicerone
786 488 867 514 esse,
890 478 1105 522 mancipibus
1129 481 1294 513 liberalis.
1339 481 1411 512 Iam
1435 481 1554 513 eodem
1577 481 1691 521 modo,
1716 495 1782 525 quo
1804 484 1997 516 Laterensis
2022 486 2052 527 §.
2077 486 2129 518 65.

249 533 401 569 liberalis
425 532 461 563 in
479 529 697 573 publicanos,
720 529 834 561 iustus
856 530 892 561 in
915 532 1023 563 socios
1046 531 1149 565 fuisse
1171 534 1279 565 dictus
1303 540 1369 570 est,
1396 534 1515 567 Cicero
1538 535 1593 567 hic
1615 536 1831 580 mancipibus
1854 537 2046 577 liberalem,
2074 550 2130 570 so-

245 588 308 620 ciis
336 584 562 616 abstinentem
591 593 626 614 se
648 581 751 613 fuisse
780 581 871 613 dicit.
919 583 990 614 Cfr.
1023 585 1124 617 etiam
1154 598 1218 629 pro
1242 588 1368 619 Scauro
1398 599 1432 630 p.
1461 600 1509 620 11.
1539 587 1590 618 ed.
1615 588 1697 620 Mai.
1719 600 1803 621 sec.:
1838 591 1870 622 si
1892 591 1952 622 ille
1975 596 2128 623 retentus

244 653 265 672 a
292 642 415 670 cuncta
436 636 526 668 Asia
548 635 721 679 supplice,
743 636 775 667 si
795 648 817 667 a
838 637 1130 679 negotiatoribus,
1152 641 1184 672 si
1205 654 1227 672 a
1245 640 1464 684 publicanis,
1494 642 1526 672 si
1547 641 1589 673 ab
1612 641 1768 673 omnibus
1790 644 1893 674 sociis
1916 648 1996 674 etc..
2041 644 2126 675 Sunt

243 697 356 723 autem
389 688 576 731 mancipes,
609 694 693 720 teste
723 688 992 720 Pseudoasconio
1022 690 1063 722 ad
1089 692 1160 723 Cic.
1190 692 1296 723 diuin.
1327 693 1365 724 C.
1394 694 1442 725 X.
1473 695 1503 736 ς.
1533 694 1604 733 55.,
1639 694 1913 727 Publicanorum
1937 696 2130 739 principes,

246 743 397 776 Romani
427 742 589 774 homines.
635 741 752 772 Cicero
785 741 854 772 diu.
885 743 923 775 C.
946 744 1053 786 X.§.
1078 745 1129 776 35.
1163 746 1344 788 illancipes
1369 759 1392 778 a
1417 747 1621 779 ciuitatibus
1645 758 1711 790 pro
1734 745 1918 790 fruniento
1942 750 2130 791 pecuniam

243 801 442 838 exegerunt.
466 800 499 825 et
521 794 564 825 II·
586 794 621 824 ill
644 795 743 827 Uerr.
768 795 831 833 ΙΙΙ,
857 795 907 835 74,
936 807 1005 838 172.
1026 800 1236 842 praesertim
1260 811 1361 843 (suom
1383 811 1423 831 ex
1450 800 1559 833 isdem
1580 801 1679 844 agris
1703 800 1920 844 eiusdemque
1942 801 2027 832 anni
2039 800 2128 844 fru-

243 855 395 881 mentum
417 860 458 879 ex
480 847 631 879 decumis
654 847 802 879 Romam
824 850 997 893 mancipes
1027 852 1259 885 aduexissent.
1305 852 1467 884 Ceterum
1495 853 1603 896 ipsam
1634 852 1749 892 illam,
1787 864 1872 895 quae
1904 853 1977 885 sola
2004 860 2128 892 uerast‚

242 900 445 942 scripturam
466 899 571 931 codex
593 901 910 942 praestantissumus
934 902 1144 935 Erfurtensis
1168 904 1280 936 habet.

325 953 484 985 Honores
507 953 543 985 in
566 965 619 985 me
640 954 809 995 inauditi)
854 955 969 987 Uerba
991 957 1026 987 in
1043 969 1107 995 me,
1131 969 1216 999 quae
1237 957 1386 990 familiae
1411 959 1532 990 tertiae
1556 957 1685 989 codices
1708 957 1880 997 omittunt,
1903 970 2014 1001 neque
2036 960 2129 992 salua

240 1006 405 1038 sententia
428 1006 542 1038 abesse
566 1006 728 1037 uidentur
752 1018 851 1049 posse
874 1013 907 1039 et
929 1007 1103 1041 facilluiuo
1139 1010 1351 1042 amanuensis
1375 1022 1492 1043 errore
1515 1011 1672 1043 excidere
1694 1016 1892 1054 potuerunt.
1937 1010 2008 1043 Csr.
2028 1013 2130 1044 etiam

242 1059 375 1100 Proleg.
401 1060 441 1091 L.
464 1059 508 1090 11.
534 1059 571 1091 C.
594 1060 620 1090 1.
635 1052 676 1101 '§.
701 1059 751 1091 8..

328 1112 358 1153 §.
383 1112 434 1143 65.
477 1112 529 1145 At
561 1124 623 1156 ego
655 1125 732 1144 cum
760 1126 842 1145 casu
864 1114 983 1147 diebus
1006 1116 1051 1148 iis
1079 1117 1216 1149 itineris
1230 1116 1394 1161 faciendi
1416 1130 1560 1156 caussa,
1592 1117 1755 1149 decedens
1778 1129 1796 1150 e
1813 1117 2018 1161 prouincia,
2050 1118 2128 1150 Pu-

243 1165 347 1197 teolos
360 1163 461 1205 forte
483 1166 672 1204 uenissem,
705 1167 795 1208 cum)
839 1167 1038 1199 Notandum
1062 1176 1129 1209 est,
1164 1183 1247 1202 casu
1270 1171 1325 1202 hic
1352 1171 1436 1210 dici,
1471 1177 1504 1202 et
1534 1182 1617 1201 mox
1650 1176 1778 1208 tamen,
1814 1171 1909 1213 quasi
1939 1170 2068 1201 dictum
2093 1171 2129 1202 id

242 1229 313 1248 11011
340 1216 462 1257 fuerit,
506 1230 739 1261 synonymum
759 1218 860 1262 forte
888 1220 1091 1262 superaddi,
1132 1224 1297 1255 Puteolos
1317 1224 1418 1267 forte
1446 1224 1626 1256 uenissem.
1671 1222 1798 1255 Similis
1830 1230 1880 1255 est
1907 1224 2000 1255 locus
2029 1225 2055 1255 I.
2086 1224 2128 1255 de

240 1271 316 1302 Fin.
341 1270 370 1301 6.
394 1271 596 1315 Principio,
626 1273 784 1315 inquam,
811 1273 847 1303 in
862 1274 1041 1316 physicis,
1072 1275 1194 1319 quibus
1218 1277 1366 1308 maxime
1386 1277 1586 1319 gloriatur,
1613 1276 1768 1319 primum
1790 1281 1882 1308 totus
1906 1282 1956 1309 est
1978 1277 2125 1311 alienus,

241 1323 311 1365 [hic
333 1323 425 1354 locus
449 1325 544 1355 nullo
565 1324 667 1355 modo
691 1325 757 1356 huc
780 1325 990 1357 reuocandus
1014 1333 1080 1360 est:
1105 1340 1183 1360 nam
1200 1329 1379 1373 principio
1404 1334 1454 1359 est
1475 1328 1510 1358 in
1526 1328 1638 1369 prima
1660 1333 1756 1370 parte
1771 1329 2027 1372 philosophiaeg.
2048 1331 2125 1374 pri-

239 1390 334 1409 mum
356 1377 540 1420 respondet
563 1377 796 1419 sequentibus,
823 1378 858 1409 in
882 1378 1003 1420 quibus
1028 1379 1170 1421 dicitur,
1195 1393 1280 1424 quae
1302 1387 1450 1412 mutaret
1472 1380 1659 1422 Epicurus,
1692 1379 1879 1422 deprauare
1901 1382 2023 1414 uideri.
2055 1384 2127 1415 BA-

241 1431 353 1472 KIUS.]
411 1432 497 1463 Item
519 1432 605 1463 alter
627 1431 691 1463 IV.
715 1430 750 1461 in
775 1431 875 1463 Uerr.
902 1431 953 1474 59.
978 1433 1049 1473 Qui
1076 1439 1115 1465 ut
1131 1435 1289 1477 primum
1312 1435 1348 1466 in
1370 1434 1453 1465 illut
1476 1433 1641 1477 oppidum
1663 1434 1771 1471 uenit,
1795 1435 1927 1474 statim,
1950 1440 2127 1479 tamquam

242 1490 320 1523 etc„
345 1485 395 1516 ita
419 1486 580 1517 continuo
603 1490 685 1515 etc..
730 1484 847 1525 Atque
868 1485 968 1516 unico
992 1486 1028 1516 in
1050 1497 1153 1518 uersu
1179 1487 1361 1518 Terentius
1384 1487 1473 1518 Eun.
1497 1486 1546 1525 ΙΙ,
1572 1496 1607 1524 2,
1634 1486 1681 1516 15.
1708 1485 1803 1518 Olim
1828 1487 1889 1518 isti
1903 1486 1984 1530 fuit
2004 1489 2128 1530 generi

242 1538 419 1580 quondam
443 1544 606 1581 quaestus
629 1543 715 1581 aput
738 1538 889 1569 saeclum
903 1539 1018 1582 prius.
1062 1539 1154 1571 Hinc
1175 1546 1280 1582 patet,
1324 1539 1364 1570 ab
1388 1539 1516 1572 Ursino
1541 1544 1574 1569 et
1593 1538 1780 1570 Gronouiis
1802 1537 1929 1570 frustra
1951 1539 2126 1572 sollicitari

242 1591 424 1632 Semproni
437 1590 620 1623 Asellionis
645 1591 756 1621 locum
781 1596 863 1632 aput
875 1591 1027 1623 Gellium
1043 1593 1085 1631 II,
1113 1593 1173 1632 15„
1197 1605 1264 1635 quo
1277 1592 1530 1635 coniunguntur
1545 1590 1737 1634 ἰσοδύναμα
1760 1597 1834 1624 tum
1856 1592 1942 1624 ineo
1966 1599 2126 1637 tempore.

240 1644 293 1675 De
315 1644 377 1674 hac
398 1645 602 1676 Latinorum
626 1643 869 1674 consuetudine
891 1645 1028 1675 consule
1056 1657 1138 1687 quos
1165 1645 1302 1677 laudaui
1325 1645 1366 1676 ad
1389 1646 1449 1676 ΙΙΙ.
1473 1645 1508 1675 111
1534 1645 1633 1676 Catil.
1659 1656 1708 1687 9.‚
1746 1645 1805 1676 ubi
1827 1651 1940 1676 tamen
1966 1645 2057 1687 quod
2079 1645 2125 1677 ait

241 1697 396 1729 Tullius.
429 1699 479 1730 sic
501 1710 523 1729 a
541 1697 693 1729 Lentulo
717 1697 904 1740 ceterisque
926 1698 1121 1730 domesticis
1145 1698 1300 1731 hostibus
1324 1704 1396 1730 tum
1418 1699 1591 1730 clementer
1614 1704 1714 1731 tanta
1737 1711 1791 1730 res
1817 1700 1950 1731 credita
1972 1704 2051 1738 etc„
2081 1697 2123 1729 ad

239 1749 337 1779 illum
375 1756 424 1780 est
452 1749 593 1781 fortasse
626 1748 843 1780 referendum
880 1750 1065 1792 particulae
1094 1752 1144 1783 sic
1177 1763 1277 1782 usum
1307 1751 1530 1793 singularem,
1569 1761 1669 1792 quem
1698 1750 1857 1783 inlustrat
1889 1751 2122 1793 VVopkensius

240 1802 334 1832 Lect.
359 1802 452 1833 Tull.
478 1804 547 1842 ΙΙΙ,
571 1804 622 1839 5.;
657 1803 747 1844 quod
770 1803 882 1845 primo
906 1815 975 1834 non
997 1804 1175 1846 putabam,
1199 1810 1249 1835 set
1270 1803 1433 1846 suspicari
1456 1810 1574 1846 postea
1596 1803 1710 1846 coepi,
1738 1815 1841 1846 quom
1863 1803 2124 1835 animaduertis-

241 1866 326 1893 sem,
361 1856 561 1897 particulam
584 1857 634 1888 sic
657 1856 693 1886 in
716 1856 774 1894 iis,
810 1868 894 1898 quae
918 1862 1046 1888 temere
1068 1869 1212 1900 casuque
1234 1857 1339 1899 magis
1363 1856 1467 1895 fiunt,
1501 1868 1602 1899 quam
1625 1863 1715 1888 certa
1737 1857 1868 1888 ratione
1890 1862 1990 1898 atque
2011 1856 2124 1888 consi-

240 1908 303 1945 lio,
342 1908 455 1940 locum
483 1909 547 1941 sibi
579 1916 759 1952 optumum
790 1909 980 1940 nendicare.
1027 1910 1155 1942 Confer
1184 1910 1324 1941 omnino
1348 1922 1425 1941 cum
1447 1909 1667 1952 NVopkensio
1691 1909 1794 1940 celeb.
1818 1910 2050 1941 Burmannum
2080 1909 2122 1940 ad

241 1961 343 2002 Uerg.
370 1962 393 1992 Ι.
417 1962 506 1994 Aen.
532 1964 623 1994 225..
659 1964 919 1994 GARAnrx-irs.
965 1963 1125 1995 Ceterum
1148 1963 1381 2002 tenendumst,
1416 1969 1602 2004 utrumque
1624 1974 1765 2002 nomen,
1800 1969 1832 1994 et
1859 1973 1940 1994 casu
1964 1967 1997 1992 et
2009 1961 2122 2004 forte,

242 2011 363 2043 referri
385 2014 425 2045 ad
448 2015 552 2046 uerba
574 2016 692 2048 diebus
715 2017 759 2048 iis
785 2017 965 2053 uenissent,
989 2029 1066 2047 cum
1090 2017 1223 2047 debere.
1269 2017 1359 2048 Nam
1382 2022 1419 2047 ut
1442 2016 1600 2047 Puteolos
1624 2016 1766 2054 ueniret,
1788 2014 1940 2046 minume
1963 2026 2039 2046 casu
2062 2026 2121 2046 ac-

244 2063 377 2103 cidisse,
416 2074 466 2099 set
488 2069 641 2099 consulto
667 2081 736 2101 esse
758 2069 902 2107 sactum,
936 2075 1030 2111 patet
1053 2080 1095 2100 ex
1118 2068 1231 2100 uerbis
1255 2069 1392 2101 itineris
1405 2068 1568 2113 faciendi
1590 2082 1732 2107 caussa,
1765 2067 1884 2109 quibus
1907 2067 1987 2109 ipsis
2013 2068 2122 2100 Conti-

242 2123 343 2147 netur
365 2129 494 2160 caussa,
519 2133 595 2161 cur,
621 2133 697 2153 cum
721 2122 898 2153 decederet
920 2132 938 2152 e
964 2121 1156 2163 prouincia,
1179 2121 1291 2153 locum
1314 2122 1430 2162 illum,
1453 2134 1472 2153 a
1493 2122 1549 2153 uia
1574 2128 1760 2159 remotum,
1784 2120 1913 2151 uiserit.

325 2171 375 2202 Et
399 2184 480 2204 num
504 2176 668 2218 quidnam
690 2181 776 2208 esset
799 2176 893 2217 noui)
939 2175 993 2206 Sic
1015 2176 1042 2206 B
1067 2180 1099 2205 et
1121 2174 1149 2205 E
1176 2174 1328 2206 scribunt
1356 2186 1420 2217 pro
1444 2175 1579 2217 uolgata
1599 2175 1781 2216 scriptura,
1816 2179 1849 2206 et
1871 2186 1953 2205 num
1977 2175 2063 2218 quid
2083 2175 2120 2207 in

243 2235 284 2255 ea
307 2229 393 2255 esset
416 2227 507 2258 noui.
530 2229 670 2270 „Longe
693 2227 848 2271 praefero
864 2228 1027 2270 uolgatae,
1056 2238 1121 2269 qua
1139 2226 1305 2266 offendor,
1333 2227 1487 2259 codicum
1503 2233 1722 2270 optumorum
1738 2233 1910 2268 optumam
1927 2226 2118 2258 lectionem.

243 2275 294 2306 Ita
317 2276 360 2307 Il.
385 2275 426 2306 de
450 2278 544 2309 Orat.
568 2281 596 2311 5.
623 2294 704 2314 num
728 2282 912 2326 quidnam,
941 2281 1074 2324 inquit,
1100 2281 1206 2312 noui?
1251 2281 1301 2311 Ita
1322 2280 1386 2311 XI.
1408 2279 1450 2310 ad
1473 2281 1552 2311 Diu.
1578 2291 1627 2320 27.
1653 2285 1686 2310 et
1707 2280 1828 2310 alibiff·
1859 2280 2118 2311 GARATONIL'S.

331 2330 454 2361 Etiam
476 2333 682 2371 mehercule,
719 2335 851 2378 inquit.
890 2340 929 2366 ut
955 2335 1092 2378 opinor,
1133 2346 1173 2365 ex
1195 2332 1338 2376 Africa)
1381 2332 1547 2363 Particula
1570 2332 1675 2364 etiam
1697 2344 1765 2364 non
1789 2331 1997 2374 corrigendi,
2034 2343 2118 2375 quae

243 2381 380 2413 Ernesti
403 2388 452 2414 est
474 2384 509 2414 in
532 2385 635 2416 Clane
650 2388 718 2418 Cic.
743 2387 918 2425 sententia,
942 2393 992 2418 set
1015 2385 1217 2417 adfirmandi
1238 2385 1294 2417 hic
1315 2384 1537 2427 significatum
1559 2385 1669 2417 habet.
1713 2388 1794 2418 Non
1816 2385 1907 2417 enim
1930 2385 2034 2417 homo
2056 2385 2118 2418 istc
