<?xml version="1.0" encoding="UTF-8"?>
<!DOCTYPE html PUBLIC "-//W3C//DTD XHTML 1.0 Transitional//EN"
    "http://www.w3.org/TR/xhtml1/DTD/xhtml1-transitional.dtd">
<html xmlns="http://www.w3.org/1999/xhtml" xml:lang="en" lang="en">
 <head>
  <title>
</title>
<meta http-equiv="Content-Type" content="text/html;charset=utf-8" />
  <meta name='ocr-system' content='tesseract 3.04.00' />
  <meta name='ocr-capabilities' content='ocr_page ocr_carea ocr_par ocr_line ocrx_word'/>
</head>
<body>
  <div class='ocr_page' id='page_1' title='image "./oratioprocnplan00ciceuoft/oratioprocnplan00ciceuoft_0315.png"; bbox 0 0 2264 2746; ppageno 0'>
   <div class='ocr_carea' id='block_1_1' title="bbox 623 99 1942 140">
    <p class='ocr_par' dir='ltr' id='par_1_1' title="bbox 623 99 1942 140">
     <span class='ocr_line' id='line_1_1' title="bbox 623 99 1942 140; baseline -0.003 -9"><span class='ocrx_word' id='word_1_1' title='bbox 623 101 648 130; x_wconf 89' lang='grc'>0</span> <span class='ocrx_word' id='word_1_2' title='bbox 668 101 697 130; x_wconf 85' lang='lat' dir='ltr'>A</span> <span class='ocrx_word' id='word_1_3' title='bbox 718 102 758 131; x_wconf 81' lang='grc' dir='ltr'>Ρ.</span> <span class='ocrx_word' id='word_1_4' title='bbox 797 101 942 130; x_wconf 89' lang='lat' dir='ltr'>XXX11.</span> <span class='ocrx_word' id='word_1_5' title='bbox 961 99 988 140; x_wconf 66' lang='grc' dir='ltr'>ς.</span> <span class='ocrx_word' id='word_1_6' title='bbox 1008 104 1054 133; x_wconf 74' lang='lat'>73.</span> <span class='ocrx_word' id='word_1_7' title='bbox 1073 116 1111 122; x_wconf 92' lang='lat'>—</span> <span class='ocrx_word' id='word_1_8' title='bbox 1125 101 1286 130; x_wconf 86' lang='lat' dir='ltr'>XXX111.</span> <span class='ocrx_word' id='word_1_9' title='bbox 1305 99 1332 140; x_wconf 66' lang='grc' dir='ltr'>ς.</span> <span class='ocrx_word' id='word_1_10' title='bbox 1353 107 1399 134; x_wconf 80' lang='lat'>79.</span> <span class='ocrx_word' id='word_1_11' title='bbox 1889 109 1942 136; x_wconf 80' lang='lat'>199</span> 
     </span>
    </p>
   </div>
   <div class='ocr_carea' id='block_1_2' title="bbox 75 176 1944 537">
    <p class='ocr_par' dir='ltr' id='par_1_2' title="bbox 75 176 1942 379">
     <span class='ocr_line' id='line_1_2' title="bbox 78 176 1942 222; baseline -0.002 -10"><span class='ocrx_word' id='word_1_12' title='bbox 78 178 189 217; x_wconf 83' lang='lat' dir='ltr'>uenis,</span> <span class='ocrx_word' id='word_1_13' title='bbox 211 183 251 210; x_wconf 78' lang='lat' dir='ltr'>ut</span> <span class='ocrx_word' id='word_1_14' title='bbox 268 179 340 222; x_wconf 78' lang='lat' dir='ltr'>ipse</span> <span class='ocrx_word' id='word_1_15' title='bbox 362 178 549 222; x_wconf 65' lang='lat' dir='ltr'>intellegi-³,</span> <span class='ocrx_word' id='word_1_16' title='bbox 575 178 611 210; x_wconf 86' lang='lat' dir='ltr'>in</span> <span class='ocrx_word' id='word_1_17' title='bbox 628 189 871 210; x_wconf 76' lang='lat' dir='ltr'><em>maxumarum</em></span> <span class='ocrx_word' id='word_1_18' title='bbox 891 177 993 220; x_wconf 81' lang='lat' dir='ltr'>quasi</span> <span class='ocrx_word' id='word_1_19' title='bbox 1014 188 1216 208; x_wconf 75' lang='lat' dir='ltr'>concursum</span> <span class='ocrx_word' id='word_1_20' title='bbox 1235 177 1506 219; x_wconf 75' lang='lat' dir='ltr'><em>occupationum.</em></span> <span class='ocrx_word' id='word_1_21' title='bbox 1531 176 1791 208; x_wconf 62' lang='lat' dir='ltr'>GARATONusss.</span> <span class='ocrx_word' id='word_1_22' title='bbox 1834 178 1942 219; x_wconf 85' lang='lat' dir='ltr'>Egre-</span> 
     </span>
     <span class='ocr_line' id='line_1_3' title="bbox 75 229 1942 273; baseline 0 -12"><span class='ocrx_word' id='word_1_23' title='bbox 75 231 130 273; x_wconf 89' lang='lat' dir='ltr'>gie</span> <span class='ocrx_word' id='word_1_24' title='bbox 155 231 246 263; x_wconf 89' lang='lat' dir='ltr'>hunc</span> <span class='ocrx_word' id='word_1_25' title='bbox 267 232 379 262; x_wconf 80' lang='lat' dir='ltr'>locuni</span> <span class='ocrx_word' id='word_1_26' title='bbox 403 230 606 263; x_wconf 87' lang='lat' dir='ltr'>Garatonius</span> <span class='ocrx_word' id='word_1_27' title='bbox 630 230 837 269; x_wconf 86' lang='lat' dir='ltr'>emendauit‚</span> <span class='ocrx_word' id='word_1_28' title='bbox 864 230 919 272; x_wconf 92' lang='lat' dir='ltr'>qui</span> <span class='ocrx_word' id='word_1_29' title='bbox 943 230 1008 261; x_wconf 88' lang='lat' dir='ltr'>hoc</span> <span class='ocrx_word' id='word_1_30' title='bbox 1030 241 1136 260; x_wconf 87' lang='lat' dir='ltr'>unum</span> <span class='ocrx_word' id='word_1_31' title='bbox 1159 230 1276 260; x_wconf 79' lang='lat' dir='ltr'>addere</span> <span class='ocrx_word' id='word_1_32' title='bbox 1298 229 1424 271; x_wconf 77' lang='lat' dir='ltr'>potuit,</span> <span class='ocrx_word' id='word_1_33' title='bbox 1448 229 1551 260; x_wconf 88' lang='lat' dir='ltr'>uerba</span> <span class='ocrx_word' id='word_1_34' title='bbox 1574 235 1783 261; x_wconf 77' lang='lat' dir='ltr'>concurrunt</span> <span class='ocrx_word' id='word_1_35' title='bbox 1804 230 1942 273; x_wconf 76' lang='lat' dir='ltr'>aliquo-</span> 
     </span>
     <span class='ocr_line' id='line_1_4' title="bbox 75 281 1941 324; baseline -0.002 -8"><span class='ocrx_word' id='word_1_36' title='bbox 75 282 155 316; x_wconf 79' lang='lat' dir='ltr'>ruin</span> <span class='ocrx_word' id='word_1_37' title='bbox 174 302 217 308; x_wconf 90' lang='lat'>-</span> <span class='ocrx_word' id='word_1_38' title='bbox 239 285 469 316; x_wconf 73' lang='lat' dir='ltr'><em>contentiones</em></span> <span class='ocrx_word' id='word_1_39' title='bbox 491 284 527 315; x_wconf 91' lang='lat' dir='ltr'>in</span> <span class='ocrx_word' id='word_1_40' title='bbox 551 284 640 315; x_wconf 91' lang='lat' dir='ltr'>hunc</span> <span class='ocrx_word' id='word_1_41' title='bbox 660 294 794 314; x_wconf 88' lang='lat' dir='ltr'>sensum</span> <span class='ocrx_word' id='word_1_42' title='bbox 818 294 886 313; x_wconf 82' lang='lat' dir='ltr'>esse</span> <span class='ocrx_word' id='word_1_43' title='bbox 909 283 1010 314; x_wconf 83' lang='lat' dir='ltr'>dicta:</span> <span class='ocrx_word' id='word_1_44' title='bbox 1034 283 1177 314; x_wconf 86' lang='lat' dir='ltr'>ueniunt</span> <span class='ocrx_word' id='word_1_45' title='bbox 1198 281 1300 312; x_wconf 83' lang='lat' dir='ltr'>simul</span> <span class='ocrx_word' id='word_1_46' title='bbox 1322 282 1444 324; x_wconf 83' lang='lat' dir='ltr'>aliqui,</span> <span class='ocrx_word' id='word_1_47' title='bbox 1477 282 1535 324; x_wconf 88' lang='lat' dir='ltr'>qui</span> <span class='ocrx_word' id='word_1_48' title='bbox 1558 282 1645 313; x_wconf 87' lang='lat' dir='ltr'>iuter</span> <span class='ocrx_word' id='word_1_49' title='bbox 1666 293 1701 314; x_wconf 90' lang='lat' dir='ltr'>se</span> <span class='ocrx_word' id='word_1_50' title='bbox 1723 282 1941 323; x_wconf 83' lang='lat' dir='ltr'>contendunt,</span> 
     </span>
     <span class='ocr_line' id='line_1_5' title="bbox 76 335 895 379; baseline -0.002 -11"><span class='ocrx_word' id='word_1_51' title='bbox 76 335 115 367; x_wconf 86' lang='lat' dir='ltr'>ad</span> <span class='ocrx_word' id='word_1_52' title='bbox 141 348 197 368; x_wconf 88' lang='lat' dir='ltr'>me</span> <span class='ocrx_word' id='word_1_53' title='bbox 223 343 257 368; x_wconf 86' lang='lat' dir='ltr'>et</span> <span class='ocrx_word' id='word_1_54' title='bbox 281 336 344 368; x_wconf 85' lang='lat' dir='ltr'><strong>sibi</strong></span> <span class='ocrx_word' id='word_1_55' title='bbox 367 343 404 368; x_wconf 85' lang='lat' dir='ltr'>ut</span> <span class='ocrx_word' id='word_1_56' title='bbox 426 348 564 379; x_wconf 81' lang='lat' dir='ltr'><strong>operam</strong></span> <span class='ocrx_word' id='word_1_57' title='bbox 590 336 667 367; x_wconf 87' lang='lat' dir='ltr'>dem</span> <span class='ocrx_word' id='word_1_58' title='bbox 688 347 744 366; x_wconf 90' lang='lat' dir='ltr'>me</span> <span class='ocrx_word' id='word_1_59' title='bbox 766 342 895 377; x_wconf 85' lang='lat' dir='ltr'>rogant.</span> 
     </span>
    </p>

    <p class='ocr_par' dir='ltr' id='par_1_3' title="bbox 75 388 1944 537">
     <span class='ocr_line' id='line_1_6' title="bbox 162 388 1943 432; baseline 0 -12"><span class='ocrx_word' id='word_1_60' title='bbox 162 390 192 431; x_wconf 86' lang='lat'>§.</span> <span class='ocrx_word' id='word_1_61' title='bbox 217 400 267 432; x_wconf 78' lang='lat'>79.</span> <span class='ocrx_word' id='word_1_62' title='bbox 311 389 371 420; x_wconf 80' lang='lat' dir='ltr'>Set</span> <span class='ocrx_word' id='word_1_63' title='bbox 393 400 455 432; x_wconf 77' lang='lat' dir='ltr'>ego</span> <span class='ocrx_word' id='word_1_64' title='bbox 479 390 541 422; x_wconf 80' lang='lat' dir='ltr'>ltoc</span> <span class='ocrx_word' id='word_1_65' title='bbox 562 389 659 430; x_wconf 86' lang='lat' dir='ltr'>meis)</span> <span class='ocrx_word' id='word_1_66' title='bbox 703 389 785 420; x_wconf 82' lang='lat' dir='ltr'>Bau.</span> <span class='ocrx_word' id='word_1_67' title='bbox 809 389 867 420; x_wconf 78' lang='lat' dir='ltr'>Set</span> <span class='ocrx_word' id='word_1_68' title='bbox 892 400 954 431; x_wconf 79' lang='lat' dir='ltr'>ego</span> <span class='ocrx_word' id='word_1_69' title='bbox 977 389 1071 427; x_wconf 64' lang='lat' dir='ltr'>llaec,</span> <span class='ocrx_word' id='word_1_70' title='bbox 1094 400 1172 418; x_wconf 83' lang='lat' dir='ltr'>sane</span> <span class='ocrx_word' id='word_1_71' title='bbox 1194 388 1325 418; x_wconf 87' lang='lat' dir='ltr'>melius.</span> <span class='ocrx_word' id='word_1_72' title='bbox 1370 388 1428 419; x_wconf 90' lang='lat' dir='ltr'>Set</span> <span class='ocrx_word' id='word_1_73' title='bbox 1450 401 1538 421; x_wconf 89' lang='grc'><strong>1111113</strong></span> <span class='ocrx_word' id='word_1_74' title='bbox 1561 389 1768 421; x_wconf 81' lang='lat' dir='ltr'>Oxoniensis</span> <span class='ocrx_word' id='word_1_75' title='bbox 1792 395 1943 432; x_wconf 83' lang='lat' dir='ltr'><strong>optume,</strong></span> 
     </span>
     <span class='ocr_line' id='line_1_7' title="bbox 75 440 1944 485; baseline 0 -11"><span class='ocrx_word' id='word_1_76' title='bbox 75 447 126 474; x_wconf 85' lang='lat' dir='ltr'>set</span> <span class='ocrx_word' id='word_1_77' title='bbox 146 454 209 485; x_wconf 83' lang='lat' dir='ltr'>ego</span> <span class='ocrx_word' id='word_1_78' title='bbox 231 443 315 474; x_wconf 87' lang='lat' dir='ltr'>meis</span> <span class='ocrx_word' id='word_1_79' title='bbox 338 448 416 481; x_wconf 83' lang='lat' dir='ltr'>etc.‚</span> <span class='ocrx_word' id='word_1_80' title='bbox 447 443 541 474; x_wconf 89' lang='lat' dir='ltr'>cuius</span> <span class='ocrx_word' id='word_1_81' title='bbox 562 442 688 473; x_wconf 87' lang='lat' dir='ltr'>uellem</span> <span class='ocrx_word' id='word_1_82' title='bbox 710 442 817 473; x_wconf 81' lang='lat' dir='ltr'>maior</span> <span class='ocrx_word' id='word_1_83' title='bbox 839 447 925 473; x_wconf 87' lang='lat' dir='ltr'>esset</span> <span class='ocrx_word' id='word_1_84' title='bbox 947 440 1138 472; x_wconf 79' lang='lat' dir='ltr'>auctoritas.</span> <span class='ocrx_word' id='word_1_85' title='bbox 1173 442 1432 472; x_wconf 69' lang='lat' dir='ltr'><strong>GARATONlUS.</strong></span> <span class='ocrx_word' id='word_1_86' title='bbox 1478 442 1550 484; x_wconf 83' lang='lat' dir='ltr'>Ego</span> <span class='ocrx_word' id='word_1_87' title='bbox 1574 453 1762 485; x_wconf 77' lang='lat' dir='ltr'>pronomen</span> <span class='ocrx_word' id='word_1_88' title='bbox 1786 442 1862 474; x_wconf 88' lang='lat' dir='ltr'>illut</span> <span class='ocrx_word' id='word_1_89' title='bbox 1884 454 1944 474; x_wconf 89' lang='lat' dir='ltr'>cur</span> 
     </span>
     <span class='ocr_line' id='line_1_8' title="bbox 76 494 1264 537; baseline -0.002 -11"><span class='ocrx_word' id='word_1_90' title='bbox 76 495 263 535; x_wconf 88' lang='lat' dir='ltr'>omiserim,</span> <span class='ocrx_word' id='word_1_91' title='bbox 288 496 412 527; x_wconf 86' lang='lat' dir='ltr'>dictum</span> <span class='ocrx_word' id='word_1_92' title='bbox 438 495 475 527; x_wconf 90' lang='grc'>111</span> <span class='ocrx_word' id='word_1_93' title='bbox 496 495 626 537; x_wconf 84' lang='lat' dir='ltr'>Proleg.</span> <span class='ocrx_word' id='word_1_94' title='bbox 652 495 694 527; x_wconf 87' lang='lat' dir='ltr'>L.</span> <span class='ocrx_word' id='word_1_95' title='bbox 717 496 760 526; x_wconf 90' lang='lat' dir='ltr'>II.</span> <span class='ocrx_word' id='word_1_96' title='bbox 785 496 822 526; x_wconf 91' lang='lat' dir='ltr'>C.</span> <span class='ocrx_word' id='word_1_97' title='bbox 847 496 872 526; x_wconf 91' lang='grc'>1.</span> <span class='ocrx_word' id='word_1_98' title='bbox 899 495 928 536; x_wconf 81' lang='lat'>§.</span> <span class='ocrx_word' id='word_1_99' title='bbox 958 495 1005 525; x_wconf 91' lang='grc'>16.</span> <span class='ocrx_word' id='word_1_100' title='bbox 1034 506 1067 537; x_wconf 85' lang='grc'>11.</span> <span class='ocrx_word' id='word_1_101' title='bbox 1088 494 1181 526; x_wconf 90' lang='lat' dir='ltr'>LIII.</span> <span class='ocrx_word' id='word_1_102' title='bbox 1204 499 1264 525; x_wconf 89' lang='lat' dir='ltr'>est.</span> 
     </span>
    </p>
   </div>
   <div class='ocr_carea' id='block_1_3' title="bbox 817 581 1205 616">
    <p class='ocr_par' dir='ltr' id='par_1_4' title="bbox 817 581 1205 616">
     <span class='ocr_line' id='line_1_9' title="bbox 817 581 1205 616; baseline 0 -1"><span class='ocrx_word' id='word_1_103' title='bbox 817 582 846 615; x_wconf 91' lang='lat' dir='ltr'>C</span> <span class='ocrx_word' id='word_1_104' title='bbox 872 581 904 615; x_wconf 93' lang='lat' dir='ltr'><strong>A</strong></span> <span class='ocrx_word' id='word_1_105' title='bbox 930 582 970 615; x_wconf 91' lang='lat' dir='ltr'>P.</span> <span class='ocrx_word' id='word_1_106' title='bbox 1028 582 1205 616; x_wconf 81' lang='lat' dir='ltr'>XXXIII.</span> 
     </span>
    </p>
   </div>
   <div class='ocr_carea' id='block_1_4' title="bbox 72 654 1952 2443">
    <p class='ocr_par' dir='ltr' id='par_1_5' title="bbox 72 654 1952 2443">
     <span class='ocr_line' id='line_1_10' title="bbox 161 654 1947 699; baseline 0.002 -13"><span class='ocrx_word' id='word_1_107' title='bbox 161 655 296 698; x_wconf 79' lang='lat' dir='ltr'><em>Agitur</em></span> <span class='ocrx_word' id='word_1_108' title='bbox 318 655 475 687; x_wconf 76' lang='lat' dir='ltr'>studium</span> <span class='ocrx_word' id='word_1_109' title='bbox 496 661 613 693; x_wconf 80' lang='lat' dir='ltr'>tuum,</span> <span class='ocrx_word' id='word_1_110' title='bbox 636 654 834 693; x_wconf 74' lang='lat' dir='ltr'>ueletiam,</span> <span class='ocrx_word' id='word_1_111' title='bbox 859 654 890 685; x_wconf 89' lang='lat' dir='ltr'>si</span> <span class='ocrx_word' id='word_1_112' title='bbox 914 654 986 692; x_wconf 82' lang='lat' dir='ltr'>uis,</span> <span class='ocrx_word' id='word_1_113' title='bbox 1009 654 1250 693; x_wconf 72' lang='lat' dir='ltr'>existzmmtio,</span> <span class='ocrx_word' id='word_1_114' title='bbox 1276 654 1354 686; x_wconf 77' lang='lat' dir='ltr'>laus</span> <span class='ocrx_word' id='word_1_115' title='bbox 1374 654 1583 697; x_wconf 75' lang='lat' dir='ltr'><em>aedilitatis)</em></span> <span class='ocrx_word' id='word_1_116' title='bbox 1626 656 1692 687; x_wconf 89' lang='lat' dir='ltr'>Pro</span> <span class='ocrx_word' id='word_1_117' title='bbox 1715 657 1866 699; x_wconf 83' lang='lat' dir='ltr'>genitiuo</span> <span class='ocrx_word' id='word_1_118' title='bbox 1889 670 1947 691; x_wconf 79' lang='lat' dir='ltr'>ae-</span> 
     </span>
     <span class='ocr_line' id='line_1_11' title="bbox 75 706 1948 751; baseline 0.003 -13"><span class='ocrx_word' id='word_1_119' title='bbox 75 707 245 746; x_wconf 78' lang='lat' dir='ltr'>dilitatis,</span> <span class='ocrx_word' id='word_1_120' title='bbox 269 719 370 749; x_wconf 89' lang='lat' dir='ltr'>quem</span> <span class='ocrx_word' id='word_1_121' title='bbox 394 719 470 738; x_wconf 88' lang='lat' dir='ltr'>cum</span> <span class='ocrx_word' id='word_1_122' title='bbox 494 708 642 751; x_wconf 86' lang='lat' dir='ltr'>optumis</span> <span class='ocrx_word' id='word_1_123' title='bbox 665 707 761 739; x_wconf 83' lang='lat' dir='ltr'>libris</span> <span class='ocrx_word' id='word_1_124' title='bbox 783 708 810 738; x_wconf 96' lang='lat' dir='ltr'><strong>B</strong></span> <span class='ocrx_word' id='word_1_125' title='bbox 834 713 865 738; x_wconf 85' lang='lat' dir='ltr'>et</span> <span class='ocrx_word' id='word_1_126' title='bbox 886 708 915 738; x_wconf 91' lang='lat' dir='ltr'><strong>E</strong></span> <span class='ocrx_word' id='word_1_127' title='bbox 938 707 995 738; x_wconf 87' lang='lat' dir='ltr'>alii</span> <span class='ocrx_word' id='word_1_128' title='bbox 1019 718 1088 738; x_wconf 89' lang='lat' dir='ltr'>non</span> <span class='ocrx_word' id='word_1_129' title='bbox 1110 706 1207 749; x_wconf 87' lang='lat' dir='ltr'>pauci</span> <span class='ocrx_word' id='word_1_130' title='bbox 1231 713 1385 745; x_wconf 87' lang='lat' dir='ltr'>tuentur,</span> <span class='ocrx_word' id='word_1_131' title='bbox 1407 707 1508 749; x_wconf 86' lang='lat' dir='ltr'>uolgo</span> <span class='ocrx_word' id='word_1_132' title='bbox 1532 708 1757 741; x_wconf 85' lang='lat' dir='ltr'>nominatiuos</span> <span class='ocrx_word' id='word_1_133' title='bbox 1779 712 1948 743; x_wconf 85' lang='lat' dir='ltr'>scribeba-</span> 
     </span>
     <span class='ocr_line' id='line_1_12' title="bbox 75 758 1948 807; baseline 0.003 -17"><span class='ocrx_word' id='word_1_134' title='bbox 75 765 142 791; x_wconf 85' lang='lat' dir='ltr'>tur.</span> <span class='ocrx_word' id='word_1_135' title='bbox 186 761 379 802; x_wconf 82' lang='lat' dir='ltr'>„Sperabat</span> <span class='ocrx_word' id='word_1_136' title='bbox 402 761 612 800; x_wconf 79' lang='lat' dir='ltr'><strong>Laterensis,</strong></span> <span class='ocrx_word' id='word_1_137' title='bbox 648 760 783 792; x_wconf 84' lang='lat' dir='ltr'>Plancio</span> <span class='ocrx_word' id='word_1_138' title='bbox 806 761 986 802; x_wconf 83' lang='lat' dir='ltr'>dampnato</span> <span class='ocrx_word' id='word_1_139' title='bbox 1009 759 1149 790; x_wconf 77' lang='lat' dir='ltr'>aedilem</span> <span class='ocrx_word' id='word_1_140' title='bbox 1173 770 1208 789; x_wconf 81' lang='lat' dir='ltr'>se</span> <span class='ocrx_word' id='word_1_141' title='bbox 1230 758 1318 797; x_wconf 66' lang='lat' dir='ltr'>soi-eg</span> <span class='ocrx_word' id='word_1_142' title='bbox 1354 759 1424 790; x_wconf 85' lang='lat' dir='ltr'>eius</span> <span class='ocrx_word' id='word_1_143' title='bbox 1446 771 1525 802; x_wconf 85' lang='lat' dir='ltr'>ergo</span> <span class='ocrx_word' id='word_1_144' title='bbox 1550 761 1801 803; x_wconf 88' lang='lat' dir='ltr'>quodammodo</span> <span class='ocrx_word' id='word_1_145' title='bbox 1826 765 1948 807; x_wconf 86' lang='lat' dir='ltr'>ageba-</span> 
     </span>
     <span class='ocr_line' id='line_1_13' title="bbox 73 812 1947 861; baseline 0.003 -17"><span class='ocrx_word' id='word_1_146' title='bbox 73 819 127 844; x_wconf 88' lang='lat' dir='ltr'>tur</span> <span class='ocrx_word' id='word_1_147' title='bbox 149 813 313 853; x_wconf 72' lang='lat' dir='ltr'>aedilitas,</span> <span class='ocrx_word' id='word_1_148' title='bbox 340 826 440 856; x_wconf 88' lang='lat' dir='ltr'>quam</span> <span class='ocrx_word' id='word_1_149' title='bbox 462 819 675 857; x_wconf 74' lang='lat' dir='ltr'><strong>praereptam</strong></span> <span class='ocrx_word' id='word_1_150' title='bbox 694 812 756 843; x_wconf 85' lang='lat' dir='ltr'>sibi</span> <span class='ocrx_word' id='word_1_151' title='bbox 779 812 907 844; x_wconf 85' lang='lat' dir='ltr'>restitui</span> <span class='ocrx_word' id='word_1_152' title='bbox 934 812 998 843; x_wconf 90' lang='lat' dir='ltr'>hoc</span> <span class='ocrx_word' id='word_1_153' title='bbox 1023 823 1112 842; x_wconf 89' lang='lat' dir='ltr'>anno</span> <span class='ocrx_word' id='word_1_154' title='bbox 1136 812 1310 854; x_wconf 75' lang='lat' dir='ltr'>cupiebat,</span> <span class='ocrx_word' id='word_1_155' title='bbox 1331 818 1447 854; x_wconf 86' lang='lat' dir='ltr'>postea</span> <span class='ocrx_word' id='word_1_156' title='bbox 1470 825 1538 844; x_wconf 91' lang='lat' dir='ltr'>non</span> <span class='ocrx_word' id='word_1_157' title='bbox 1560 815 1743 857; x_wconf 85' lang='lat' dir='ltr'>petiturus,</span> <span class='ocrx_word' id='word_1_158' title='bbox 1773 829 1848 849; x_wconf 88' lang='grc'><strong>011111</strong></span> <span class='ocrx_word' id='word_1_159' title='bbox 1872 825 1947 861; x_wconf 83' lang='lat' dir='ltr'>post</span> 
     </span>
     <span class='ocr_line' id='line_1_14' title="bbox 74 864 1948 909; baseline 0.002 -12"><span class='ocrx_word' id='word_1_160' title='bbox 74 867 245 909; x_wconf 77' lang='lat' dir='ltr'>repulsam</span> <span class='ocrx_word' id='word_1_161' title='bbox 268 868 328 899; x_wconf 76' lang='lat' dir='ltr'>uix</span> <span class='ocrx_word' id='word_1_162' title='bbox 352 867 529 909; x_wconf 83' lang='lat' dir='ltr'>quisquam</span> <span class='ocrx_word' id='word_1_163' title='bbox 555 866 591 897; x_wconf 89' lang='lat' dir='ltr'>in</span> <span class='ocrx_word' id='word_1_164' title='bbox 614 866 719 897; x_wconf 87' lang='lat' dir='ltr'>alium</span> <span class='ocrx_word' id='word_1_165' title='bbox 742 877 870 896; x_wconf 87' lang='lat' dir='ltr'>annum</span> <span class='ocrx_word' id='word_1_166' title='bbox 892 864 1059 907; x_wconf 84' lang='lat' dir='ltr'>petiuerit.</span> <span class='ocrx_word' id='word_1_167' title='bbox 1105 865 1336 896; x_wconf 83' lang='lat' dir='ltr'>Necessariam</span> <span class='ocrx_word' id='word_1_168' title='bbox 1363 865 1454 896; x_wconf 87' lang='lat' dir='ltr'>enim</span> <span class='ocrx_word' id='word_1_169' title='bbox 1486 877 1554 897; x_wconf 92' lang='grc'><strong>11011</strong></span> <span class='ocrx_word' id='word_1_170' title='bbox 1577 867 1679 899; x_wconf 84' lang='lat' dir='ltr'>fuisse</span> <span class='ocrx_word' id='word_1_171' title='bbox 1702 876 1847 909; x_wconf 83' lang='lat' dir='ltr'>constat,</span> <span class='ocrx_word' id='word_1_172' title='bbox 1877 873 1948 903; x_wconf 83' lang='lat' dir='ltr'>La-</span> 
     </span>
     <span class='ocr_line' id='line_1_15' title="bbox 74 916 1947 963; baseline 0.003 -14"><span class='ocrx_word' id='word_1_173' title='bbox 74 920 198 950; x_wconf 87' lang='lat' dir='ltr'>terensi</span> <span class='ocrx_word' id='word_1_174' title='bbox 226 920 447 963; x_wconf 85' lang='lat' dir='ltr'>praesertim,</span> <span class='ocrx_word' id='word_1_175' title='bbox 486 920 545 962; x_wconf 88' lang='lat' dir='ltr'>qui</span> <span class='ocrx_word' id='word_1_176' title='bbox 574 919 785 951; x_wconf 85' lang='lat' dir='ltr'>uoluntatem</span> <span class='ocrx_word' id='word_1_177' title='bbox 813 918 954 960; x_wconf 88' lang='lat' dir='ltr'>petendo</span> <span class='ocrx_word' id='word_1_178' title='bbox 987 929 1081 948; x_wconf 87' lang='lat' dir='ltr'>suam</span> <span class='ocrx_word' id='word_1_179' title='bbox 1114 916 1310 949; x_wconf 71' lang='lat' dir='ltr'>ostenderat.</span> <span class='ocrx_word' id='word_1_180' title='bbox 1354 917 1508 948; x_wconf 84' lang='lat' dir='ltr'>Habebat</span> <span class='ocrx_word' id='word_1_181' title='bbox 1534 925 1645 951; x_wconf 85' lang='lat' dir='ltr'>tamen</span> <span class='ocrx_word' id='word_1_182' title='bbox 1669 921 1885 963; x_wconf 84' lang='lat' dir='ltr'>splendorem</span> <span class='ocrx_word' id='word_1_183' title='bbox 1911 935 1947 954; x_wconf 91' lang='grc'>30</span> 
     </span>
     <span class='ocr_line' id='line_1_16' title="bbox 74 970 1949 1015; baseline 0.003 -13"><span class='ocrx_word' id='word_1_184' title='bbox 74 972 207 1003; x_wconf 85' lang='lat' dir='ltr'>laudem</span> <span class='ocrx_word' id='word_1_185' title='bbox 231 980 262 1004; x_wconf 85' lang='lat' dir='ltr'>et</span> <span class='ocrx_word' id='word_1_186' title='bbox 284 973 556 1015; x_wconf 85' lang='lat' dir='ltr'>suffragationem</span> <span class='ocrx_word' id='word_1_187' title='bbox 579 972 728 1013; x_wconf 83' lang='lat' dir='ltr'>aliquam</span> <span class='ocrx_word' id='word_1_188' title='bbox 751 971 792 1002; x_wconf 85' lang='lat' dir='ltr'>ad</span> <span class='ocrx_word' id='word_1_189' title='bbox 815 971 1023 1013; x_wconf 75' lang='lat' dir='ltr'>magistratus</span> <span class='ocrx_word' id='word_1_190' title='bbox 1046 970 1194 1011; x_wconf 87' lang='lat' dir='ltr'>reliquos</span> <span class='ocrx_word' id='word_1_191' title='bbox 1218 970 1478 1011; x_wconf 87' lang='lat' dir='ltr'>consequendos.</span> <span class='ocrx_word' id='word_1_192' title='bbox 1525 971 1659 1013; x_wconf 82' lang='lat' dir='ltr'>Quibus</span> <span class='ocrx_word' id='word_1_193' title='bbox 1683 985 1725 1005; x_wconf 80' lang='lat' dir='ltr'>ex</span> <span class='ocrx_word' id='word_1_194' title='bbox 1748 975 1865 1014; x_wconf 89' lang='lat' dir='ltr'>rebus,</span> <span class='ocrx_word' id='word_1_195' title='bbox 1888 976 1949 1007; x_wconf 86' lang='lat' dir='ltr'>ad-</span> 
     </span>
     <span class='ocr_line' id='line_1_17' title="bbox 74 1023 1950 1065; baseline 0.003 -9"><span class='ocrx_word' id='word_1_196' title='bbox 74 1025 140 1057; x_wconf 86' lang='lat' dir='ltr'>dita</span> <span class='ocrx_word' id='word_1_197' title='bbox 163 1026 338 1057; x_wconf 85' lang='lat' dir='ltr'>obtinendi</span> <span class='ocrx_word' id='word_1_198' title='bbox 361 1026 546 1065; x_wconf 85' lang='lat' dir='ltr'>celeritate,</span> <span class='ocrx_word' id='word_1_199' title='bbox 576 1024 636 1056; x_wconf 83' lang='lat' dir='ltr'>illa</span> <span class='ocrx_word' id='word_1_200' title='bbox 659 1024 789 1063; x_wconf 77' lang='lat' dir='ltr'>existit,</span> <span class='ocrx_word' id='word_1_201' title='bbox 823 1035 907 1065; x_wconf 88' lang='lat' dir='ltr'>quae</span> <span class='ocrx_word' id='word_1_202' title='bbox 930 1023 1177 1054; x_wconf 76' lang='lat' dir='ltr'>commemorari</span> <span class='ocrx_word' id='word_1_203' title='bbox 1199 1029 1336 1065; x_wconf 85' lang='lat' dir='ltr'>optume</span> <span class='ocrx_word' id='word_1_204' title='bbox 1362 1023 1491 1065; x_wconf 79' lang='lat' dir='ltr'>potuit,</span> <span class='ocrx_word' id='word_1_205' title='bbox 1522 1024 1600 1057; x_wconf 84' lang='lat' dir='ltr'>laus</span> <span class='ocrx_word' id='word_1_206' title='bbox 1622 1027 1828 1060; x_wconf 74' lang='lat' dir='ltr'>aedilitatis.</span> <span class='ocrx_word' id='word_1_207' title='bbox 1872 1029 1950 1061; x_wconf 87' lang='lat' dir='ltr'>Huc</span> 
     </span>
     <span class='ocr_line' id='line_1_18' title="bbox 75 1075 1950 1120; baseline -0.001 -11"><span class='ocrx_word' id='word_1_208' title='bbox 75 1085 185 1109; x_wconf 89' lang='lat' dir='ltr'>autem</span> <span class='ocrx_word' id='word_1_209' title='bbox 212 1079 287 1110; x_wconf 89' lang='lat' dir='ltr'>illut</span> <span class='ocrx_word' id='word_1_210' title='bbox 311 1079 406 1113; x_wconf 82' lang='lat' dir='ltr'>facit,</span> <span class='ocrx_word' id='word_1_211' title='bbox 431 1077 521 1120; x_wconf 90' lang='lat' dir='ltr'>quod</span> <span class='ocrx_word' id='word_1_212' title='bbox 544 1078 570 1109; x_wconf 90' lang='lat' dir='ltr'>I.</span> <span class='ocrx_word' id='word_1_213' title='bbox 594 1077 633 1108; x_wconf 90' lang='lat' dir='ltr'>ad</span> <span class='ocrx_word' id='word_1_214' title='bbox 655 1076 737 1109; x_wconf 85' lang='lat' dir='ltr'>Diu.</span> <span class='ocrx_word' id='word_1_215' title='bbox 763 1088 791 1119; x_wconf 89' lang='lat'>7.</span> <span class='ocrx_word' id='word_1_216' title='bbox 815 1076 880 1107; x_wconf 86' lang='lat' dir='ltr'>alia</span> <span class='ocrx_word' id='word_1_217' title='bbox 901 1076 937 1107; x_wconf 89' lang='lat' dir='ltr'>in</span> <span class='ocrx_word' id='word_1_218' title='bbox 960 1087 996 1107; x_wconf 88' lang='lat' dir='ltr'>re</span> <span class='ocrx_word' id='word_1_219' title='bbox 1020 1075 1159 1115; x_wconf 87' lang='lat' dir='ltr'>dicitur,</span> <span class='ocrx_word' id='word_1_220' title='bbox 1183 1077 1332 1108; x_wconf 76' lang='lat' dir='ltr'>multum</span> <span class='ocrx_word' id='word_1_221' title='bbox 1356 1076 1508 1116; x_wconf 76' lang='lat' dir='ltr'>interest,</span> <span class='ocrx_word' id='word_1_222' title='bbox 1532 1084 1651 1110; x_wconf 76' lang='lat' dir='ltr'>utrum</span> <span class='ocrx_word' id='word_1_223' title='bbox 1674 1080 1752 1112; x_wconf 61' lang='lat' dir='ltr'>laus</span> <span class='ocrx_word' id='word_1_224' title='bbox 1775 1082 1950 1115; x_wconf 60' lang='lat' dir='ltr'>inminua-</span> 
     </span>
     <span class='ocr_line' id='line_1_19' title="bbox 74 1128 1951 1172; baseline 0.001 -8"><span class='ocrx_word' id='word_1_225' title='bbox 74 1138 149 1170; x_wconf 79' lang='lat' dir='ltr'>tur,</span> <span class='ocrx_word' id='word_1_226' title='bbox 175 1145 220 1164; x_wconf 80' lang='lat' dir='ltr'>an</span> <span class='ocrx_word' id='word_1_227' title='bbox 244 1132 339 1164; x_wconf 75' lang='lat' dir='ltr'>salas</span> <span class='ocrx_word' id='word_1_228' title='bbox 362 1133 577 1163; x_wconf 80' lang='lat' dir='ltr'>cleseratur.“</span> <span class='ocrx_word' id='word_1_229' title='bbox 602 1130 862 1162; x_wconf 81' lang='lat' dir='ltr'><strong>GARATONIUS.</strong></span> <span class='ocrx_word' id='word_1_230' title='bbox 907 1128 1065 1160; x_wconf 81' lang='lat' dir='ltr'>Probauit</span> <span class='ocrx_word' id='word_1_231' title='bbox 1088 1129 1249 1160; x_wconf 87' lang='lat' dir='ltr'>Garatoni</span> <span class='ocrx_word' id='word_1_232' title='bbox 1273 1128 1436 1160; x_wconf 87' lang='lat' dir='ltr'>iudicium</span> <span class='ocrx_word' id='word_1_233' title='bbox 1461 1129 1626 1171; x_wconf 84' lang='lat' dir='ltr'>Orellius,</span> <span class='ocrx_word' id='word_1_234' title='bbox 1659 1133 1800 1172; x_wconf 87' lang='lat' dir='ltr'>addens,</span> <span class='ocrx_word' id='word_1_235' title='bbox 1834 1134 1951 1166; x_wconf 88' lang='lat' dir='ltr'>lectio-</span> 
     </span>
     <span class='ocr_line' id='line_1_20' title="bbox 72 1182 1950 1225; baseline 0.002 -10"><span class='ocrx_word' id='word_1_236' title='bbox 72 1195 148 1216; x_wconf 84' lang='lat' dir='ltr'>nem</span> <span class='ocrx_word' id='word_1_237' title='bbox 175 1185 253 1216; x_wconf 74' lang='lat' dir='ltr'>laus</span> <span class='ocrx_word' id='word_1_238' title='bbox 275 1185 470 1216; x_wconf 73' lang='lat' dir='ltr'>aedilitatis</span> <span class='ocrx_word' id='word_1_239' title='bbox 494 1196 532 1215; x_wconf 92' lang='lat' dir='ltr'>eo</span> <span class='ocrx_word' id='word_1_240' title='bbox 558 1195 692 1225; x_wconf 91' lang='lat' dir='ltr'>quoque</span> <span class='ocrx_word' id='word_1_241' title='bbox 714 1182 853 1214; x_wconf 86' lang='lat' dir='ltr'>nomine</span> <span class='ocrx_word' id='word_1_242' title='bbox 875 1188 1066 1225; x_wconf 87' lang='lat' dir='ltr'>praestare,</span> <span class='ocrx_word' id='word_1_243' title='bbox 1107 1182 1194 1224; x_wconf 87' lang='lat' dir='ltr'>quod</span> <span class='ocrx_word' id='word_1_244' title='bbox 1218 1182 1322 1223; x_wconf 80' lang='lat' dir='ltr'>magis</span> <span class='ocrx_word' id='word_1_245' title='bbox 1347 1182 1510 1213; x_wconf 78' lang='lat' dir='ltr'>concinne</span> <span class='ocrx_word' id='word_1_246' title='bbox 1532 1189 1627 1215; x_wconf 85' lang='lat' dir='ltr'>terna</span> <span class='ocrx_word' id='word_1_247' title='bbox 1645 1186 1797 1217; x_wconf 86' lang='lat' dir='ltr'>membra</span> <span class='ocrx_word' id='word_1_248' title='bbox 1819 1188 1950 1219; x_wconf 90' lang='lat' dir='ltr'>utrobi-</span> 
     </span>
     <span class='ocr_line' id='line_1_21' title="bbox 74 1235 1949 1279; baseline 0.003 -12"><span class='ocrx_word' id='word_1_249' title='bbox 74 1248 140 1279; x_wconf 89' lang='lat' dir='ltr'>que</span> <span class='ocrx_word' id='word_1_250' title='bbox 162 1237 225 1267; x_wconf 90' lang='lat' dir='ltr'>sibi</span> <span class='ocrx_word' id='word_1_251' title='bbox 253 1243 483 1279; x_wconf 86' lang='lat' dir='ltr'>opponantur‚</span> <span class='ocrx_word' id='word_1_252' title='bbox 523 1248 584 1268; x_wconf 88' lang='lat' dir='ltr'>nec</span> <span class='ocrx_word' id='word_1_253' title='bbox 607 1237 683 1268; x_wconf 85' lang='lat' dir='ltr'>satis</span> <span class='ocrx_word' id='word_1_254' title='bbox 705 1241 783 1277; x_wconf 83' lang='lat' dir='ltr'>apte</span> <span class='ocrx_word' id='word_1_255' title='bbox 805 1235 987 1276; x_wconf 85' lang='lat' dir='ltr'>iungantur</span> <span class='ocrx_word' id='word_1_256' title='bbox 1016 1236 1256 1275; x_wconf 73' lang='lat' dir='ltr'>existumatio,</span> <span class='ocrx_word' id='word_1_257' title='bbox 1291 1235 1387 1274; x_wconf 84' lang='lat' dir='ltr'>laus,</span> <span class='ocrx_word' id='word_1_258' title='bbox 1424 1237 1599 1268; x_wconf 80' lang='lat' dir='ltr'>aedilitas.</span> <span class='ocrx_word' id='word_1_259' title='bbox 1642 1238 1688 1269; x_wconf 86' lang='lat' dir='ltr'>Et</span> <span class='ocrx_word' id='word_1_260' title='bbox 1709 1245 1800 1270; x_wconf 90' lang='lat' dir='ltr'>recte</span> <span class='ocrx_word' id='word_1_261' title='bbox 1823 1240 1886 1271; x_wconf 91' lang='grc'><strong>1100</strong></span> <span class='ocrx_word' id='word_1_262' title='bbox 1909 1241 1949 1272; x_wconf 86' lang='lat' dir='ltr'>ab</span> 
     </span>
     <span class='ocr_line' id='line_1_22' title="bbox 74 1288 1950 1335; baseline 0.002 -14"><span class='ocrx_word' id='word_1_263' title='bbox 74 1289 206 1322; x_wconf 82' lang='lat' dir='ltr'>Orellio</span> <span class='ocrx_word' id='word_1_264' title='bbox 228 1289 396 1320; x_wconf 88' lang='lat' dir='ltr'>monitum</span> <span class='ocrx_word' id='word_1_265' title='bbox 418 1295 513 1331; x_wconf 89' lang='lat' dir='ltr'>puto.</span> <span class='ocrx_word' id='word_1_266' title='bbox 561 1288 663 1330; x_wconf 89' lang='lat' dir='ltr'>Quod</span> <span class='ocrx_word' id='word_1_267' title='bbox 687 1295 800 1320; x_wconf 88' lang='lat' dir='ltr'>autem</span> <span class='ocrx_word' id='word_1_268' title='bbox 823 1288 1028 1319; x_wconf 81' lang='lat' dir='ltr'>Garatonius</span> <span class='ocrx_word' id='word_1_269' title='bbox 1052 1288 1145 1326; x_wconf 84' lang='lat' dir='ltr'>dicit,</span> <span class='ocrx_word' id='word_1_270' title='bbox 1168 1289 1387 1319; x_wconf 83' lang='lat' dir='ltr'>Laterensem</span> <span class='ocrx_word' id='word_1_271' title='bbox 1410 1300 1575 1330; x_wconf 77' lang='lat' dir='ltr'>sperasse,</span> <span class='ocrx_word' id='word_1_272' title='bbox 1598 1289 1687 1329; x_wconf 88' lang='lat' dir='ltr'>fore,</span> <span class='ocrx_word' id='word_1_273' title='bbox 1712 1297 1750 1322; x_wconf 86' lang='lat' dir='ltr'>ut</span> <span class='ocrx_word' id='word_1_274' title='bbox 1773 1292 1950 1335; x_wconf 89' lang='lat' dir='ltr'>dampnato</span> 
     </span>
     <span class='ocr_line' id='line_1_23' title="bbox 72 1340 1949 1388; baseline 0 -14"><span class='ocrx_word' id='word_1_275' title='bbox 72 1342 210 1374; x_wconf 85' lang='lat' dir='ltr'>Plancio</span> <span class='ocrx_word' id='word_1_276' title='bbox 232 1342 434 1372; x_wconf 84' lang='lat' dir='ltr'>aedilitatem</span> <span class='ocrx_word' id='word_1_277' title='bbox 460 1348 739 1384; x_wconf 77' lang='lat' dir='ltr'>consequeretur,</span> <span class='ocrx_word' id='word_1_278' title='bbox 766 1340 907 1382; x_wconf 87' lang='lat' dir='ltr'>ideoque</span> <span class='ocrx_word' id='word_1_279' title='bbox 930 1347 1020 1372; x_wconf 86' lang='lat' dir='ltr'>recte</span> <span class='ocrx_word' id='word_1_280' title='bbox 1045 1340 1288 1383; x_wconf 87' lang='lat' dir='ltr'>quodammodo</span> <span class='ocrx_word' id='word_1_281' title='bbox 1312 1341 1365 1382; x_wconf 85' lang='lat' dir='ltr'>agi</span> <span class='ocrx_word' id='word_1_282' title='bbox 1387 1342 1589 1373; x_wconf 85' lang='lat' dir='ltr'>aedilitatem</span> <span class='ocrx_word' id='word_1_283' title='bbox 1612 1342 1683 1373; x_wconf 87' lang='lat' dir='ltr'>eius</span> <span class='ocrx_word' id='word_1_284' title='bbox 1708 1343 1770 1375; x_wconf 87' lang='lat' dir='ltr'>dici</span> <span class='ocrx_word' id='word_1_285' title='bbox 1793 1346 1949 1388; x_wconf 74' lang='lat' dir='ltr'>potuisse,</span> 
     </span>
     <span class='ocr_line' id='line_1_24' title="bbox 73 1393 1950 1439; baseline 0.001 -12"><span class='ocrx_word' id='word_1_286' title='bbox 73 1395 139 1427; x_wconf 89' lang='grc'><strong>1100</strong></span> <span class='ocrx_word' id='word_1_287' title='bbox 163 1395 258 1426; x_wconf 87' lang='grc'><strong>1111110</strong></span> <span class='ocrx_word' id='word_1_288' title='bbox 280 1393 384 1425; x_wconf 89' lang='lat' dir='ltr'>modo</span> <span class='ocrx_word' id='word_1_289' title='bbox 406 1399 488 1436; x_wconf 88' lang='lat' dir='ltr'>puto</span> <span class='ocrx_word' id='word_1_290' title='bbox 512 1394 646 1437; x_wconf 86' lang='lat' dir='ltr'>probari</span> <span class='ocrx_word' id='word_1_291' title='bbox 672 1406 779 1437; x_wconf 87' lang='lat' dir='ltr'>posse.</span> <span class='ocrx_word' id='word_1_292' title='bbox 824 1394 978 1425; x_wconf 89' lang='lat' dir='ltr'>Primum</span> <span class='ocrx_word' id='word_1_293' title='bbox 1001 1394 1090 1425; x_wconf 89' lang='lat' dir='ltr'>enim</span> <span class='ocrx_word' id='word_1_294' title='bbox 1114 1394 1208 1433; x_wconf 87' lang='lat' dir='ltr'>illut,</span> <span class='ocrx_word' id='word_1_295' title='bbox 1244 1394 1331 1435; x_wconf 84' lang='lat' dir='ltr'>quod</span> <span class='ocrx_word' id='word_1_296' title='bbox 1354 1394 1451 1424; x_wconf 90' lang='lat' dir='ltr'>multi</span> <span class='ocrx_word' id='word_1_297' title='bbox 1474 1394 1629 1426; x_wconf 87' lang='lat' dir='ltr'>homines</span> <span class='ocrx_word' id='word_1_298' title='bbox 1653 1395 1743 1427; x_wconf 87' lang='lat' dir='ltr'>docti</span> <span class='ocrx_word' id='word_1_299' title='bbox 1767 1398 1950 1439; x_wconf 83' lang='lat' dir='ltr'>opinantur</span> 
     </span>
     <span class='ocr_line' id='line_1_25' title="bbox 74 1446 1949 1491; baseline 0.002 -12"><span class='ocrx_word' id='word_1_300' title='bbox 74 1448 149 1491; x_wconf 84' lang='lat' dir='ltr'>(cfr.</span> <span class='ocrx_word' id='word_1_301' title='bbox 169 1447 293 1480; x_wconf 85' lang='lat' dir='ltr'>Adami</span> <span class='ocrx_word' id='word_1_302' title='bbox 316 1447 501 1489; x_wconf 87' lang='lat' dir='ltr'>Antiquitt.</span> <span class='ocrx_word' id='word_1_303' title='bbox 526 1448 627 1479; x_wconf 89' lang='lat' dir='ltr'>Rom.</span> <span class='ocrx_word' id='word_1_304' title='bbox 654 1447 696 1478; x_wconf 90' lang='lat' dir='ltr'>T.</span> <span class='ocrx_word' id='word_1_305' title='bbox 724 1448 749 1478; x_wconf 85' lang='lat' dir='ltr'>I.</span> <span class='ocrx_word' id='word_1_306' title='bbox 772 1458 806 1489; x_wconf 88' lang='lat' dir='ltr'>p.</span> <span class='ocrx_word' id='word_1_307' title='bbox 833 1448 904 1478; x_wconf 83' lang='lat'><strong>214.</strong></span> <span class='ocrx_word' id='word_1_308' title='bbox 937 1454 968 1478; x_wconf 91' lang='lat' dir='ltr'>et</span> <span class='ocrx_word' id='word_1_309' title='bbox 990 1447 1195 1479; x_wconf 85' lang='lat' dir='ltr'>Middletoni</span> <span class='ocrx_word' id='word_1_310' title='bbox 1217 1446 1346 1478; x_wconf 79' lang='lat' dir='ltr'>Histor.</span> <span class='ocrx_word' id='word_1_311' title='bbox 1372 1447 1473 1477; x_wconf 83' lang='lat' dir='ltr'>Rom.</span> <span class='ocrx_word' id='word_1_312' title='bbox 1497 1447 1539 1477; x_wconf 85' lang='lat' dir='ltr'>T.</span> <span class='ocrx_word' id='word_1_313' title='bbox 1563 1447 1588 1478; x_wconf 88' lang='lat' dir='ltr'>I.</span> <span class='ocrx_word' id='word_1_314' title='bbox 1613 1459 1647 1489; x_wconf 86' lang='lat' dir='ltr'>p.</span> <span class='ocrx_word' id='word_1_315' title='bbox 1675 1450 1775 1490; x_wconf 81' lang='lat'>165.),</span> <span class='ocrx_word' id='word_1_316' title='bbox 1806 1451 1949 1482; x_wconf 86' lang='lat' dir='ltr'>manda-</span> 
     </span>
     <span class='ocr_line' id='line_1_26' title="bbox 74 1500 1950 1543; baseline -0.001 -10"><span class='ocrx_word' id='word_1_317' title='bbox 74 1507 127 1533; x_wconf 85' lang='lat' dir='ltr'>tos</span> <span class='ocrx_word' id='word_1_318' title='bbox 151 1512 220 1531; x_wconf 87' lang='lat' dir='ltr'>esse</span> <span class='ocrx_word' id='word_1_319' title='bbox 246 1500 505 1532; x_wconf 84' lang='lat' dir='ltr'>accussatoribns</span> <span class='ocrx_word' id='word_1_320' title='bbox 528 1512 584 1532; x_wconf 93' lang='lat' dir='ltr'>eos</span> <span class='ocrx_word' id='word_1_321' title='bbox 609 1500 835 1542; x_wconf 86' lang='lat' dir='ltr'>magistratus,</span> <span class='ocrx_word' id='word_1_322' title='bbox 873 1512 956 1541; x_wconf 84' lang='lat' dir='ltr'>quos</span> <span class='ocrx_word' id='word_1_323' title='bbox 987 1501 1214 1543; x_wconf 83' lang='lat' dir='ltr'>conpetitores</span> <span class='ocrx_word' id='word_1_324' title='bbox 1243 1512 1320 1531; x_wconf 87' lang='lat' dir='ltr'>suos</span> <span class='ocrx_word' id='word_1_325' title='bbox 1343 1511 1405 1541; x_wconf 87' lang='grc'><strong>1101·</strong></span> <span class='ocrx_word' id='word_1_326' title='bbox 1428 1500 1591 1530; x_wconf 87' lang='lat' dir='ltr'>ambitum</span> <span class='ocrx_word' id='word_1_327' title='bbox 1616 1500 1752 1543; x_wconf 64' lang='lat' dir='ltr'>adeptos</span> <span class='ocrx_word' id='word_1_328' title='bbox 1783 1514 1852 1535; x_wconf 77' lang='lat' dir='ltr'>esse</span> <span class='ocrx_word' id='word_1_329' title='bbox 1875 1504 1950 1535; x_wconf 80' lang='lat' dir='ltr'>eui-</span> 
     </span>
     <span class='ocr_line' id='line_1_27' title="bbox 75 1553 1948 1595; baseline 0.001 -10"><span class='ocrx_word' id='word_1_330' title='bbox 75 1560 204 1593; x_wconf 87' lang='lat' dir='ltr'>cerant,</span> <span class='ocrx_word' id='word_1_331' title='bbox 241 1564 352 1594; x_wconf 88' lang='lat' dir='ltr'>neque</span> <span class='ocrx_word' id='word_1_332' title='bbox 380 1564 442 1595; x_wconf 91' lang='lat' dir='ltr'>per</span> <span class='ocrx_word' id='word_1_333' title='bbox 471 1564 506 1584; x_wconf 89' lang='lat' dir='ltr'>se</span> <span class='ocrx_word' id='word_1_334' title='bbox 537 1559 586 1584; x_wconf 83' lang='lat' dir='ltr'>est</span> <span class='ocrx_word' id='word_1_335' title='bbox 616 1553 808 1595; x_wconf 85' lang='lat' dir='ltr'>probabile,</span> <span class='ocrx_word' id='word_1_336' title='bbox 850 1565 960 1595; x_wconf 90' lang='lat' dir='ltr'>neque</span> <span class='ocrx_word' id='word_1_337' title='bbox 990 1554 1061 1584; x_wconf 88' lang='lat' dir='ltr'>ullo</span> <span class='ocrx_word' id='word_1_338' title='bbox 1090 1559 1244 1584; x_wconf 84' lang='lat' dir='ltr'>ueterum</span> <span class='ocrx_word' id='word_1_339' title='bbox 1270 1553 1473 1595; x_wconf 85' lang='lat' dir='ltr'>scriptorum</span> <span class='ocrx_word' id='word_1_340' title='bbox 1503 1553 1696 1585; x_wconf 87' lang='lat' dir='ltr'>testimonio</span> <span class='ocrx_word' id='word_1_341' title='bbox 1721 1555 1948 1587; x_wconf 83' lang='lat' dir='ltr'>confirmatur.</span> 
     </span>
     <span class='ocr_line' id='line_1_28' title="bbox 74 1605 1949 1649; baseline 0.001 -12"><span class='ocrx_word' id='word_1_342' title='bbox 74 1607 130 1640; x_wconf 90' lang='lat' dir='ltr'>Ne</span> <span class='ocrx_word' id='word_1_343' title='bbox 154 1607 227 1648; x_wconf 87' lang='lat' dir='ltr'>quis</span> <span class='ocrx_word' id='word_1_344' title='bbox 250 1617 331 1637; x_wconf 90' lang='lat' dir='ltr'>uero</span> <span class='ocrx_word' id='word_1_345' title='bbox 359 1617 402 1637; x_wconf 80' lang='lat' dir='ltr'>ex</span> <span class='ocrx_word' id='word_1_346' title='bbox 422 1606 487 1637; x_wconf 92' lang='lat' dir='ltr'>hoc</span> <span class='ocrx_word' id='word_1_347' title='bbox 510 1606 582 1648; x_wconf 90' lang='lat' dir='ltr'>ipso</span> <span class='ocrx_word' id='word_1_348' title='bbox 607 1606 679 1638; x_wconf 90' lang='lat' dir='ltr'>loco</span> <span class='ocrx_word' id='word_1_349' title='bbox 703 1607 826 1649; x_wconf 85' lang='lat' dir='ltr'>conligi</span> <span class='ocrx_word' id='word_1_350' title='bbox 849 1613 946 1649; x_wconf 87' lang='lat' dir='ltr'>putet</span> <span class='ocrx_word' id='word_1_351' title='bbox 966 1618 1080 1649; x_wconf 85' lang='lat' dir='ltr'>posse,</span> <span class='ocrx_word' id='word_1_352' title='bbox 1115 1605 1179 1636; x_wconf 88' lang='grc'><strong>1100</strong></span> <span class='ocrx_word' id='word_1_353' title='bbox 1203 1606 1328 1643; x_wconf 83' lang='lat' dir='ltr'>obstat,</span> <span class='ocrx_word' id='word_1_354' title='bbox 1364 1606 1471 1647; x_wconf 88' lang='lat' dir='ltr'>quod,</span> <span class='ocrx_word' id='word_1_355' title='bbox 1507 1605 1532 1636; x_wconf 89' lang='lat' dir='ltr'>si</span> <span class='ocrx_word' id='word_1_356' title='bbox 1557 1611 1687 1637; x_wconf 80' lang='lat' dir='ltr'>certum</span> <span class='ocrx_word' id='word_1_357' title='bbox 1710 1605 1847 1646; x_wconf 82' lang='lat' dir='ltr'>fuisset,</span> <span class='ocrx_word' id='word_1_358' title='bbox 1879 1609 1949 1639; x_wconf 86' lang='lat' dir='ltr'>La-</span> 
     </span>
     <span class='ocr_line' id='line_1_29' title="bbox 75 1658 1950 1702; baseline 0 -10"><span class='ocrx_word' id='word_1_359' title='bbox 75 1667 241 1692; x_wconf 85' lang='lat' dir='ltr'>terensem</span> <span class='ocrx_word' id='word_1_360' title='bbox 263 1658 394 1691; x_wconf 88' lang='lat' dir='ltr'>adssicto</span> <span class='ocrx_word' id='word_1_361' title='bbox 416 1658 552 1690; x_wconf 86' lang='lat' dir='ltr'>Plancio</span> <span class='ocrx_word' id='word_1_362' title='bbox 575 1658 719 1690; x_wconf 87' lang='lat' dir='ltr'>aedilem</span> <span class='ocrx_word' id='word_1_363' title='bbox 743 1659 826 1700; x_wconf 81' lang='lat' dir='ltr'>fieri,</span> <span class='ocrx_word' id='word_1_364' title='bbox 850 1660 944 1691; x_wconf 86' lang='lat' dir='ltr'>nullo</span> <span class='ocrx_word' id='word_1_365' title='bbox 968 1665 1062 1702; x_wconf 88' lang='lat' dir='ltr'>pacto</span> <span class='ocrx_word' id='word_1_366' title='bbox 1087 1659 1204 1690; x_wconf 86' lang='lat' dir='ltr'>Cicero</span> <span class='ocrx_word' id='word_1_367' title='bbox 1229 1659 1316 1689; x_wconf 83' lang='lat' dir='ltr'>inter</span> <span class='ocrx_word' id='word_1_368' title='bbox 1338 1659 1441 1690; x_wconf 76' lang='lat' dir='ltr'>uerba</span> <span class='ocrx_word' id='word_1_369' title='bbox 1463 1659 1619 1691; x_wconf 76' lang='lat' dir='ltr'>studium</span> <span class='ocrx_word' id='word_1_370' title='bbox 1642 1665 1741 1691; x_wconf 75' lang='lat' dir='ltr'>tuum</span> <span class='ocrx_word' id='word_1_371' title='bbox 1764 1666 1797 1691; x_wconf 87' lang='lat' dir='ltr'>et</span> <span class='ocrx_word' id='word_1_372' title='bbox 1819 1662 1950 1693; x_wconf 74' lang='lat' dir='ltr'>existu-</span> 
     </span>
     <span class='ocr_line' id='line_1_30' title="bbox 75 1711 1951 1755; baseline -0.001 -10"><span class='ocrx_word' id='word_1_373' title='bbox 75 1713 201 1751; x_wconf 83' lang='lat' dir='ltr'>matio,</span> <span class='ocrx_word' id='word_1_374' title='bbox 225 1713 315 1750; x_wconf 81' lang='lat' dir='ltr'>laus,</span> <span class='ocrx_word' id='word_1_375' title='bbox 341 1712 505 1744; x_wconf 78' lang='lat' dir='ltr'>aedilitas</span> <span class='ocrx_word' id='word_1_376' title='bbox 528 1711 609 1742; x_wconf 90' lang='lat' dir='ltr'>haee</span> <span class='ocrx_word' id='word_1_377' title='bbox 628 1711 846 1755; x_wconf 82' lang='lat' dir='ltr'>interponere</span> <span class='ocrx_word' id='word_1_378' title='bbox 870 1714 927 1745; x_wconf 80' lang='lat' dir='ltr'>uel</span> <span class='ocrx_word' id='word_1_379' title='bbox 952 1715 1067 1751; x_wconf 82' lang='lat' dir='ltr'>etiam,</span> <span class='ocrx_word' id='word_1_380' title='bbox 1093 1713 1123 1743; x_wconf 87' lang='lat' dir='ltr'>si</span> <span class='ocrx_word' id='word_1_381' title='bbox 1142 1713 1197 1744; x_wconf 80' lang='lat' dir='ltr'>uis</span> <span class='ocrx_word' id='word_1_382' title='bbox 1219 1711 1397 1754; x_wconf 73' lang='lat' dir='ltr'>potuissetz,</span> <span class='ocrx_word' id='word_1_383' title='bbox 1422 1711 1543 1753; x_wconf 85' lang='lat' dir='ltr'>quibus</span> <span class='ocrx_word' id='word_1_384' title='bbox 1567 1712 1681 1743; x_wconf 89' lang='lat' dir='ltr'>uerbis</span> <span class='ocrx_word' id='word_1_385' title='bbox 1702 1712 1951 1744; x_wconf 84' lang='lat' dir='ltr'>manifestumst</span> 
     </span>
     <span class='ocr_line' id='line_1_31' title="bbox 74 1763 1951 1808; baseline 0 -12"><span class='ocrx_word' id='word_1_386' title='bbox 74 1763 271 1807; x_wconf 83' lang='lat' dir='ltr'>significari,</span> <span class='ocrx_word' id='word_1_387' title='bbox 297 1764 475 1796; x_wconf 84' lang='lat' dir='ltr'>Laterensi</span> <span class='ocrx_word' id='word_1_388' title='bbox 497 1764 607 1796; x_wconf 86' lang='lat' dir='ltr'>uideri</span> <span class='ocrx_word' id='word_1_389' title='bbox 631 1763 771 1797; x_wconf 83' lang='lat' dir='ltr'>sortasse</span> <span class='ocrx_word' id='word_1_390' title='bbox 795 1766 893 1797; x_wconf 88' lang='lat' dir='ltr'>etiam</span> <span class='ocrx_word' id='word_1_391' title='bbox 915 1778 1031 1808; x_wconf 83' lang='lat' dir='ltr'>posse,</span> <span class='ocrx_word' id='word_1_392' title='bbox 1059 1765 1360 1796; x_wconf 77' lang='lat' dir='ltr'>existumationem</span> <span class='ocrx_word' id='word_1_393' title='bbox 1381 1776 1487 1804; x_wconf 86' lang='grc'><strong>3113111,</strong></span> <span class='ocrx_word' id='word_1_394' title='bbox 1520 1765 1671 1804; x_wconf 88' lang='lat' dir='ltr'>laudem,</span> <span class='ocrx_word' id='word_1_395' title='bbox 1696 1771 1727 1796; x_wconf 88' lang='lat' dir='ltr'>et</span> <span class='ocrx_word' id='word_1_396' title='bbox 1748 1765 1951 1796; x_wconf 85' lang='lat' dir='ltr'>aedilitatem</span> 
     </span>
     <span class='ocr_line' id='line_1_32' title="bbox 76 1816 1952 1861; baseline -0.001 -11"><span class='ocrx_word' id='word_1_397' title='bbox 76 1818 141 1861; x_wconf 86' lang='lat' dir='ltr'>agi.</span> <span class='ocrx_word' id='word_1_398' title='bbox 185 1816 282 1858; x_wconf 85' lang='lat' dir='ltr'>Quod</span> <span class='ocrx_word' id='word_1_399' title='bbox 304 1817 370 1848; x_wconf 86' lang='lat' dir='ltr'>dici</span> <span class='ocrx_word' id='word_1_400' title='bbox 392 1829 461 1850; x_wconf 86' lang='lat' dir='ltr'>non</span> <span class='ocrx_word' id='word_1_401' title='bbox 484 1818 611 1861; x_wconf 86' lang='lat' dir='ltr'>potuit,</span> <span class='ocrx_word' id='word_1_402' title='bbox 636 1818 663 1849; x_wconf 89' lang='grc'>31</span> <span class='ocrx_word' id='word_1_403' title='bbox 686 1830 723 1849; x_wconf 86' lang='grc'>03</span> <span class='ocrx_word' id='word_1_404' title='bbox 746 1819 946 1851; x_wconf 84' lang='lat' dir='ltr'>obtinuisset</span> <span class='ocrx_word' id='word_1_405' title='bbox 969 1818 1188 1858; x_wconf 87' lang='lat' dir='ltr'>consuetudo,</span> <span class='ocrx_word' id='word_1_406' title='bbox 1211 1824 1248 1850; x_wconf 91' lang='lat' dir='ltr'>ut</span> <span class='ocrx_word' id='word_1_407' title='bbox 1271 1829 1329 1849; x_wconf 83' lang='lat' dir='ltr'>reo</span> <span class='ocrx_word' id='word_1_408' title='bbox 1353 1817 1530 1860; x_wconf 84' lang='lat' dir='ltr'>dampnato</span> <span class='ocrx_word' id='word_1_409' title='bbox 1555 1823 1744 1849; x_wconf 86' lang='lat' dir='ltr'>accussator</span> <span class='ocrx_word' id='word_1_410' title='bbox 1765 1829 1952 1860; x_wconf 86' lang='lat' dir='ltr'>conseque-</span> 
     </span>
     <span class='ocr_line' id='line_1_33' title="bbox 76 1870 1950 1914; baseline 0 -11"><span class='ocrx_word' id='word_1_411' title='bbox 76 1877 170 1903; x_wconf 87' lang='lat' dir='ltr'>retur</span> <span class='ocrx_word' id='word_1_412' title='bbox 198 1870 449 1911; x_wconf 75' lang='lat' dir='ltr'>magistratum‚</span> <span class='ocrx_word' id='word_1_413' title='bbox 488 1883 588 1913; x_wconf 86' lang='lat' dir='ltr'>quem</span> <span class='ocrx_word' id='word_1_414' title='bbox 618 1883 693 1903; x_wconf 87' lang='lat' dir='ltr'>cum</span> <span class='ocrx_word' id='word_1_415' title='bbox 723 1883 778 1911; x_wconf 90' lang='lat' dir='ltr'>eo,</span> <span class='ocrx_word' id='word_1_416' title='bbox 817 1872 874 1914; x_wconf 88' lang='lat' dir='ltr'>qui</span> <span class='ocrx_word' id='word_1_417' title='bbox 896 1871 1041 1902; x_wconf 85' lang='lat' dir='ltr'>ambitus</span> <span class='ocrx_word' id='word_1_418' title='bbox 1066 1877 1251 1902; x_wconf 87' lang='lat' dir='ltr'>accussatus</span> <span class='ocrx_word' id='word_1_419' title='bbox 1283 1876 1372 1910; x_wconf 87' lang='lat' dir='ltr'>erat,</span> <span class='ocrx_word' id='word_1_420' title='bbox 1410 1871 1585 1914; x_wconf 86' lang='lat' dir='ltr'>petiuerat.</span> <span class='ocrx_word' id='word_1_421' title='bbox 1631 1871 1739 1902; x_wconf 81' lang='lat' dir='ltr'>Isdem</span> <span class='ocrx_word' id='word_1_422' title='bbox 1764 1871 1805 1902; x_wconf 89' lang='lat' dir='ltr'>de</span> <span class='ocrx_word' id='word_1_423' title='bbox 1829 1872 1950 1903; x_wconf 82' lang='lat' dir='ltr'>caussis</span> 
     </span>
     <span class='ocr_line' id='line_1_34' title="bbox 76 1922 1950 1967; baseline 0.001 -11"><span class='ocrx_word' id='word_1_424' title='bbox 76 1934 187 1966; x_wconf 89' lang='lat' dir='ltr'>neque</span> <span class='ocrx_word' id='word_1_425' title='bbox 211 1922 237 1953; x_wconf 87' lang='lat' dir='ltr'>si</span> <span class='ocrx_word' id='word_1_426' title='bbox 261 1923 339 1955; x_wconf 79' lang='lat' dir='ltr'>laus</span> <span class='ocrx_word' id='word_1_427' title='bbox 361 1925 555 1957; x_wconf 74' lang='lat' dir='ltr'>aedilitatis</span> <span class='ocrx_word' id='word_1_428' title='bbox 588 1925 742 1956; x_wconf 85' lang='lat' dir='ltr'>scribitur</span> <span class='ocrx_word' id='word_1_429' title='bbox 772 1926 818 1956; x_wconf 88' lang='lat' dir='ltr'>ita</span> <span class='ocrx_word' id='word_1_430' title='bbox 840 1926 904 1956; x_wconf 89' lang='lat' dir='ltr'>hoc</span> <span class='ocrx_word' id='word_1_431' title='bbox 932 1924 1094 1966; x_wconf 75' lang='lat' dir='ltr'>explicari</span> <span class='ocrx_word' id='word_1_432' title='bbox 1117 1930 1246 1966; x_wconf 78' lang='lat' dir='ltr'>potest,</span> <span class='ocrx_word' id='word_1_433' title='bbox 1278 1929 1317 1954; x_wconf 88' lang='lat' dir='ltr'>ut</span> <span class='ocrx_word' id='word_1_434' title='bbox 1339 1925 1462 1967; x_wconf 76' lang='lat' dir='ltr'>agitur</span> <span class='ocrx_word' id='word_1_435' title='bbox 1485 1925 1562 1955; x_wconf 79' lang='lat' dir='ltr'>laus</span> <span class='ocrx_word' id='word_1_436' title='bbox 1585 1925 1779 1956; x_wconf 82' lang='lat' dir='ltr'>aedilitatis</span> <span class='ocrx_word' id='word_1_437' title='bbox 1802 1924 1860 1956; x_wconf 84' lang='lat' dir='ltr'>sit:</span> <span class='ocrx_word' id='word_1_438' title='bbox 1893 1931 1950 1957; x_wconf 87' lang='lat' dir='ltr'>aut</span> 
     </span>
     <span class='ocr_line' id='line_1_35' title="bbox 77 1975 1948 2020; baseline 0.001 -13"><span class='ocrx_word' id='word_1_439' title='bbox 77 1975 289 2017; x_wconf 87' lang='lat' dir='ltr'>consequeris</span> <span class='ocrx_word' id='word_1_440' title='bbox 322 1976 476 2016; x_wconf 80' lang='lat' dir='ltr'>laudem,</span> <span class='ocrx_word' id='word_1_441' title='bbox 520 1989 620 2019; x_wconf 85' lang='lat' dir='ltr'>quam</span> <span class='ocrx_word' id='word_1_442' title='bbox 649 1978 738 2020; x_wconf 87' lang='lat' dir='ltr'>parit</span> <span class='ocrx_word' id='word_1_443' title='bbox 767 1977 934 2015; x_wconf 87' lang='lat' dir='ltr'>aedilitas,</span> <span class='ocrx_word' id='word_1_444' title='bbox 971 1977 1148 2019; x_wconf 88' lang='lat' dir='ltr'>dampnato</span> <span class='ocrx_word' id='word_1_445' title='bbox 1174 1977 1330 2016; x_wconf 85' lang='lat' dir='ltr'>Plancio,</span> <span class='ocrx_word' id='word_1_446' title='bbox 1368 1983 1425 2007; x_wconf 88' lang='lat' dir='ltr'>aut</span> <span class='ocrx_word' id='word_1_447' title='bbox 1455 1988 1525 2007; x_wconf 88' lang='lat' dir='ltr'>non</span> <span class='ocrx_word' id='word_1_448' title='bbox 1554 1977 1766 2018; x_wconf 85' lang='lat' dir='ltr'>consequeris</span> <span class='ocrx_word' id='word_1_449' title='bbox 1796 1978 1948 2010; x_wconf 88' lang='lat' dir='ltr'>absoluto</span> 
     </span>
     <span class='ocr_line' id='line_1_36' title="bbox 76 2029 1949 2073; baseline 0 -12"><span class='ocrx_word' id='word_1_450' title='bbox 76 2029 225 2061; x_wconf 87' lang='lat' dir='ltr'>Plancio.</span> <span class='ocrx_word' id='word_1_451' title='bbox 268 2029 502 2062; x_wconf 87' lang='lat' dir='ltr'>Nihilominus</span> <span class='ocrx_word' id='word_1_452' title='bbox 532 2030 723 2062; x_wconf 88' lang='lat' dir='ltr'>istiusmodi</span> <span class='ocrx_word' id='word_1_453' title='bbox 759 2030 1021 2073; x_wconf 81' lang='lat' dir='ltr'>explicationem</span> <span class='ocrx_word' id='word_1_454' title='bbox 1050 2029 1201 2070; x_wconf 85' lang='lat' dir='ltr'>flagitare</span> <span class='ocrx_word' id='word_1_455' title='bbox 1237 2029 1380 2060; x_wconf 88' lang='lat' dir='ltr'>uerbum</span> <span class='ocrx_word' id='word_1_456' title='bbox 1415 2030 1539 2072; x_wconf 76' lang='lat' dir='ltr'>agitur</span> <span class='ocrx_word' id='word_1_457' title='bbox 1576 2035 1713 2071; x_wconf 87' lang='lat' dir='ltr'>totaque</span> <span class='ocrx_word' id='word_1_458' title='bbox 1745 2029 1845 2061; x_wconf 89' lang='lat' dir='ltr'>huius</span> <span class='ocrx_word' id='word_1_459' title='bbox 1883 2030 1949 2061; x_wconf 87' lang='lat' dir='ltr'>loci</span> 
     </span>
     <span class='ocr_line' id='line_1_37' title="bbox 77 2080 1948 2125; baseline -0.001 -11"><span class='ocrx_word' id='word_1_460' title='bbox 77 2080 243 2114; x_wconf 79' lang='lat' dir='ltr'>sententia</span> <span class='ocrx_word' id='word_1_461' title='bbox 270 2081 419 2113; x_wconf 83' lang='lat' dir='ltr'>uidetur.</span> <span class='ocrx_word' id='word_1_462' title='bbox 465 2084 631 2116; x_wconf 88' lang='lat' dir='ltr'>Miserum</span> <span class='ocrx_word' id='word_1_463' title='bbox 661 2095 695 2114; x_wconf 88' lang='lat' dir='ltr'>se</span> <span class='ocrx_word' id='word_1_464' title='bbox 719 2083 836 2115; x_wconf 83' lang='lat' dir='ltr'>Cicero</span> <span class='ocrx_word' id='word_1_465' title='bbox 867 2084 923 2115; x_wconf 90' lang='lat' dir='ltr'>uel</span> <span class='ocrx_word' id='word_1_466' title='bbox 952 2089 1041 2113; x_wconf 88' lang='lat' dir='ltr'>certe</span> <span class='ocrx_word' id='word_1_467' title='bbox 1072 2082 1260 2113; x_wconf 80' lang='lat' dir='ltr'>exercitum</span> <span class='ocrx_word' id='word_1_468' title='bbox 1291 2093 1361 2113; x_wconf 87' lang='lat' dir='ltr'>esse</span> <span class='ocrx_word' id='word_1_469' title='bbox 1385 2082 1466 2113; x_wconf 84' lang='lat' dir='ltr'>dicit</span> <span class='ocrx_word' id='word_1_470' title='bbox 1496 2083 1655 2125; x_wconf 48' lang='lat' dir='ltr'>(ex-eunte</span> <span class='ocrx_word' id='word_1_471' title='bbox 1679 2083 1708 2123; x_wconf 82' lang='lat'>§.</span> <span class='ocrx_word' id='word_1_472' title='bbox 1734 2082 1823 2123; x_wconf 84' lang='lat'>78.)‚</span> <span class='ocrx_word' id='word_1_473' title='bbox 1857 2083 1948 2124; x_wconf 86' lang='lat' dir='ltr'>quod</span> 
     </span>
     <span class='ocr_line' id='line_1_38' title="bbox 77 2134 1948 2178; baseline -0.001 -11"><span class='ocrx_word' id='word_1_474' title='bbox 77 2145 177 2177; x_wconf 88' lang='lat' dir='ltr'>saepe</span> <span class='ocrx_word' id='word_1_475' title='bbox 198 2134 315 2174; x_wconf 75' lang='lat' dir='ltr'>amici,</span> <span class='ocrx_word' id='word_1_476' title='bbox 350 2136 409 2178; x_wconf 92' lang='lat' dir='ltr'>qui</span> <span class='ocrx_word' id='word_1_477' title='bbox 430 2136 518 2167; x_wconf 87' lang='lat' dir='ltr'>inter</span> <span class='ocrx_word' id='word_1_478' title='bbox 539 2147 574 2167; x_wconf 90' lang='lat' dir='ltr'>se</span> <span class='ocrx_word' id='word_1_479' title='bbox 597 2136 818 2175; x_wconf 85' lang='lat' dir='ltr'>contendant,</span> <span class='ocrx_word' id='word_1_480' title='bbox 847 2136 886 2166; x_wconf 88' lang='lat' dir='ltr'>ad</span> <span class='ocrx_word' id='word_1_481' title='bbox 908 2147 942 2167; x_wconf 89' lang='lat' dir='ltr'>se</span> <span class='ocrx_word' id='word_1_482' title='bbox 965 2135 1102 2166; x_wconf 85' lang='lat' dir='ltr'>ueniant</span> <span class='ocrx_word' id='word_1_483' title='bbox 1115 2140 1268 2176; x_wconf 82' lang='lat' dir='ltr'>rogantes</span> <span class='ocrx_word' id='word_1_484' title='bbox 1282 2159 1291 2174; x_wconf 86' lang='lat'>,</span> <span class='ocrx_word' id='word_1_485' title='bbox 1318 2142 1356 2166; x_wconf 86' lang='lat' dir='ltr'>ut</span> <span class='ocrx_word' id='word_1_486' title='bbox 1378 2135 1441 2166; x_wconf 86' lang='lat' dir='ltr'>sibi</span> <span class='ocrx_word' id='word_1_487' title='bbox 1464 2135 1573 2166; x_wconf 82' lang='lat' dir='ltr'>faueat</span> <span class='ocrx_word' id='word_1_488' title='bbox 1598 2140 1627 2165; x_wconf 86' lang='lat' dir='ltr'>et</span> <span class='ocrx_word' id='word_1_489' title='bbox 1648 2134 1684 2165; x_wconf 88' lang='grc'>111</span> <span class='ocrx_word' id='word_1_490' title='bbox 1707 2135 1948 2176; x_wconf 87' lang='lat' dir='ltr'>controuersia,</span> 
     </span>
     <span class='ocr_line' id='line_1_39' title="bbox 79 2187 1946 2230; baseline -0.001 -10"><span class='ocrx_word' id='word_1_491' title='bbox 79 2199 179 2230; x_wconf 87' lang='lat' dir='ltr'>quam</span> <span class='ocrx_word' id='word_1_492' title='bbox 208 2187 365 2227; x_wconf 82' lang='lat' dir='ltr'>habeant,</span> <span class='ocrx_word' id='word_1_493' title='bbox 408 2188 552 2220; x_wconf 87' lang='lat' dir='ltr'>adiuuet.</span> <span class='ocrx_word' id='word_1_494' title='bbox 599 2189 730 2230; x_wconf 87' lang='lat' dir='ltr'>Quibus</span> <span class='ocrx_word' id='word_1_495' title='bbox 759 2189 871 2221; x_wconf 89' lang='lat' dir='ltr'>uerbis</span> <span class='ocrx_word' id='word_1_496' title='bbox 899 2187 1077 2220; x_wconf 84' lang='lat' dir='ltr'>manifesto</span> <span class='ocrx_word' id='word_1_497' title='bbox 1110 2188 1210 2218; x_wconf 85' lang='lat' dir='ltr'>simul</span> <span class='ocrx_word' id='word_1_498' title='bbox 1235 2188 1408 2219; x_wconf 88' lang='lat' dir='ltr'>Plancium</span> <span class='ocrx_word' id='word_1_499' title='bbox 1432 2194 1465 2218; x_wconf 90' lang='lat' dir='ltr'>et</span> <span class='ocrx_word' id='word_1_500' title='bbox 1485 2189 1701 2219; x_wconf 84' lang='lat' dir='ltr'>Laterensem</span> <span class='ocrx_word' id='word_1_501' title='bbox 1730 2187 1946 2230; x_wconf 84' lang='lat' dir='ltr'>significabat,</span> 
     </span>
     <span class='ocr_line' id='line_1_40' title="bbox 79 2240 1948 2284; baseline -0.001 -12"><span class='ocrx_word' id='word_1_502' title='bbox 79 2252 223 2284; x_wconf 89' lang='lat' dir='ltr'>quorum</span> <span class='ocrx_word' id='word_1_503' title='bbox 248 2245 406 2281; x_wconf 83' lang='lat' dir='ltr'>uterque,</span> <span class='ocrx_word' id='word_1_504' title='bbox 441 2241 481 2272; x_wconf 87' lang='lat' dir='ltr'>de</span> <span class='ocrx_word' id='word_1_505' title='bbox 505 2242 666 2274; x_wconf 87' lang='lat' dir='ltr'>Cicerone</span> <span class='ocrx_word' id='word_1_506' title='bbox 690 2242 775 2273; x_wconf 85' lang='lat' dir='ltr'>bene</span> <span class='ocrx_word' id='word_1_507' title='bbox 796 2242 923 2281; x_wconf 88' lang='lat' dir='ltr'>meriti,</span> <span class='ocrx_word' id='word_1_508' title='bbox 960 2242 1003 2273; x_wconf 93' lang='lat' dir='ltr'>ob</span> <span class='ocrx_word' id='word_1_509' title='bbox 1027 2253 1101 2272; x_wconf 88' lang='lat' dir='ltr'>eam</span> <span class='ocrx_word' id='word_1_510' title='bbox 1125 2242 1231 2283; x_wconf 85' lang='lat' dir='ltr'>ipsam</span> <span class='ocrx_word' id='word_1_511' title='bbox 1255 2252 1401 2272; x_wconf 85' lang='lat' dir='ltr'>caussam</span> <span class='ocrx_word' id='word_1_512' title='bbox 1424 2241 1656 2283; x_wconf 86' lang='lat' dir='ltr'>postulabant,</span> <span class='ocrx_word' id='word_1_513' title='bbox 1689 2247 1725 2271; x_wconf 89' lang='lat' dir='ltr'>ut</span> <span class='ocrx_word' id='word_1_514' title='bbox 1750 2240 1786 2271; x_wconf 88' lang='lat' dir='ltr'>in</span> <span class='ocrx_word' id='word_1_515' title='bbox 1809 2247 1948 2272; x_wconf 87' lang='lat' dir='ltr'>conten-</span> 
     </span>
     <span class='ocr_line' id='line_1_41' title="bbox 78 2292 1947 2337; baseline -0.001 -11"><span class='ocrx_word' id='word_1_516' title='bbox 78 2294 172 2326; x_wconf 88' lang='lat' dir='ltr'>tione</span> <span class='ocrx_word' id='word_1_517' title='bbox 194 2305 253 2324; x_wconf 86' lang='lat' dir='ltr'>sua</span> <span class='ocrx_word' id='word_1_518' title='bbox 275 2293 315 2323; x_wconf 85' lang='lat' dir='ltr'>ab</span> <span class='ocrx_word' id='word_1_519' title='bbox 340 2304 378 2324; x_wconf 91' lang='lat' dir='ltr'>eo</span> <span class='ocrx_word' id='word_1_520' title='bbox 398 2293 647 2325; x_wconf 80' lang='lat' dir='ltr'>adiuuarentur.</span> <span class='ocrx_word' id='word_1_521' title='bbox 692 2295 835 2337; x_wconf 84' lang='lat' dir='ltr'>Utrique</span> <span class='ocrx_word' id='word_1_522' title='bbox 859 2306 934 2325; x_wconf 91' lang='lat' dir='ltr'>cum</span> <span class='ocrx_word' id='word_1_523' title='bbox 956 2294 1074 2325; x_wconf 87' lang='lat' dir='ltr'>debeat</span> <span class='ocrx_word' id='word_1_524' title='bbox 1098 2305 1207 2335; x_wconf 81' lang='lat' dir='ltr'>neque</span> <span class='ocrx_word' id='word_1_525' title='bbox 1230 2300 1342 2325; x_wconf 87' lang='lat' dir='ltr'>tamen</span> <span class='ocrx_word' id='word_1_526' title='bbox 1367 2293 1528 2336; x_wconf 81' lang='lat' dir='ltr'>opitulari</span> <span class='ocrx_word' id='word_1_527' title='bbox 1551 2293 1651 2325; x_wconf 88' lang='lat' dir='ltr'>simul</span> <span class='ocrx_word' id='word_1_528' title='bbox 1673 2293 1796 2336; x_wconf 85' lang='lat' dir='ltr'>possit,</span> <span class='ocrx_word' id='word_1_529' title='bbox 1827 2293 1873 2324; x_wconf 88' lang='lat' dir='ltr'>sic</span> <span class='ocrx_word' id='word_1_530' title='bbox 1895 2292 1947 2324; x_wconf 86' lang='lat' dir='ltr'>sa-</span> 
     </span>
     <span class='ocr_line' id='line_1_42' title="bbox 79 2345 1947 2390; baseline -0.001 -11"><span class='ocrx_word' id='word_1_531' title='bbox 79 2353 214 2379; x_wconf 86' lang='lat' dir='ltr'>cturum</span> <span class='ocrx_word' id='word_1_532' title='bbox 236 2358 270 2377; x_wconf 87' lang='lat' dir='ltr'>se</span> <span class='ocrx_word' id='word_1_533' title='bbox 294 2357 364 2377; x_wconf 87' lang='lat' dir='ltr'>esse</span> <span class='ocrx_word' id='word_1_534' title='bbox 387 2345 486 2387; x_wconf 87' lang='lat' dir='ltr'>dicit,</span> <span class='ocrx_word' id='word_1_535' title='bbox 509 2354 547 2379; x_wconf 90' lang='lat' dir='ltr'>ut</span> <span class='ocrx_word' id='word_1_536' title='bbox 569 2347 753 2390; x_wconf 79' lang='lat' dir='ltr'>ponderet,</span> <span class='ocrx_word' id='word_1_537' title='bbox 780 2347 889 2378; x_wconf 86' lang='lat' dir='ltr'>utrius</span> <span class='ocrx_word' id='word_1_538' title='bbox 912 2358 1072 2378; x_wconf 77' lang='lat' dir='ltr'>maxume</span> <span class='ocrx_word' id='word_1_539' title='bbox 1094 2346 1241 2385; x_wconf 83' lang='lat' dir='ltr'>intersit,</span> <span class='ocrx_word' id='word_1_540' title='bbox 1264 2359 1283 2378; x_wconf 91' lang='lat' dir='ltr'>a</span> <span class='ocrx_word' id='word_1_541' title='bbox 1305 2358 1340 2378; x_wconf 75' lang='lat' dir='ltr'>se</span> <span class='ocrx_word' id='word_1_542' title='bbox 1363 2346 1533 2385; x_wconf 85' lang='lat' dir='ltr'>adiuuari,</span> <span class='ocrx_word' id='word_1_543' title='bbox 1557 2346 1751 2388; x_wconf 85' lang='lat' dir='ltr'>uideatque,</span> <span class='ocrx_word' id='word_1_544' title='bbox 1778 2352 1850 2376; x_wconf 87' lang='lat' dir='ltr'>uter</span> <span class='ocrx_word' id='word_1_545' title='bbox 1873 2358 1947 2377; x_wconf 88' lang='lat' dir='ltr'>ma-</span> 
     </span>
     <span class='ocr_line' id='line_1_43' title="bbox 78 2398 1944 2443; baseline -0.001 -12"><span class='ocrx_word' id='word_1_546' title='bbox 78 2411 183 2432; x_wconf 83' lang='lat' dir='ltr'>xume</span> <span class='ocrx_word' id='word_1_547' title='bbox 204 2399 392 2443; x_wconf 87' lang='lat' dir='ltr'>patrocinio</span> <span class='ocrx_word' id='word_1_548' title='bbox 415 2411 475 2431; x_wconf 90' lang='lat' dir='ltr'>suo</span> <span class='ocrx_word' id='word_1_549' title='bbox 502 2400 660 2443; x_wconf 83' lang='lat' dir='ltr'>indigeat.</span> <span class='ocrx_word' id='word_1_550' title='bbox 702 2401 773 2431; x_wconf 90' lang='lat' dir='ltr'>Iam</span> <span class='ocrx_word' id='word_1_551' title='bbox 800 2400 837 2431; x_wconf 90' lang='lat' dir='ltr'>C.</span> <span class='ocrx_word' id='word_1_552' title='bbox 860 2400 1030 2431; x_wconf 81' lang='lat' dir='ltr'>XXXIII.</span> <span class='ocrx_word' id='word_1_553' title='bbox 1055 2399 1193 2430; x_wconf 88' lang='lat' dir='ltr'>ineunte</span> <span class='ocrx_word' id='word_1_554' title='bbox 1218 2411 1316 2431; x_wconf 89' lang='lat' dir='ltr'>nemo</span> <span class='ocrx_word' id='word_1_555' title='bbox 1339 2412 1408 2431; x_wconf 87' lang='lat' dir='ltr'>non</span> <span class='ocrx_word' id='word_1_556' title='bbox 1431 2398 1613 2441; x_wconf 86' lang='lat' dir='ltr'>intellegit,</span> <span class='ocrx_word' id='word_1_557' title='bbox 1638 2410 1676 2429; x_wconf 89' lang='lat' dir='ltr'>ea</span> <span class='ocrx_word' id='word_1_558' title='bbox 1698 2398 1944 2430; x_wconf 86' lang='lat' dir='ltr'>conmemorari</span> 
     </span>
    </p>
   </div>
  </div>
 </body>
</html>
