2264 2746
669 116 694 145 c
714 115 743 144 A
763 117 800 145 P.
840 115 932 145 XIV.
959 112 985 154 §.
1005 119 1050 147 35.
1069 130 1108 137 -
1126 114 1202 143 XV.
1232 112 1260 154 5.
1287 118 1333 146 36.
1885 119 1936 145 119

61 194 227 228 iudices
265 192 497 230 editicios3
537 190 585 222 de
614 191 746 222 'cuius
772 191 796 232 ¹)
836 189 1003 222 formae
1042 189 1286 221 acerbitate
1323 189 1403 221 iam
1433 199 1575 220 sumus
1610 187 1652 219 in
1682 195 1935 230 argumento

62 246 322 292 praelocuti.
378 243 652 277 Differentia
688 243 828 285 igitur
863 243 1128 275 accusatoris
1167 242 1420 275 ostenditur
1463 240 1566 273 ideo
1603 241 1854 272 inuadentis
1893 241 1937 272 in

62 301 196 343 legem
225 298 459 337 Liciniam,
495 297 607 339 quod
639 296 826 328 ambitus
856 296 1035 340 probari
1064 307 1148 327 non
1177 296 1332 338 possit,
1367 294 1416 326 de
1447 306 1530 337 quo
1553 294 1720 326 iudices
1743 305 1793 325 ex
1816 294 1937 324 reie-

62 353 207 385 ctione
237 350 383 383 haberi
414 350 603 389 soleant,
646 350 865 391 aequalem
897 350 1070 382 scilicet
1107 360 1327 379 numerum
1361 347 1654 379 reicientibus
1696 353 1779 378 tam
1810 358 1937 378 accu-

61 412 209 438 satore
234 415 354 446 quam
381 414 463 434 reo.
510 404 667 436 Uerum
690 409 836 445 specta
859 401 1160 445 diligentius2)
1194 412 1355 433 omnem
1378 406 1626 431 contextum
1649 400 1773 432 huius
1896 401 1936 439 ³),

61 464 105 490 nt
128 457 360 498 intellegas
387 456 579 487 oratorio
608 466 726 486 more
748 455 938 497 speciem
963 454 1169 498 quandam
1192 453 1288 494 ...⁴)
1310 453 1353 484 iu
1377 452 1542 483 modum
1566 452 1937 495 praescriptiuum

59 510 174 542 facta
200 515 379 541 senatus
412 508 608 540 consulti
639 508 882 548 mentione,
920 508 993 551 qui
1014 508 1040 550 ⁵)
1071 506 1308 539 secundum
1332 506 1464 548 legem
1486 505 1703 536 Liciniam
1733 511 1938 547 quattuor

60 563 128 594 edi
158 563 296 595 tribus
327 562 376 593 ab
406 567 659 593 accusatore
690 561 912 601 uoluerit,
960 573 1010 592 ex
1041 560 1198 603 quibus
1232 571 1305 591 reo
1337 559 1493 589 liceret
1526 569 1648 588 unam
1677 556 1938 599 repudiare,

59 622 106 648 ut
135 616 184 648 de
211 615 353 647 tribus
382 614 575 656 reliquis
606 613 801 645 iudicum
834 613 1013 645 haberet
1036 612 1286 644 editionem.
1332 611 1493 642 Tamen
1522 611 1568 641 ab
1599 615 1850 642 accusatore
1878 609 1939 641 sic

58 667 164 699 sieri
195 667 405 706 uoluisse,
444 673 489 698 ut
519 678 586 697 eas
618 666 775 698 ederet
803 678 903 709 quas
933 671 1167 709 corruptas
1191 676 1210 695 a
1233 663 1463 695 candidato
1492 662 1811 693 criminaretur.
1855 661 1940 693 Hic

58 731 162 751 uero
184 720 444 752 Laterensis
475 720 680 751 noluerat
709 719 823 762 ipsas
855 719 1000 760 edere,
1035 717 1190 761 quibus
1214 716 1391 747 dicebat
1412 715 1635 758 pecuniam
1659 715 1815 754 datam3
1849 714 1941 746 uti-

60 785 139 816 que
168 774 384 812 consulte,
415 785 466 804 ne
495 784 587 812 reo,
616 783 635 802 a
659 784 738 814 quo
762 772 989 815 pecuniam
1019 774 1316 813 sumpserant,
1347 768 1499 799 fauore
1522 768 1660 799 tacito
1683 767 1941 809 patrocina-

58 832 228 857 rentur.
274 826 406 867 Quasi
440 837 600 868 negare
639 825 784 867 itaque
823 823 1061 866 temptauit
1098 821 1296 855 accusari
1331 832 1460 864 posse
1491 820 1581 861 lege
1610 819 1779 851 Licinia
1813 819 1940 850 Plan-

61 880 188 919 cium,
221 878 396 921 quando
429 879 518 911 sint
548 878 659 910 aliae
682 877 822 909 tribus
847 877 1008 915 editae,
1042 887 1118 907 nec
1140 876 1245 907 illae
1268 873 1549 918 potissimum
1574 882 1682 913 quae
1704 872 1941 914 sumpsisse

60 931 286 975 pecuniam
316 931 586 971 dicerentur,
621 936 663 962 et
691 942 793 973 quas
824 929 920 961 ideo
952 929 1019 960 uel
1046 929 1232 960 maxime
1261 932 1436 959 senatus
1467 925 1534 957 edi
1562 924 1798 964 uoluisset,
1832 931 1874 955 ut
1902 931 1942 957 et

59 984 309 1016 iudicarent
331 991 370 1016 et
391 983 700 1016 testimonium
723 983 793 1014 uel
816 989 969 1014 contra
990 994 1032 1013 re
1046 994 1108 1013 um
1139 982 1209 1013 uel
1231 993 1308 1025 pro
1331 991 1403 1011 reo
1427 990 1477 1010 ex
1499 978 1597 1021 ipsa
1621 977 1819 1009 ueritate
1842 988 1943 1020 per-

62 1037 283 1076 hiberent,
318 1037 391 1079 qui
424 1037 515 1068 sine
547 1036 675 1067 dubio
707 1035 808 1077 quid
839 1041 950 1067 esset
979 1040 1082 1077 aput
1106 1034 1299 1066 tribules
1328 1044 1426 1064 suos
1450 1037 1638 1074 gestum,
1671 1030 1835 1073 optime
1858 1029 1942 1061 sci-

61 1102 133 1122 ren
143 1096 165 1121 t.
190 1090 352 1121 SCHOLIA
374 1090 634 1122 AMBROSIANA.
678 1089 734 1120 Ex
756 1093 955 1131 argumento
978 1087 1190 1129 interpretis,
1228 1085 1318 1128 quod
1341 1085 1559 1128 palimpsesto
1583 1083 1747 1116 Uaticano
1770 1089 1942 1114 seruatum

59 1142 156 1174 nobis
187 1148 254 1180 cst,
286 1142 367 1173 haec
389 1142 459 1173 eius
482 1141 587 1172 uerba
613 1141 679 1172 huc
702 1141 892 1183 pertinent:
934 1139 1032 1169 Huic
1045 1137 1203 1181 factioni
1225 1140 1428 1170 coercendae
1450 1139 1632 1181 legislator
1655 1137 1799 1169 Crassus
1822 1136 1942 1167 existi-

57 1195 170 1227 mauit
192 1195 297 1227 etiam
314 1206 426 1237 genus
449 1194 574 1227 iudicii
595 1195 704 1226 multo
719 1192 954 1236 periculosius
977 1191 1267 1234 comparandlmz,
1296 1197 1336 1223 ut
1357 1198 1444 1235 aput
1466 1193 1597 1223 iudices
1620 1189 1776 1222 editicios
1799 1200 1942 1220 accusa-

57 1253 197 1287 rentur,
233 1248 273 1280 id
294 1254 344 1279 est
367 1253 406 1280 ut
422 1259 490 1292 pro
520 1248 701 1278 uoluntate
728 1245 941 1277 accusatoris
971 1244 1154 1276 ederentur
1184 1243 1314 1282 tribus,
1351 1256 1391 1276 ex
1419 1244 1542 1287 quibus
1572 1255 1677 1275 unam
1705 1240 1941 1273 tantmnmodo

59 1301 187 1333 reicere
208 1306 324 1344 posset
347 1312 445 1338 rezcs3
480 1299 521 1331 cle
546 1299 691 1343 reliquis
715 1303 831 1330 autem
862 1297 993 1329 z'mlices
1015 1296 1224 1329 haberentur
1246 1297 1366 1340 utique
1389 1296 1609 1340 infestissimi
1632 1305 1773 1327 causam
1795 1292 1943 1324 dicenti-

59 1354 142 1393 Ims,
177 1359 294 1397 utpote
323 1364 406 1395 quos
429 1357 610 1383 accusator
632 1352 679 1383 ad
701 1351 919 1383 uoluntatem
941 1361 1040 1381 snam
1060 1350 1306 1393 praelegisset,
1337 1350 1466 1382 edendo
1497 1362 1554 1380 eas
1571 1347 1793 1392 potissimum
1819 1345 1942 1384 tribas,

58 1419 145 1451 quas
168 1419 224 1439 reo
243 1407 358 1438 minus
383 1417 511 1448 aequas
524 1403 609 1447 fore
630 1404 874 1436 arbitraretur.
918 1401 1008 1435 Uide
1030 1408 1206 1445 praeterea
1228 1414 1313 1445 quae
1335 1414 1395 1445 ego
1422 1401 1590 1445 copiosius
1613 1399 1655 1430 de
1676 1397 1842 1430 iudicibus
1867 1396 1941 1428 edi-

57 1459 145 1491 ticiis
167 1459 300 1502 Proleg.
326 1460 368 1490 L.
391 1459 450 1489 III.
476 1458 514 1489 C.
540 1458 599 1489 III.
625 1457 655 1498 ς.
679 1457 708 1489 5.
732 1468 766 1499 p.
792 1457 968 1490 LXXVII
990 1467 1039 1498 sq.
1063 1455 1192 1487 monui.

145 1513 248 1553 Quod
274 1524 386 1555 genus
419 1510 642 1552 indiciorum)
688 1509 856 1542 Offendor
884 1519 1027 1540 numero
1056 1507 1183 1550 plurali
1210 1508 1307 1540 uerbi
1344 1508 1571 1545 iudiciorum,
1606 1505 1751 1546 ideoque
1777 1509 1836 1535 aut
1863 1514 1941 1534 cum

60 1566 229 1599 Lambino
255 1566 429 1603 indicum,
451 1569 509 1594 aut
530 1564 640 1595 iudici
665 1562 880 1594 scribendum
902 1567 997 1605 putO.
1043 1561 1098 1592 Sic
1120 1563 1150 1602 §.
1174 1562 1225 1604 57.
1247 1562 1420 1595 Acerbum
1442 1561 1579 1593 omnino
1599 1570 1710 1602 genas
1737 1557 1857 1589 italici.

146 1619 186 1650 Si
208 1624 258 1651 est
280 1630 399 1650 aecum
422 1618 496 1649 ulla
519 1617 555 1648 in
582 1628 619 1648 re
639 1616 710 1647 nisi
735 1615 784 1658 in)
829 1615 965 1647 Euertit
985 1615 1187 1646 sententiam
1209 1615 1275 1647 loci
1300 1615 1494 1653 Ernestius,
1527 1612 1585 1655 qui
1609 1623 1651 1642 ex
1673 1621 1861 1652 paucorum
1882 1620 1942 1640 eo-

60 1683 207 1715 rumque
230 1681 465 1714 pessmnorum
488 1669 641 1701 codicum
663 1669 862 1700 auctoritate
884 1669 982 1701 nulla
1005 1667 1150 1710 scripsit,
1173 1668 1374 1711 particulam
1400 1668 1470 1699 nisi
1493 1672 1623 1698 tantum
1645 1669 1722 1707 post
1743 1663 1861 1694 nullus
1883 1666 1942 1692 aut

61 1739 130 1759 non
160 1726 253 1758 alins
283 1725 377 1757 ullus
406 1723 501 1765 sequi
530 1733 628 1765 posse
656 1721 871 1753 contendens.
918 1722 957 1753 In
981 1732 1046 1763 qua
1073 1732 1110 1752 re
1132 1732 1338 1764 magnopere
1368 1720 1489 1751 falsum
1512 1730 1589 1750 eum
1613 1728 1700 1754 esse,
1736 1715 1763 1747 si
1784 1714 1940 1757 pluribus

62 1779 184 1811 docere
214 1777 379 1820 exemplis
409 1776 552 1813 uellem,
586 1774 748 1806 ridiculus
780 1773 933 1817 profecto
963 1785 1080 1806 essem.
1128 1774 1258 1806 Uerum
1286 1773 1423 1805 uidetur
1449 1772 1625 1804 Ernestius
1657 1770 1720 1800 hoc
1744 1767 1854 1798 dicere
1876 1778 1941 1796 uo-

61 1832 182 1872 luisse,
204 1830 407 1874 particulam
428 1829 499 1861 nisi
520 1835 593 1860 tum
613 1833 743 1859 tantum
766 1827 848 1871 poni
872 1839 991 1871 posse,
1023 1838 1100 1858 cum
1125 1838 1210 1869 quae
1234 1832 1426 1870 opponatur
1449 1823 1634 1857 enuntiatio
1657 1820 1858 1854 sententiam
1880 1829 1942 1850 ne-

139 1988 166 2027 1)
204 1988 255 2016 Sic
275 1987 489 2024 Niebuhrius;
510 1986 608 2015 codex
620 1985 730 2024 forma
750 1986 927 2015 acerbitate.

137 2034 167 2072 2)
204 2037 401 2074 Diligentius
429 2046 483 2073 ego
505 2046 544 2063 cx
564 2034 742 2063 coniectura
768 2034 878 2073 scripsi
897 2045 954 2073 pro
975 2034 1137 2071 licentias,
1172 2031 1255 2072 quod
1282 2031 1315 2060 in
1336 2031 1442 2061 codice
1464 2028 1623 2068 scriptum.
1664 2025 1839 2065 Occupauit
1865 2034 1942 2053 con-

62 2084 209 2112 iecturam
229 2094 325 2112 meam
346 2083 549 2112 Niebuhrius.

137 2131 167 2170 3)
206 2132 321 2170 Supple
341 2142 435 2160 unum
456 2132 507 2160 uel
528 2132 588 2160 duo
608 2129 767 2160 uocabula.
806 2129 844 2158 A.
866 2131 983 2159 Mims.

139 2178 171 2217 4)
210 2179 326 2218 Supple
346 2180 500 2208 similiter.
538 2180 578 2209 A.
598 2181 718 2208 Mnus.

139 2226 170 2264 5)
208 2226 269 2254 Pro
291 2230 450 2263 mentione,
470 2230 525 2267 qni
544 2228 577 2256 in
598 2227 704 2256 codice
725 2231 770 2255 est
789 2226 972 2253 mentionem
991 2233 1091 2262 qnae;
1117 2223 1157 2251 A.
1172 2222 1273 2251 Maius
1293 2222 1454 2256 mentione,
1475 2230 1533 2258 qno
1552 2218 1687 2258 scripsit.
1727 2217 1869 2246 Ceterum
1890 2225 1941 2243 re·-

67 2279 115 2303 cte
136 2274 259 2312 quidem
278 2275 396 2304 monuit
418 2276 620 2305 Garatonius:
656 2275 756 2312 „Non
784 2279 904 2302 senatus
930 2273 1029 2311 legem
1049 2276 1171 2300 secutus
1197 2270 1241 2298 ita
1261 2270 1455 2305 decreuerat,
1489 2273 1535 2296 set
1556 2272 1664 2296 contra
1690 2266 1743 2294 lex
1763 2265 1799 2293 de
1819 2268 1941 2291 senatus

67 2321 249 2350 auctoritate
269 2321 306 2350 ad
325 2323 474 2361 populum
493 2325 554 2353 lata
574 2324 617 2352 ita
636 2327 786 2352 sanxerat.
797 2323 814 2338 “
853 2321 970 2350 Uerum
997 2319 1179 2359 interpretis
1205 2318 1279 2346 haec
1299 2317 1424 2346 uidetur
1451 2316 1603 2344 sententia
1623 2325 1705 2343 esse:
1740 2317 1878 2341 senatum
1904 2311 1940 2338 ab

68 2376 277 2405 nccussatore,
315 2370 368 2408 qui
393 2377 572 2410 sequeretur
599 2372 697 2410 legem
729 2369 903 2406 Liciniam,
943 2369 992 2397 edi
1021 2368 1157 2397 uoluisse
1185 2372 1260 2396 etc..
1304 2365 1386 2394 Fide
1414 2364 1535 2402 Proleg.
1561 2364 1598 2393 L.
1625 2363 1681 2391 III.
1710 2363 1743 2391 C.
1772 2361 1827 2389 ΙΙΙ.
1859 2357 1886 2398 §.
1914 2359 1940 2387 3.

70 2429 98 2456 p.
118 2417 298 2446 LXXVIII
318 2428 377 2456 sq..

1156 2161 1172 2180 0
