2264 2746
274 86 309 114 93
920 78 1496 109 COMMENTARIUS.

360 157 396 189 E
417 155 516 188 ciuili
528 153 645 199 ferro)
689 153 743 185 Sic
766 163 810 184 ex
832 152 867 184 A
888 163 952 195 pro
975 153 1111 195 uolgato
1135 166 1152 186 e
1175 154 1276 186 ciuili
1297 166 1414 187 errore
1443 155 1609 198 probante
1630 155 1835 195 Garatonio‚
1873 163 1906 190 et
1929 159 2018 201 quod
2042 161 2149 194 maius

279 216 344 249 est,
379 221 477 241 sensu
502 208 693 250 postulante
714 205 935 237 restituimus.
982 206 1154 248 Conparat
1179 207 1384 239 Garatonius
1407 208 1452 240 X.
1477 208 1519 240 ad
1541 209 1616 241 Att.
1640 208 1670 239 4.
1705 209 1843 252 elapsus
1866 222 1883 242 e
1907 214 2015 245 soceri
2036 215 2151 246 mani-

279 264 340 296 bus
362 276 402 295 ac
416 262 546 305 ferro„
575 259 600 290 I.
631 259 770 290 Tuscul.
800 259 851 290 55.
875 259 989 292 nudus
1013 259 1049 290 in
1072 259 1409 303 seruorum-ferrum
1431 266 1463 292 et
1485 274 1609 294 memus
1637 262 1842 302 incidisset.‚
1881 269 1914 295 et
1936 275 1999 306 pro
2021 266 2151 298 Milone

279 329 306 348 c.
333 328 361 358 7.
387 315 540 359 quotiens
563 322 625 354 ego
649 312 739 354 ipse,
772 312 921 350 indices,
952 324 992 344 ex
1016 312 1058 343 P.
1081 311 1179 344 Clodi
1203 313 1280 344 telis
1305 318 1337 344 et
1360 325 1400 344 ex
1424 316 1574 346 cruentis
1597 316 1670 346 eins
1696 314 1854 346 manibus
1877 315 1998 360 effugi.
2041 318 2153 357 Adde,

279 370 307 400 si
331 380 413 411 opus
437 371 500 403 est,
524 375 587 406 pro
611 363 712 394 domo
739 365 880 403 XXIII,
905 366 955 406 59.
981 366 1136 408 quotiens
1160 378 1199 397 ex
1223 371 1340 397 nostro
1353 364 1457 408 ferro
1480 380 1520 400 ac
1541 367 1699 400 manibus
1726 373 1776 400 est
1798 369 1946 412 elapsus.
1971 375 2005 400 et
2027 368 2069 402 de
2091 371 2154 403 Or.

284 424 348 460 Ill,
372 421 408 458 3,
436 428 483 449 12·
509 416 627 448 ciuilis
640 415 740 460 ferri
761 417 937 450 subeunda
950 418 1032 462 fuit
1055 418 1254 450 crudelitas,

367 481 468 522 Quod
483 479 623 524 fessum
645 481 762 513 inedia
780 480 1018 526 fluctibusque
1040 481 1253 521 recrearunt)
1299 480 1432 522 Quibus
1454 482 1645 526 fluctibus?
1676 495 1752 514 cum
1774 483 1929 514 nondum
1956 496 2050 516 mare
2079 485 2160 519 teti..

281 539 390 580 gisset.
434 535 506 566 Nec
536 533 571 563 in
595 533 654 564 illa
682 533 806 575 palude
836 533 957 566 fluctus
986 541 1097 574 eraut,
1136 533 1171 564 in
1195 545 1260 575 qua
1283 533 1373 565 inter
1402 535 1585 568 arundines
1608 537 1752 575 latebat3
1788 537 1853 568 nisi
1881 538 2026 580 augendi
2048 549 2161 571 caussa

283 586 428 621 oratorie
451 585 497 617 sic
521 585 620 616 dixit.
642 586 868 618 ERNEsTu‘s.
916 589 1020 620 Recte
1037 587 1242 620 Garatonius
1265 587 1407 618 meliora
1433 588 1629 620 Erue-stium
1652 590 1741 621 Plut.
1765 590 1851 622 Mar.
1884 602 1911 621 c.
1941 591 1980 623 56
2008 602 2058 633 sq.
2079 591 2162 623 edo-

282 653 357 673 cere
379 639 529 682 potuisse
551 639 695 670 monuit.
740 639 834 671 Idem
859 641 1063 673 Garatonius
1086 641 1160 672 iure
1184 637 1340 671 dissensit
1362 652 1380 671 a
1404 642 1570 679 Graeuio,
1596 641 1652 683 qui
1677 653 1719 673 ex
1743 643 1863 674 Franci
1886 644 1990 686 primi
2013 644 2163 677 auctori-

283 700 349 725 tate
374 698 452 735 post
468 691 705 736 fluctibusque
729 691 807 723 addi
833 693 1025 737 confectum
1048 694 1169 726 uoluit.
1214 693 1397 725 Fluctibus
1421 701 1479 733 est,
1503 702 1542 726 ut
1564 694 1654 732 alibi,
1668 695 1848 739 fluctuum
1869 697 2075 739 agitatione,
2098 709 2164 741 qua

283 752 373 778 recte
395 745 542 787 aliquem
557 744 696 788 fessum
716 756 815 788 posse
839 746 904 777 dici
927 754 1047 791 sponte
1069 753 1173 791 patet.
1218 746 1289 778 Cfr.
1319 747 1450 790 Proleg.
1475 749 1516 780 L.
1541 748 1584 779 II.
1616 748 1654 778 C.
1679 748 1704 778 Ι.
1733 748 1763 789 §.
1790 760 1836 780 1..

376 809 474 841 Uotis
499 807 748 852 ominibusque)
793 809 882 842 Uide
905 822 989 852 quae
1015 811 1056 842 de
1081 811 1250 854 scriptura
1271 810 1371 842 huius
1395 811 1461 843 loci
1486 811 1618 854 Proleg.
1641 811 1683 842 L.
1706 811 1750 841 ΙΙ.
1775 811 1813 842 C.
1834 811 1861 842 I.
1885 812 1915 853 §.
1939 823 1987 844 11.
2011 811 2166 856 exposui,

283 861 342 895 ubi
367 861 538 893 editorum
561 860 662 891 etiam
685 862 838 893 omnium
861 863 1094 895 adnotationes
1118 865 1268 906 integrae
1290 865 1454 906 repetitae
1476 870 1566 896 sunt.

369 925 471 965 Quod
495 937 548 957 me
570 925 628 956 uel
650 925 849 968 zcipzzl.9111n
871 927 929 958 uel
955 928 1089 959 ratione
1117 927 1302 970 cedentem)
1347 927 1592 959 Prudenter
1623 927 1703 959 hoc
1733 927 1977 969 suspendit,
2015 940 2067 960 ne
2096 934 2167 960 aut

286 980 512 1011 damnatus
534 983 604 1008 aut
629 978 725 1008 exul
752 977 887 1011 fuisse
912 991 1113 1022 umquam
1143 980 1381 1012 uideretur.
1427 980 1478 1011 Et
1507 980 1571 1011 uis
1604 980 1715 1011 enim
1744 980 1928 1023 propior
1958 986 2021 1012 est
2051 980 2168 1012 iniu-

284 1033 374 1064 riae
397 1042 521 1073 quam
546 1030 837 1071 accusationi,
878 1038 917 1063 et
939 1033 1071 1070 ratio,
1112 1045 1190 1075 qua
1212 1045 1254 1065 se
1278 1032 1388 1064 dicit
1410 1033 1616 1064 maluisse
1646 1032 1751 1063 urbe
1772 1032 1995 1073 recedere,
2019 1027 2169 1077 respe-

285 1092 396 1117 ctum
419 1083 624 1116 habuisse
648 1089 798 1126 potest
819 1084 1035 1116 utilitatis
1058 1086 1278 1127 publicae,
1309 1097 1359 1116 ne
1381 1085 1631 1128 periculosa
1658 1085 1810 1117 multis
1833 1085 1996 1117 seditio
2021 1097 2172 1118 moue-

286 1144 420 1169 retur.
445 1137 608 1167 SCIIOLIA
627 1136 886 1168 AMBROSIANA.
932 1138 1051 1180 Inepte
1073 1144 1149 1181 post
1171 1138 1342 1170 cedentem
1364 1139 1518 1170 additum
1542 1139 1688 1182 tempori
1710 1138 1782 1169 uidi
1804 1150 1823 1170 a
1845 1139 1974 1181 Naug.;
2003 1145 2077 1170 tum
2101 1139 2172 1170 eie-
2203 1133 2206 1137 ¹

287 1197 380 1222 ctum
409 1201 428 1220 a
453 1188 620 1220 Lambino
651 1188 852 1230 repetitores
881 1189 973 1221 illius
1002 1191 1150 1233 ineptius
1175 1191 1276 1222 etiam
1298 1192 1516 1223 rettulerunt.
1562 1191 1627 1222 Pro
1653 1190 1753 1223 domo
1779 1203 1830 1224 22.
1863 1193 1950 1236 quid
1971 1192 2086 1236 igitur
2108 1204 2181 1236 ego.

288 1243 399 1275 cessi?
436 1252 499 1283 pro
528 1240 604 1271 Mil.
639 1240 689 1272 54.
721 1252 783 1284 ego
812 1242 930 1274 cedam
961 1249 1064 1286 atque
1093 1243 1211 1282 abibo,
1243 1243 1277 1274 h.
1302 1254 1330 1274 e.
1353 1244 1499 1286 patriam
1524 1243 1725 1285 relinquam.
1771 1245 1936 1277 Similiter
1958 1245 2050 1277 alibi.
2095 1245 2172 1277 Scio

289 1294 447 1337 equidem
468 1304 531 1336 pro
555 1293 650 1324 Sext.
675 1304 726 1336 29.
751 1294 802 1326 50.
828 1294 868 1325 de
891 1307 951 1327 suo
976 1296 1078 1327 exilio
1104 1297 1259 1327 Tullium
1283 1296 1425 1334 dixisse,
1450 1297 1566 1327 cedere
1589 1298 1754 1340 tempori,
1777 1303 1826 1329 set
1848 1297 1965 1329 confer
1989 1309 2045 1329 eos
2068 1292 2171 1336 locos,

290 1353 324 1378 et
345 1346 434 1377 nihil
456 1344 535 1377 huic
559 1345 737 1388 suffragari
763 1347 957 1390 perspicies.
993 1349 1254 1380 GARATONIUS.
1299 1349 1405 1380 Recte
1436 1347 1573 1390 quidem
1597 1348 1699 1379 etiam
1723 1351 1869 1393 tempori
1892 1351 2030 1382 cessisse
2053 1349 2172 1381 Cicero

290 1399 356 1430 dici
378 1404 490 1441 potest
513 1409 589 1429 cum
613 1399 775 1439 exolaret,
801 1406 851 1431 set
874 1400 928 1431 hic
951 1401 1009 1432 ubi
1033 1400 1073 1431 de
1097 1401 1333 1432 beneuolentia
1354 1401 1481 1443 agitur,
1506 1411 1571 1443 qua
1593 1401 1732 1432 exolans
1755 1412 1774 1432 a
1794 1401 1931 1433 Plancio
1954 1401 1998 1433 sit
2017 1408 2175 1444 receptus

290 1453 326 1484 in
349 1451 566 1492 Macedonia,
596 1451 857 1495 ineptissumum
880 1454 958 1485 illut
980 1454 1291 1486 additamentumst.

356 1516 426 1549 His
449 1521 482 1548 et
500 1517 637 1549 senatui
653 1517 852 1561 populoque
865 1517 1036 1560 Romano)
1081 1518 1168 1549 Cum
1192 1518 1396 1550 Garatonius
1420 1518 1455 1549 in
1478 1517 1578 1549 Barb-
1601 1528 1620 1548 a
1642 1516 1753 1560 prima
1774 1528 1820 1548 m.
1845 1518 1875 1550 is
1898 1523 1942 1557 et,
1964 1528 1983 1548 a
2003 1527 2067 1548 sec.
2084 1527 2174 1562 ¹uero

292 1576 324 1602 et
348 1570 378 1601 is
401 1569 566 1612 scriptum
587 1570 809 1612 repperisset,
832 1570 965 1601 monuit
987 1570 1029 1601 ad
1052 1571 1142 1602 hunc
1164 1572 1294 1604 locum:
1325 1571 1445 1610 „Mihi
1467 1568 1621 1613 profecto
1645 1569 1825 1601 ferendum
1847 1571 1902 1602 his
1926 1581 1996 1601 non
2018 1563 2175 1608 uidetur:

292 1622 352 1666 qui
374 1622 465 1654 enim
489 1628 584 1654 erant
616 1622 763 1653 addendi
790 1623 921 1654 senatui
943 1624 1140 1667 populoque
1154 1624 1336 1656 Romano?
1360 1623 1497 1662 iudices,
1521 1622 1684 1662 aduocati,
1710 1633 1834 1654 corona
1856 1622 1967 1655 omnis
1987 1622 2024 1654 in
2045 1622 2174 1656 iislno-

292 1676 440 1708 minibus
464 1675 733 1707 continebantur.
781 1676 875 1717 Quos
898 1677 1070 1719 appellare
1091 1689 1159 1708 non
1185 1677 1380 1720 oportebat,
1413 1688 1455 1707 au
1478 1676 1502 1707 ii
1525 1675 1626 1706 etiam
1656 1681 1751 1706 erant
1778 1681 1855 1707 ante
1886 1669 2039 1708 senatum
2062 1675 2175 1718 ipsum

295 1728 512 1772 appellandi?
556 1727 681 1760 Melius
705 1727 860 1767 dixisset,
886 1730 1026 1772 opinor,
1051 1730 1102 1762 rei
1129 1743 1166 1774 p.
1189 1738 1222 1763 et
1243 1730 1390 1764 senatui.
1435 1729 1493 1760 Set
1513 1728 1598 1759 ferri
1617 1733 1729 1771 potest
1751 1734 1784 1760 et
1809 1729 1859 1767 is,
1889 1729 1945 1760 uel
1968 1729 2082 1772 isque:
2112 1739 2175 1759 ne-

298 1794 362 1823 que
383 1789 497 1813 tamen
519 1793 641 1812 uerum
663 1787 758 1824 puto.
804 1782 930 1814 Cursus
953 1782 1044 1813 enim
1067 1783 1228 1815 orationis
1251 1782 1462 1826 expeditior,
1494 1781 1656 1824 locusque
1682 1780 1822 1812 omnino
1845 1779 1985 1812 nitidior
2006 1779 2080 1819 fiet,
2110 1791 2176 1811 uo·-

301 1835 374 1865 cula
395 1834 455 1865 illa
476 1835 615 1866 sublata.
658 1834 806 1868 Uidetur
831 1836 861 1867 is
886 1835 998 1877 primo
1022 1836 1177 1868 additum
1200 1847 1242 1867 ex
1266 1836 1390 1878 glossa,
1427 1834 1463 1866 in
1485 1835 1539 1867 lzis
1563 1834 1685 1865 deinde
1707 1835 1948 1864 conuersum.“
1990 1832 2089 1865 Nihil
2115 1844 2181 1872 ile-2

302 1887 370 1918 rius
393 1887 560 1930 scriptura
582 1888 726 1930 uolgata.
772 1888 876 1919 Recte
901 1888 1019 1920 Cicero
1042 1888 1186 1928 iudices,
1223 1900 1369 1931 quorum
1400 1887 1673 1918 beneuolentiam
1696 1891 1822 1929 captat,
1858 1884 1971 1928 primo
1994 1885 2070 1916 loco
2093 1896 2176 1916 con-

302 1946 482 1978 memorat,
506 1939 734 1982 discernitque
755 1946 793 1972 ut
815 1940 896 1971 alibi
918 1952 938 1971 a
958 1947 1075 1972 senatu
1097 1942 1294 1985 populoque
1318 1942 1486 1972 Romano.
1531 1939 1621 1972 Uide
1644 1951 1726 1981 quos
1749 1949 1851 1980 supra
1873 1949 1946 1969 eam
1968 1937 2004 1968 in
2026 1949 2099 1969 rem
2122 1937 2176 1969 lo-
2210 1942 2212 1947 '
2251 1977 2252 1982 1

303 2004 356 2024 cos
379 1993 561 2025 adtulimus
585 2005 618 2036 p.
636 1994 675 2025 66
697 2005 746 2035 sq.
774 2000 807 2024 et
829 1992 945 2025 confer
966 1994 1066 2026 huius
1092 2001 1176 2026 orat.
1200 1995 1230 2036 ς.
1247 2006 1316 2029 rh:
1340 1994 1390 2026 Et
1414 2005 1616 2037 quemquam
1633 1997 1741 2036 [notas
1755 1990 1873 2034 fuisse
1895 1996 1966 2023 tam
1989 1991 2176 2029 excordem,
2210 1995 2212 1998 ⁴
2251 1989 2264 2008 ³³³

306 2047 364 2088 qui
387 2047 508 2079 niuis
533 2047 620 2087 lais,
643 2052 788 2079 stante
811 2047 913 2080 urbe
937 2053 978 2080 et
1003 2049 1149 2087 curia,
1174 2048 1369 2080 reclina-mn
1391 2059 1444 2079 me
1466 2048 1497 2080 si
1519 2047 1673 2079 uiuerent
1695 2055 1760 2076 non
1777 2045 1947 2087 putaret?

1124 2169 1194 2204 CA
1204 2170 1243 2204 P.
1295 2170 1359 2205 XI.

394 2258 423 2299 §.
455 2268 504 2298 27.
557 2259 654 2294 Uitia
691 2264 881 2297 mehercule
915 2263 974 2297 Cn.
1006 2262 1132 2295 Planci
1163 2274 1216 2294 res
1246 2261 1323 2303 eae)
1374 2260 1463 2294 Uide
1494 2270 1578 2301 quae
1607 2257 1648 2289 de
1678 2257 1730 2289 his
1760 2257 1872 2289 uerbis
1900 2257 2104 2304 ProlegsL.
2132 2246 2204 2298 II.¹J

309 2311 346 2342 c.
370 2311 396 2341 1.
422 2311 452 2352 ς.
480 2312 527 2342 15.
552 2312 634 2345 dmi.

394 2373 465 2405 Hic
487 2382 537 2406 est
559 2378 659 2418 enim,
683 2381 742 2421 qui
764 2397 806 2404 —
828 2380 974 2413 dilectus
999 2382 1060 2419 est)
1104 2379 1217 2411 Ante
1239 2383 1355 2408 actae
1377 2374 1495 2405 uitae
1519 2371 1671 2404 officia
1695 2379 1978 2405 recensentur
2002 2372 2201 2415 quadamm
