2264 2746
313 58 350 87 78
966 43 1530 75 COMMENTARIUS.

1130 138 1159 172 C
1176 135 1207 171 A
1221 138 1261 172 P.
1306 138 1372 173 VI.

404 230 433 272 §.
461 228 509 260 14.
554 224 659 259 Nihil
679 228 728 255 est
752 222 841 260 iam,
873 220 964 265 quod
980 219 1110 264 populo
1133 219 1364 262 supplicetur,
1394 221 1485 252 nihil
1506 222 1597 265 quod
1618 219 1791 258 diribitio,
1826 218 1916 250 nihil
1939 218 2029 261 quod
2049 217 2184 261 suppli-

318 284 407 317 catio
430 281 717 324 magistratuum,
750 274 961 307 renuntiatio
985 271 1238 316 suffragiorum
1261 272 1470 317 expectetur)
1516 274 1570 304 Sic
1592 273 1646 305 hic
1669 273 1761 304 locus
1782 272 1816 302 iu
1841 270 1995 301 omnibus
2020 270 2189 301 codicibus

318 337 460 379 scriptus
491 336 597 369 extat,
640 328 706 360 nisi
737 326 827 369 quod
853 338 916 369 pro
941 324 1046 356 uerbo
1070 324 1282 357 diribitionis
1317 325 1500 357 deteriores
1530 327 1610 358 libri
1642 326 1810 369 direptio,
1846 336 1933 355 unus
1956 323 2120 361 directio,
2156 327 2190 353 et

318 389 408 423 Uict.
432 399 449 417 a
472 383 654 426 diremptio
678 381 788 413 habet.
833 380 999 421 Reliquae
1024 377 1222 416 uarietates,
1255 390 1334 420 quas
1358 377 1437 409 uide
1460 378 1494 409 in
1519 385 1683 422 apparatu
1706 377 1838 416 critico,
1866 376 1993 407 nullius
2016 381 2095 407 sunt
2116 386 2192 405 mo-

318 440 433 475 menti.
476 436 584 470 Unice
606 446 723 466 ueram
745 439 857 465 autem
881 432 1082 474 scripturam
1105 430 1261 462 diribitio
1289 442 1375 470 esse,
1411 430 1510 462 docui
1532 431 1567 462 in
1591 431 1825 463 dissertatione
1852 429 1892 460 de
1915 428 2021 460 uerbo
2044 427 2193 460 cliribere

319 497 456 536 eiusque
482 489 667 526 cleriuatis,
697 498 781 529 qnae
804 487 963 517 insertast
987 482 1188 526 praefationi
1211 483 1251 514 ad
1277 485 1377 516 Uarr.
1401 484 1509 514 Lectt.
1534 495 1577 515 ex
1601 484 1673 515 cod.
1701 482 1774 515 Erf.
1801 489 1891 514 enot.
1915 494 1949 525 p.
1977 480 2131 513 CXXVI
2151 497 2195 504 —-

320 544 475 580 CLVIII.
523 542 601 582 Quo
624 541 697 571 loco
724 539 801 571 illut
823 549 957 580 quoque
981 537 1248 568 demonstratum
1273 548 1292 567 a
1314 536 1411 567 nobis
1435 543 1498 577 est,
1532 538 1694 570 dirimere
1724 537 1901 581 suffragia
1932 546 2118 576 numquam
2141 545 2194 571 eo,

319 611 383 641 quo
418 596 519 638 uolgo
549 599 705 636 putatur,
746 603 845 623 sensu
874 590 1121 622 dinumerandi
1153 589 1329 634 suffragia
1363 589 1491 621 dictum
1514 601 1534 621 a
1554 589 1716 621 Romanis
1753 601 1834 621 esse.
1879 589 2055 620 Probatast
2081 593 2195 618 autem

318 649 506 682 dissertatio
532 647 591 678 illa
613 644 707 677 omni
733 656 775 675 ex
799 649 894 686 parte
908 643 1111 681 Niebuhrio,
1138 642 1230 674 cuius
1254 642 1322 673 uiri
1344 642 1523 684 singularis
1546 642 1709 674 iudicium
1732 642 1932 684 plurumum
1954 647 2037 684 aput
2058 652 2112 672 me
2134 651 2197 671 ua-

315 705 374 736 let.
419 703 529 734 Nemo
558 699 662 742 igitur
694 698 729 728 in
753 702 928 738 posterum
956 694 1140 734 dubitabit,
1175 695 1257 737 quin
1280 695 1436 727 diribitio
1459 695 1647 728 uerissuma
1668 696 1836 738 scriptura
1862 694 1915 725 sit.
1960 696 2090 727 Uerum
2112 692 2198 724 aliut

317 756 509 788 etiamnunc
531 752 691 784 mendum
715 750 804 781 1111110
833 749 946 780 10011111
976 754 1132 791 000111131,
1179 746 1269 790 (111οᾱ
1297 759 1360 790 per
1388 749 1497 781 01111115
1524 749 1653 781 00(11005
1683 753 1957 791 propagatumst‚
1994 746 2097 777 uerba
2120 745 2195 776 (1100

317 807 525 853 supplicatio
557 805 849 848 magistratuum,
889 813 974 844 (11130
1004 814 1114 844 110(1110
1142 813 1278 832 5011511111
1307 802 1471 843 praebent
1500 808 1635 845 aptum,
1676 812 1804 842 neque,
1845 799 1873 831 si
1903 810 2003 842 quem
2033 798 2196 841 praebere

319 860 484 904 quispiam
508 864 622 901 putet,
649 856 676 887 is
700 855 779 887 huic
801 855 875 886 loco
901 855 972 886 ullo
996 854 1097 886 modo
1121 854 1392 886 accommodatus
1416 861 1475 886 est.
1521 856 1611 887 Nam
1634 854 1843 898 supplicatio
1866 853 1893 884 si
1916 858 2056 895 putatur
2078 861 2198 882 eorum

319 911 516 956 significari,
546 910 604 952 qui
626 913 746 951 rogant
768 907 950 950 populum,
982 914 1020 938 ut
1042 907 1235 946 candidatu,
1268 907 1321 937 0111
1344 907 1495 947 student,
1526 908 1693 939 honorem
1716 918 1817 949 quem
1841 906 1926 949 petit
1950 904 2094 944 deserat,
2122 902 2198 947 pri-

318 978 413 999 mum
435 964 578 995 absurde
597 967 689 1005 patet
711 961 854 992 uerbum
877 962 1150 1003 magistratuum
1173 972 1242 991 esse
1264 960 1434 1000 additum,
1460 972 1536 992 cum
1559 959 1750 992 istiusmodi
1775 960 1905 1002 rogatio
1929 970 1997 990 non
2019 957 2199 999 magistra-—

319 1026 416 1051 tuum
440 1023 588 1055 tantum,
614 1020 682 1053 set,
705 1019 744 1044 ut
766 1019 856 1044 recte
879 1013 1012 1044 monuit
1039 1014 1261 1053 Garatonius,
1286 1014 1433 1045 cuiusuis
1457 1013 1604 1045 hominis
1627 1012 1765 1055 gratiosi
1791 1012 1895 1043 fuerit
1917 1011 2140 1054 pluribusque
2161 1009 2199 1041 in

321 1071 496 1104 ordinibus
525 1068 656 1099 usitata.
706 1065 840 1097 Deinde
874 1065 1009 1107 ineptus
1037 1064 1126 1096 foret
1158 1066 1250 1098 100115
1281 1066 1466 1097 uerborum
1499 1072 1576 1109 post
1608 1066 1843 1098 cliribitionem
1873 1064 2081 1108 positorum,
2120 1073 2199 1093 cum

320 1122 601 1167 supplicationem
630 1120 724 1151 illam
747 1123 823 1148 31110
847 1117 982 1148 comitia
1000 1117 1090 1160 ipsa,
1130 1125 1220 1150 certe
1243 1125 1319 1150 ante
1343 1119 1575 1150 diribitionem
1605 1130 1675 1149 esse
1701 1117 1821 1150 factam
1846 1130 1961 1149 omnes
1984 1116 2100 1148 sciant.
2142 1116 2199 1148 Ne

319 1189 402 1210 uero
427 1172 675 1217 transponenda
697 1176 854 1213 putemus
877 1175 954 1200 ante
978 1171 1121 1202 uerbum
1147 1172 1368 1209 diribitionis,
1391 1171 1455 1202 hoc
1478 1171 1596 1211 obstat,
1625 1170 1715 1212 quod
1739 1182 1807 1202 non
1830 1171 1942 1202 minus
1963 1170 2098 1212 ineptus
2121 1179 2201 1200 sen-

319 1243 374 1263 sus
404 1227 519 1260 existit
547 1223 732 1256 coniunctis
759 1223 871 1254 uerbis
892 1224 1022 1266 populo
1049 1224 1265 1266 supplicetur
1293 1230 1326 1255 et
1355 1225 1563 1267 supplicatio
1592 1224 1886 1266 magistratuum,
1924 1233 2070 1265 quorun]
2098 1221 2200 1264 plane

319 1283 436 1315 eadem
459 1280 501 1311 sit
524 1276 699 1310 sententia.
745 1275 804 1307 Sin
827 1276 931 1306 uerba
954 1275 1163 1318 supplicatio
1186 1277 1461 1319 magistratuum
1483 1288 1560 1307 cum
1582 1275 1735 1307 Ferratio
1760 1276 1848 1318 Epp.
1872 1276 1931 1314 ΙΙΙ,
1954 1276 1984 1307 5.
2007 1286 2041 1317 p.
2068 1275 2124 1306 152
2147 1285 2198 1316 sq.

321 1336 362 1367 de
382 1331 539 1366 sollemni
561 1329 754 1372 precatione
777 1328 865 1367 eius,
894 1327 952 1370 qui
976 1327 1118 1358 1131101131
1141 1328 1295 1367 001111113,
1328 1328 1581 1371 interpretaris,
1612 1328 1717 1358 uerbo
1742 1328 2007 1371 supplicationis
2030 1325 2200 1369 significa-

318 1389 447 1420 tionem
469 1383 607 1421 tribuis,
632 1393 733 1423 quam
754 1393 941 1424 numquam
963 1381 1092 1412 habuit.
1137 1380 1281 1413 Accedit
1304 1381 1411 1422 quod,
1435 1387 1474 1412 ut
1497 1387 1587 1412 recte
1609 1380 1743 1411 monuit
1763 1379 1985 1419 Garatonius,
2008 1378 2200 1410 istiusmodi

319 1439 468 1484 precatio
494 1437 596 1469 unius
620 1440 691 1465 erat
713 1433 943 1475 magistratus,
968 1446 1036 1465 non
1060 1434 1223 1477 plurium.
1269 1434 1386 1476 Itaque
1408 1434 1503 1464 nullo
1526 1440 1623 1476 pacto
1646 1434 1710 1465 isto
1734 1444 1832 1465 sensu
1855 1433 2063 1476 supplicatio
2084 1433 2201 1475 magi-

320 1499 514 1529 stratuum,
550 1494 601 1520 set
623 1493 731 1526 certe,
770 1499 973 1529 quamquam
996 1499 1057 1519 nec
1082 1488 1145 1519 hoc
1168 1486 1289 1527 latine,
1322 1487 1593 1530 supplicationes
1615 1487 1888 1530 magistratuum
1910 1491 1968 1516 aut
1990 1485 2199 1529 supplicatio

321 1545 551 1588 magistratus
580 1540 645 1570 dici
674 1539 836 1582 oportuit.
882 1541 1005 1571 Totam
1035 1547 1147 1572 autem
1170 1539 1370 1571 sententiam
1401 1539 1511 1577 illam,
1548 1545 1586 1570 ut
1608 1540 1694 1582 aptis
1717 1538 1830 1570 uerbis
1863 1537 2070 1569 enuntiatam
2092 1548 2202 1580 pona-

321 1611 414 1637 mus,
455 1601 544 1626 certe
568 1594 642 1624 1000
667 1592 776 1624 alieno
800 1593 1008 1625 conlocatam
1031 1593 1105 1625 fore
1128 1599 1326 1636 apertumst.
1371 1593 1461 1624 Nam
1484 1592 1632 1635 precatio
1656 1592 1732 1629 illa,
1774 1591 1815 1622 de
1839 1603 1904 1633 qua
1934 1590 2057 1633 cogitat
2077 1591 2202 1622 Ferra-

322 1653 409 1690 tius‚
447 1648 546 1680 fiebat
567 1651 645 1689 post
667 1645 954 1677 renuntiationem
980 1659 1116 1687 eorum,
1158 1646 1278 1688 quibus
1300 1645 1448 1689 populus
1471 1644 1684 1687 magistratus
1706 1643 1950 1683 mandauerat,
1982 1649 2021 1674 ut
2042 1648 2143 1686 pates*
2155 1653 2199 1674 ex

324 1717 362 1736 eo
386 1703 459 1746 ipso
483 1701 575 1738 loco,
601 1709 701 1740 quem
724 1698 846 1730 adtulit
869 1699 1056 1737 Ferratius‚
1081 1712 1123 1731 ex
1147 1711 1197 1730 or.
1220 1711 1283 1742 pro
1307 1700 1398 1731 Mur.
1424 1698 1450 1736 I,
1478 1709 1504 1730 1.
1549 1697 1647 1737 Quae
1663 1703 1829 1741 precatus
1852 1710 1927 1729 sum
1949 1709 1971 1729 α
1993 1696 2047 1727 dis
2069 1696 2198 1727 inmor-

326 1757 453 1789 talibus
478 1754 538 1786 illo
563 1752 635 1791 clie,
676 1763 743 1795 quo
767 1753 946 1795 auspicato
970 1753 1119 1784 comitiis
1140 1752 1343 1784 centuriatis
1366 1751 1411 1783 L.
1434 1752 1619 1783 sslurenam
1643 1750 1814 1781 consulem
1840 1749 2057 1787 renuntiant,
2095 1754 2135 1780 ut
2157 1761 2198 1782 ea

328 1822 380 1842 res
407 1807 493 1840 mihi
517 1804 732 1849 —feliciter
759 1805 921 1837 eueniret.
964 1805 1101 1837 Etenim
1130 1804 1242 1836 uerbis
1272 1817 1312 1836 ea
1347 1816 1400 1836 res
1427 1815 1497 1834 non
1524 1808 1635 1846 potest
1658 1802 1837 1844 quicquam
1864 1802 1948 1832 aliut
1975 1800 2200 1843 significatum

329 1873 398 1894 esse
422 1871 521 1902 quam
543 1859 615 1901 ipsa
637 1858 800 1889 Murenae
823 1857 968 1888 consulis
998 1857 1215 1889 renuntiatio.
1260 1858 1377 1899 Itaque
1401 1857 1562 1887 deberent
1584 1856 1688 1887 uerba
1715 1856 1828 1899 suppl.
1850 1866 1986 1898 magg„
2019 1854 2047 1885 si
2069 1854 2201 1898 signifi-

330 1920 443 1946 carent
467 1912 501 1943 id
525 1910 615 1954 quod
638 1916 734 1954 putat
758 1910 948 1949 Ferrarius,
985 1909 1170 1941 necessario
1193 1916 1271 1952 post
1293 1910 1505 1942 renuntiatio
1530 1909 1782 1954 suffragiorum
1813 1907 1990 1940 conlocari.
2035 1908 2095 1939 Sin
2126 1909 2200 1951 quis

332 1967 373 1998 de
394 1965 602 2009 precatione,
627 1975 710 2005 quae
732 1962 805 1993 fieri
831 1963 1006 1994 consueuit
1029 1969 1105 1994 ante
1128 1974 1227 2005 quam
1251 1962 1309 2005 qui
1333 1962 1476 1994 habebat
1499 1962 1634 1993 comitia
1656 1961 1840 1993 centuriata
1861 1961 2028 2004 populum
2050 1962 2200 2003 rogabat,

333 2019 468 2061 cogitet,
492 2016 753 2056 manifestumst,
779 2015 931 2047 debuisse
953 2017 1057 2047 uerba
1078 2016 1138 2048 illa
1159 2022 1235 2047 ante
1257 2016 1401 2047 uerbum
1425 2016 1637 2048 diribitionis
1659 2014 1752 2057 poni.
1797 2014 1854 2045 Set
1877 2020 1914 2045 ut
1937 2020 2046 2046 essent
2067 2014 2115 2046 ibi
2135 2027 2202 2059 po-

331 2072 410 2111 sita,
448 2083 516 2102 non
544 2069 633 2101 foret
661 2069 724 2100 hoc
747 2068 889 2099 latinum
914 2069 1076 2112 loquendi
1101 2081 1215 2112 genus.
1260 2069 1331 2099 Iam
1361 2080 1438 2100 cum
1460 2068 1638 2100 absurdam
1661 2078 1731 2098 esse
1754 2066 1939 2098 uerborum
1961 2067 2099 2099 illorum
2122 2080 2202 2101 sen-

331 2124 472 2158 tentiam
494 2121 809 2161 dmuonstrarhnus,
850 2122 1040 2163 quaeritur,
1081 2128 1196 2153 utrum
1219 2127 1292 2152 orta
1315 2133 1358 2152 ex
1380 2122 1453 2153 aliis
1478 2127 1511 2153 et
1529 2126 1686 2162 corrupta
1707 2130 1768 2162 per
1790 2119 1945 2151 librarios
1969 2132 2057 2160 esse,
2093 2132 2136 2153 an
2156 2122 2198 2154 ab

333 2178 518 2220 interprete
547 2175 659 2206 addita
691 2174 854 2206 censenda
882 2174 960 2206 sint.
1005 2174 1120 2216 Atque
1144 2174 1209 2205 alia
1232 2173 1370 2216 quidem
1393 2186 1510 2206 eorum
1532 2173 1605 2204 loco
1629 2172 1732 2203 uerba
1753 2183 1772 2202 a
1796 2172 1959 2203 Cicerone
1987 2172 2089 2206 fuisse
2113 2176 2199 2207 scri-

332 2236 406 2274 pta,
432 2228 582 2272 primum
606 2234 786 2270 propterea
817 2239 955 2270 prorsus
977 2227 1224 2266 incredibilest,
1259 2227 1350 2269 quod
1380 2227 1609 2258 diribitionem
1638 2225 1684 2255 ita
1706 2225 1971 2267 consequebatur
1992 2228 2198 2261 renuntiatio

333 2281 581 2324 suffragiorum,
605 2286 642 2311 ut
664 2281 752 2311 inter
774 2287 953 2324 utramque
975 2292 1048 2311 rem
1071 2280 1158 2311 nihil
1180 2281 1279 2324 plane
1302 2280 1407 2320 fieret,
1434 2278 1522 2321 quod
1546 2277 1792 2309 conmemorari
1814 2289 1832 2308 a
1854 2278 2015 2310 Cicerone
2036 2281 2197 2323 potuerit.

333 2334 466 2367 Deinde
488 2345 565 2365 cum
593 2333 666 2365 siue
687 2333 756 2364 ulla
777 2334 939 2366 uarietate
961 2334 998 2366 in
1021 2333 1175 2366 omnibus
1199 2333 1367 2365 codicibus
1400 2331 1524 2374 scripta
1548 2330 1782 2374 reperiantur,
1819 2341 1929 2374 neque
1950 2331 2056 2364 ullam
2079 2344 2198 2366 corru-
