2264 2746
265 78 318 105 120
919 71 1492 101 COMMENTARIUS.

263 147 409 190 gatiuam
433 147 611 179 contiueat.
656 147 762 188 quue
780 157 858 177 sane
884 152 1047 178 uerumst.
1097 146 1247 178 Miliume
1270 152 1382 178 tamen
1405 159 1489 190 opus
1513 153 1571 185 est,
1594 152 1632 178 ut
1648 145 1832 177 enuntiatio
1851 147 2003 189 opposita
2024 147 2133 190 ipsam

261 213 331 235 non
354 201 552 243 particulam
576 199 723 229 additam
746 199 877 239 habeat,
901 199 1003 230 modo
1027 198 1165 230 notione
1188 199 1341 241 negatiua
1365 199 1451 231 dicta
1474 200 1527 232 sit.
1572 199 1626 230 Sic
1651 200 1713 230 hac
1734 199 1806 242 ipsa
1828 210 1877 230 or.
1903 200 1940 231 C.
1962 201 2133 233 XXXIII.

266 253 295 293 ς.
326 253 377 285 80.
413 253 554 284 dictum:
588 252 684 291 Qnicl
711 257 760 283 est
788 253 919 295 pietas,
948 253 1018 285 nisi
1049 252 1211 284 noluntas
1240 258 1348 294 grata
1371 253 1407 284 in
1438 254 1623 296 parentes?
1670 253 1746 294 Quo
1777 251 1936 294 pietatem
1956 253 2042 284 nihil
2064 264 2135 286 esse

264 305 362 345 aliut,
396 306 459 336 nisi
487 309 613 344 gratam
641 299 681 333 iu⁴
699 311 854 345 parentes
884 305 1095 336 uoluntatem
1124 302 1298 345 siguificat.
1343 304 1444 336 Adde
1477 306 1567 336 Suet.
1597 306 1687 348 Aug.
1712 306 1741 337 6.
1768 306 1850 337 IInc
1873 306 2034 343 introire,
2067 306 2135 338 nisi

264 358 452 389 necessario
475 362 507 387 et
530 362 638 393 caste,
669 356 793 398 religio
817 363 876 389 est.
920 357 1037 389 Eiusd.
1062 359 1144 390 Ner.
1170 356 1220 387 55.
1246 356 1406 400 Denique
1428 357 1564 390 bustum
1586 360 1659 391 eins
1683 359 1892 401 consaepiri,
1922 359 1991 390 nisi
2013 357 2137 390 humili

265 410 399 452 lenique
428 409 575 440 materia
604 409 767 451 neglexit.
811 409 914 440 Plane
946 422 1027 441 uero
1055 408 1205 440 eiusdem
1235 409 1366 451 generis
1395 416 1494 452 atque
1518 411 1571 442 1110
1594 418 1709 443 noster
1732 412 1824 442 loeus
1846 410 1905 442 ille
1936 416 2002 449 est,
2037 409 2138 452 quem

267 460 468 493 Garatouius
493 472 534 490 ex
559 460 646 491 libro
674 460 714 491 de
738 473 787 491 or.
814 462 960 494 secundo
993 474 1019 493 0.
1044 474 1073 505 9.
1106 463 1135 503 §.
1160 462 1210 493 56.
1235 462 1375 494 adtulit:
1411 469 1473 494 aut
1495 465 1525 495 si
1548 465 1608 496 uia
1631 465 1704 496 ulla
1727 465 1795 496 nisi
1821 463 1862 496 ab
1885 465 1948 496 hac
1971 475 2042 495 una
2063 467 2140 494 arte

267 514 420 546 traditur
440 518 501 544 ant
521 520 805 555 argumentorum
828 522 889 547 ant
913 517 1173 547 sententiarum.
1217 515 1256 546 In
1279 521 1424 557 utroque
1447 515 1521 546 loco
1549 517 1728 555 sententia,
1759 528 1858 558 quam
1884 516 1919 547 111
1941 521 2055 547 mente
2076 515 2140 546 ha-

266 567 321 597 bet
344 565 504 608 scriptor,
529 566 725 607 negatiuast‚
751 573 788 597 nt
811 574 926 599 nostro
950 568 984 598 111
1008 569 1082 599 loco
1105 567 1287 610 significet:
1317 581 1383 600 non
1407 575 1456 600 est
1478 575 1594 601 autem
1615 582 1733 601 aecum
1755 570 1829 601 ulla
1852 569 1888 600 in.
1912 581 1958 606 re,
1982 568 2052 600 nisi
2066 572 2140 605 etc„

266 618 300 649 iu
322 618 401 649 illo:
438 630 504 650 non
529 620 683 651 traditur
704 620 778 651 ulla
807 620 885 658 nia,
918 622 987 652 nisi
1009 621 1051 653 ab
1074 622 1137 653 hac
1160 634 1230 654 una
1251 628 1339 654 arte.
1382 623 1500 664 Itaque
1523 628 1653 653 tantum
1681 622 1790 661 abest,
1823 628 1862 653 ut
1883 621 1983 653 nulla
2004 619 2141 650 iubente

265 670 448 709 latinitate,
484 682 567 712 quae
592 672 726 703 Ernesti
757 673 924 715 opiniost‚
956 674 1204 705 restituendum
1226 674 1288 714 sit,
1322 681 1360 706 ut
1382 686 1401 705 a
1423 674 1588 706 sententia
1610 674 1675 705 loci
1696 686 1835 717 prorsus
1857 674 2047 705 abhorreat.
2090 672 2142 704 Ita

267 724 357 754 euim
379 722 581 766 significaret
604 731 732 763 orator,
760 736 829 756 csse
853 737 935 756 uero
958 725 1041 757 istut
1062 727 1165 758 iudici
1188 739 1292 769 genus
1315 728 1380 758 alia
1403 727 1504 759 etiam
1526 727 1562 758 iu
1580 738 1618 758 re
1640 738 1766 758 aecum.
1789 745 1832 750 —
1873 727 2051 757 Praeterea
2071 735 2140 756 non

267 776 420 808 dubitaui
454 788 496 807 ex
524 776 675 807 codicum
706 778 732 808 Β
758 783 790 809 01
813 778 841 809 Ε
871 779 1070 811 auctoritate
1099 781 1134 812 in
1164 780 1451 823 praepositionem
1481 780 1620 819 addere,
1659 791 1759 822 quam
1790 778 1949 810 Tulliana
1979 775 2142 819 loquendi

267 829 473 861 cousuetudo
503 828 581 859 addi
613 831 772 872 postulat.
820 830 890 862 Cfr.
922 832 1032 863 Praes.
1061 833 1102 864 ad
1132 834 1232 866 Uarr.
1256 835 1365 865 Lectt.
1394 845 1436 864 ex
1467 833 1540 864 cod.
1564 832 1637 864 Erf.
1668 838 1757 863 enot.
1787 843 1821 874 p.
1851 831 1958 863 XVII
1986 842 2076 872 sqq.‚
2109 836 2144 862 et

266 881 345 913 uide
375 881 537 914 Academ.
562 883 591 920 I,
620 884 657 922 5,
690 894 737 925 19.
767 896 874 927 neque
897 885 971 917 nlla
993 887 1064 918 alia
1088 887 1124 918 in
1148 899 1184 918 re
1209 888 1278 918 nisi
1303 888 1343 918 in
1367 893 1496 918 namra
1521 886 1754 930 quaerendum
1778 897 1848 917 esse
1871 884 1952 915 illut
1973 895 2144 916 summum

267 935 400 966 bonnm.
433 934 474 964 de
497 935 571 966 Fin.
594 936 631 966 B.
659 941 692 966 et
714 936 762 967 M.
786 937 837 976 II⁷
861 937 918 976 54,
945 950 1013 969 111.
1038 940 1068 970 si
1091 951 1129 971 ea
1152 940 1286 971 nullam
1308 940 1356 971 ad
1377 940 1486 971 aliam
1506 951 1577 972 rem
1600 940 1669 971 nisi
1691 939 1746 970 acl
1766 938 1981 981 uoluptatem
2003 936 2144 980 conqui-

267 994 404 1021 runtur.
448 988 534 1019 Ibid.
560 989 626 1028 IV,
656 1001 709 1030 17,
733 989 784 1031 47.
815 991 875 1033 qni
897 992 995 1023 nulla
1019 993 1054 1024 in
1078 1004 1114 1024 re
1136 993 1206 1024 nisi
1229 994 1271 1024 in
1295 993 1436 1025 uirtute..
1470 992 1505 1022 111
1529 993 1640 1024 Pison.
1665 992 1754 1030 XX,
1779 991 1830 1022 48.
1858 991 1950 1034 qnod
1969 991 2017 1022 ad
2036 989 2145 1022 nemi-

267 1054 344 1073 nem
366 1042 435 1073 nisi
458 1042 512 1073 nd
534 1042 647 1084 ipsum
671 1048 702 1073 te
722 1043 921 1085 pertineret.
965 1044 1122 1085 Denique
1146 1044 1262 1076 confer
1286 1045 1385 1076 etiam
1409 1046 1541 1088 Proleg.
1565 1046 1606 1076 L.
1630 1045 1673 1076 II.
1699 1045 1736 1076 C.
1760 1045 1786 1075 I.
1812 1045 1840 1086 ς.
1866 1044 1916 1075 8..

351 1095 395 1127 In
417 1096 481 1127 71αο
504 1094 690 1137 tribnat-icc)
734 1096 822 1127 Rem
846 1095 1044 1126 tribuariam
1071 1095 1168 1135 dicit,
1193 1107 1277 1137 quae
1300 1098 1449 1138 pertinet
1470 1098 1511 1129 ad
1534 1097 1653 1137 tribus,
1681 1109 1765 1138 quae
1788 1102 1973 1139 tanguntur
1994 1096 2031 1127 111
2052 1095 2145 1128 iudi-

268 1147 319 1178 cio
344 1147 385 1178 de
407 1146 589 1184 sodaliciis,
615 1153 777 1188 quatenus
801 1159 820 1177 a
845 1159 902 1178 reo
927 1155 1106 1191 corruptae
1130 1149 1393 1180 contenduntur.

353 1201 408 1232 De
431 1201 504 1242 ipso
531 1200 674 1242 deniqne
696 1199 841 1240 ambitu)
887 1200 973 1231 Cum
998 1201 1113 1243 plures
1137 1213 1205 1232 uuo
1230 1201 1271 1232 de
1295 1202 1436 1232 crimine
1458 1201 1547 1243 leges
1572 1207 1699 1240 essent,
1734 1213 1848 1233 earum
1873 1201 2066 1234 nominibus
2089 1213 2146 1233 ac-

268 1253 471 1285 cussationes
503 1252 635 1282 fiebant.
679 1253 797 1293 Itaque
828 1252 991 1294 singulari
1021 1253 1093 1295 lege
1124 1254 1165 1284 de
1195 1253 1361 1285 sodaliciis
1385 1253 1517 1285 Licinia
1539 1253 1692 1284 Plancius
1725 1255 1972 1293 accussabaiur,
2003 1261 2054 1286 set
2081 1256 2146 1287 alia

269 1312 341 1338 erat
373 1305 475 1337 iudici
506 1303 635 1344 forma,
676 1305 705 1336 si
738 1305 810 1347 quis
843 1305 948 1348 ipsius
982 1306 1127 1338 ambitus
1165 1306 1303 1337 1101111110
1340 1305 1579 1347 postularetur.
1636 1306 1821 1348 Propterea
1851 1306 1954 1346 dixit,
1996 1308 2037 1339 de
2072 1309 2146 1352 ipso

269 1359 412 1397 (ambitu,
435 1359 469 1389 h.
487 1369 514 1388 e.
539 1369 615 1388 cum
633 1358 833 1389 nominatim
857 1358 898 1389 de
919 1358 1049 1391 ambitu
1072 1359 1251 1391 iudicatur.
1275 1360 1350 1390 Hoc
1364 1358 1549 1390 Lambinus
1573 1358 1770 1401 intellegens
1793 1358 1926 1400 plenius
1950 1370 2148 1401 expressum

269 1411 404 1451 uoluit,
450 1412 485 1442 in
516 1412 589 1454 ipso
622 1411 766 1454 deniqne
797 1412 926 1443 indicio
963 1414 1004 1445 cle
1031 1414 1174 1446 ambita.
1241 1413 1346 1443 Recta
1384 1410 1633 1453 explanatiost3
1677 1422 1787 1453 neque
1820 1418 1933 1443 tamen
1970 1412 2017 1443 sic
2052 1412 2148 1455 loqui

271 1472 388 1496 contra
418 1464 522 1495 libros
551 1464 659 1495 omnis
691 1464 857 1506 cogendus
889 1471 1013 1497 orator.
1059 1466 1120 1497 Est
1150 1465 1239 1496 enim
1267 1464 1473 1509 βραχυλογία
1505 1475 1609 1505 eaque
1639 1475 1708 1494 11011
1738 1464 1899 1503 obscura,
1946 1476 2022 1495 cum
2049 1464 2148 1496 facile

271 1518 341 1558 rei,
378 1517 418 1548 de
449 1529 514 1560 qua
549 1517 715 1560 disputat,
757 1529 883 1549 nomen
913 1518 1019 1550 cuiuis
1055 1525 1226 1559 occurrat,
1273 1517 1363 1560 quod
1393 1517 1553 1548 omissum
1584 1516 1775 1559 intellegat,
1813 1517 1977 1549 nimirum
2008 1519 2149 1552 iudiciis

271 1583 309 1602 ac
331 1571 475 1614 legibus
520 1571 779 1602 Ginrroxms.

358 1624 413 1656 De
442 1625 515 1667 ipso
547 1625 691 1667 deniqne
720 1624 851 1656 ambitu
883 1625 1099 1656 reiectionem
1119 1624 1210 1668 fieri
1243 1625 1393 1656 noluerit
1426 1625 1580 1656 indicum
1608 1624 1834 1665 alternorum)
1879 1623 2039 1666 Explicat
2067 1624 2148 1656 haec

273 1677 378 1708 uerba
399 1676 512 1718 aliqua
534 1677 664 1707 ratione
686 1677 853 1719 interpres
868 1677 1124 1716 Ambrosianus,
1148 1689 1250 1719 supra
1264 1677 1404 1716 adlatus,
1427 1688 1587 1708 mouens:
1619 1677 1851 1721 „differentia
1874 1678 1986 1720 igitur
2008 1691 2149 1711 accusa-

275 1733 360 1763 toris
382 1730 574 1761 ostenditur
597 1731 671 1761 ideo
694 1730 893 1761 innadentis
916 1731 952 1761 in
978 1731 1087 1773 legem
1111 1731 1305 1769 Liciniam,
1335 1731 1426 1774 qnod
1446 1730 1594 1762 ambitus
1612 1731 1758 1773 probari
1780 1743 1845 1761 non
1865 1731 1993 1773 possit,
2020 1731 2061 1762 de
2083 1742 2149 1774 qno

277 1786 406 1818 indices
437 1795 476 1815 ex
502 1783 682 1814 reiectione
711 1783 830 1814 haberi
860 1784 1011 1823 soleant,
1046 1784 1224 1827 aequalem
1251 1784 1381 1815 scilicet
1403 1795 1584 1815 nnmerum
1607 1783 1824 1815 reicientibus
1858 1789 1928 1814 tant
1952 1789 2149 1815 accusatore

278 1851 380 1881 qnam
403 1839 499 1868 re0.“
543 1836 610 1867 Ista
632 1842 743 1867 autem
768 1836 919 1867 iudicum
941 1836 1151 1867 alternorum
1175 1836 1311 1867 reiectio
1336 1849 1377 1867 ex
1402 1837 1474 1878 lege
1497 1836 1634 1868 Uatinia
1663 1835 1776 1874 fiebat,
1813 1836 1853 1866 de
1879 1847 1942 1877 qua
1966 1836 2084 1867 Cicero
2113 1836 2148 1867 in

278 1891 356 1922 Uat.
381 1889 418 1920 C.
442 1889 505 1919 XI.
531 1890 560 1930 §.
583 1900 652 1930 27.:
691 1890 740 1920 Et
765 1890 926 1932 qnoniam
949 1888 1064 1920 crebro
1093 1902 1259 1933 usurpas,
1294 1891 1404 1933 legem
1428 1896 1459 1921 te
1482 1890 1522 1920 (ἶο
1544 1889 1689 1920 alternis
1712 1890 1864 1921 consiliis
1888 1890 2068 1921 reiciendis
2093 1896 2150 1921 m-

280 1944 370 1975 lisse.
411 1942 468 1975 Ad
492 1954 592 1984 quem
616 1942 743 1980 locum,
779 1942 812 1972 id
837 1947 886 1972 est
908 1941 950 1971 ad
972 1941 1095 1973 uerba:
1132 1943 1342 1985 spoliaretur
1365 1942 1527 1985 beneficio
1555 1949 1586 1974 et
1609 1943 1782 1986 aequitate
1808 1943 1894 1984 legis
1918 1948 2006 1974 inae.
2042 1942 2151 1974 inter-

279 2007 356 2038 pres
371 1996 616 2027 Ambrosianus
640 1996 720 2027 haec
743 1993 936 2026 aduolauit:
959 1995 1069 2038 legem
1092 1996 1228 2038 quidem.
1251 1997 1338 2027 hanc
1359 2007 1426 2027 non
1450 1995 1704 2038 improbabilem
1727 1994 1909 2026 uidebatur
1924 1995 1966 2026 P.
1987 1995 2151 2027 Uatinius

282 2047 319 2078 in
343 2047 520 2079 tribunatu
545 2061 605 2079 sno
624 2060 847 2092 pet-rogasse,
878 2053 917 2079 nt
941 2049 1155 2080 alternorum
1178 2049 1332 2081 indicum
1356 2049 1494 2080 reiectio
1508 2048 1627 2091 fieret.
1670 2046 1757 2079 Uide
1779 2046 1827 2077 ibi
1849 2047 1939 2089 Aug.
1964 2047 2095 2079 Maium
2117 2055 2150 2081 et

281 2099 478 2131 Ernestimn
500 2100 534 2130 in
556 2101 653 2132 Claui
677 2101 745 2132 Cic.
769 2114 794 2132 s.
819 2112 901 2131 uoce
923 2100 1004 2142 legis
1028 2100 1195 2135 Uatiniae.

368 2152 398 2193 §.
420 2152 470 2193 37.
515 2154 672 2186 Huiusce
703 2156 754 2186 rei
785 2155 922 2186 tandem
945 2154 1088 2185 obscura
1117 2152 1285 2196 caassast)
1332 2154 1402 2185 Cur
1426 2153 1582 2185 acerbum
1606 2152 1683 2183 illut
1709 2150 1813 2182 iudici
1834 2163 1938 2194 genus
1960 2158 2092 2185 senatus
2113 2153 2150 2185 in

282 2203 520 2237 sodaliciorum
543 2218 654 2238 caussa
678 2208 828 2238 exerceri
851 2207 1014 2245 uoluerit,
1039 2218 1148 2248 neque
1171 2206 1206 2237 in
1228 2212 1352 2237 ceteras
1376 2217 1502 2237 caussas
1526 2204 1745 2236 transtulerit.

370 2257 454 2289 Cum
478 2259 546 2290 ista
570 2261 602 2290 in
629 2267 750 2291 senata
776 2273 829 2292 res
852 2259 1035 2304 agebatur)
1066 2260 1153 2291 Cum
1177 2259 1238 2290 Cn.
1263 2259 1424 2301 Pompeio
1447 2259 1489 2289 ΙΙ.
1512 2258 1560 2289 Μ.
1583 2257 1716 2289 Licinio
1742 2257 1859 2288 Crasso
1883 2258 1925 2288 II.
1951 2269 2032 2289 coss.
2054 2270 2152 2290 sena·

284 2319 338 2343 tus
369 2310 559 2342 consultum
590 2318 638 2342 est
666 2312 808 2351 sactum,
843 2319 880 2344 ut
909 2313 1134 2344 seuerissuma
1164 2313 1224 2344 ista
1256 2312 1313 2343 lex
1343 2312 1384 2342 de
1413 2310 1579 2342 sodaliciis
1607 2309 1770 2351 ferretur,
1806 2322 1907 2353 quam
1927 2311 1976 2343 M.
1998 2310 2150 2344 Licinius

287 2366 424 2397 Crassus
447 2362 598 2407 pertulit.
643 2364 730 2396 Uide
752 2366 884 2408 Prolcg.
906 2367 948 2398 L.
972 2367 1032 2397 ΙΙΙ.
1057 2366 1094 2397 C.
1118 2366 1178 2397 ΙΙΙ.
1201 2367 1231 2408 §.
1255 2377 1285 2399 2.
1308 2377 1342 2408 p.
1364 2363 1534 2396 LXXV..
