2264 2746
754 140 779 169 C
799 140 828 169 A
849 141 890 170 P.
929 139 1039 168 XXV.
1068 135 1096 177 §.
1123 142 1169 169 so.
1196 143 1241 170 61.
1885 141 1937 167 103

54 218 164 258 iectio,
191 223 249 249 aut
271 216 436 249 correctio
457 216 602 248 istorum
623 222 834 259 expectatur.
880 214 1056 256 Coniunge
1079 224 1156 244 cum
1178 224 1348 256 proxume
1370 210 1597 254 sequentibus,
1625 215 1659 241 et
1679 209 1726 241 sic
1750 209 1936 251 distingue:

53 290 95 297 —
118 272 190 303 loco
212 276 328 303 natus.
372 270 432 302 Set
453 271 536 302 haec
559 282 679 314 quom
699 269 781 313 pari
803 269 875 301 loco
899 269 967 300 orti
990 268 1059 299 sint
1074 266 1341 298 innumerabiles
1363 266 1429 298 alii
1454 264 1636 302 consecuti,
1654 261 1796 306 profers
1812 263 1937 294 trium-

48 325 137 368 phos
163 324 204 357 T.
225 323 317 356 Didi
339 329 372 355 et
394 322 430 355 C.
452 323 570 361 Mari,
607 329 641 355 et
664 323 821 366 quaeris,
855 322 941 367 qaid
961 321 1074 353 simile
1096 320 1132 351 iti
1156 320 1323 351 Plancio.-
1363 319 1384 349 i.
1409 331 1437 349 e.
1461 318 1577 358 inique
1597 315 1684 358 agis,
1718 326 1795 346 cum
1818 314 1936 346 Didius

51 383 181 408 tantum
207 382 240 408 et
263 375 392 407 Marios
415 386 492 406 cum
515 375 651 406 Plancio
675 375 825 414 confers,
858 386 968 416 neque
991 373 1115 415 cogitas
1139 371 1395 403 innumerabilis
1420 382 1526 401 nouos
1550 369 1704 402 homines
1728 368 1767 399 ad
1790 368 1937 399 honores

48 428 262 471 peruenisse,
298 428 357 470 qui
378 439 447 459 non
472 428 600 471 pariter
622 427 722 459 rebus
749 428 849 470 gestis
872 427 1114 458 inclaruerunt.
1145 426 1296 456 BAKIFS.
1344 426 1456 465 Quem
1475 423 1515 454 ab
1536 423 1610 455 aliis
1632 433 1702 454 non
1725 420 1936 452 intellectum

50 482 162 513 locum
190 481 269 512 dicit
296 481 351 512 uir
380 480 512 520 doctus,
549 481 621 523 ipse
652 480 766 523 potius
796 491 866 511 nou
895 478 1078 511 intellexit.
1123 477 1280 509 Minume
1303 476 1393 508 enim
1417 476 1483 507 loci
1507 475 1673 507 sententia
1696 472 1858 513 admittit,
1899 478 1938 503 ut

49 534 170 572 uerba,
201 535 285 566 haec
300 535 387 577 pari
408 552 450 559 —
473 533 664 571 consecuti,
700 543 777 563 cum
800 532 1036 574 sequentibus,
1068 530 1215 573 Profer-s·
1239 530 1452 572 triumphos,
1484 529 1518 559 in
1543 540 1650 560 unum
1672 526 1864 559 membrum
1890 525 1938 556 ita

49 586 313 627 coniungantur,
340 592 379 618 ut
400 586 666 617 conmemoratio
689 586 944 628 triumphorum
967 584 1047 616 Didi
1071 589 1104 614 et
1122 583 1210 614 Mari
1233 589 1414 625 propterea
1438 580 1524 612 sacta
1546 582 1686 620 dicatur,
1714 580 1802 623 quod
1825 578 1937 610 tribu-

48 644 165 669 natum
187 638 254 680 pl„
294 645 526 680 quaesturam,
560 644 594 670 et
615 639 818 670 aedilitatem
839 636 1102 668 innumerabiles
1125 636 1183 666 alii
1209 636 1344 667 Plancio
1368 646 1437 665 non
1460 634 1644 665 nobiliores
1667 632 1837 665 consecuti
1858 632 1936 664 sint.

47 691 137 723 Nam
162 690 424 732 manifestumst‚
451 703 490 723 eo
513 691 654 722 consilio
678 691 831 722 Cassium
854 689 1046 731 triumphos
1072 688 1151 720 Didi
1175 695 1208 719 et
1228 689 1317 720 Mari
1340 698 1621 725 conmemorasse,
1643 693 1682 717 ut
1704 687 1850 724 doceret,
1872 697 1937 716 no·-

49 755 110 774 uos
135 743 310 782 homines,
350 745 408 787 qui
438 744 583 776 maiores
614 751 723 775 essent
750 743 862 786 adepti
891 742 1121 784 magistratus,
1161 747 1199 772 ut
1224 741 1343 772 Didius
1374 746 1407 771 et
1429 739 1576 778 Marius,
1611 745 1700 769 certe
1723 749 1859 778 magnas
1882 749 1936 770 res

47 796 202 839 gessisse,
233 796 276 827 ob
301 809 381 839 quas
404 797 654 840 magistratibus
679 803 790 828 essent
812 795 955 833 adnioti3
992 794 1167 825 Plancium
1191 801 1303 825 autem
1326 792 1413 824 nihil
1439 792 1535 831 dum,
1566 791 1655 833 quod
1678 791 1774 823 laude
1798 792 1937 834 dignum

47 855 148 888 esset,
173 848 299 880 fecisse.
345 850 463 892 Itaque
485 861 610 881 nouam
630 850 731 892 plane
753 849 953 881 sententiam
977 847 1152 879 continent
1176 847 1268 887 haec,
1292 857 1377 889 quae
1401 844 1520 876 Cicero
1544 844 1683 875 ineunte
1706 846 1736 886 §.
1752 846 1802 875 61.
1821 856 1839 874 a
1854 844 1938 875 Cas-

46 902 96 935 sio
119 902 206 933 dicta
227 901 352 942 refert,
391 914 468 934 cum
490 903 527 934 in
549 903 820 934 antecedentibus
856 901 945 932 male
975 899 1128 932 Cassium
1164 900 1373 932 contendisse
1395 898 1675 937 demonstrasset,
1706 898 1936 935 Laterensem,

47 955 136 998 quod
157 967 290 987 summo
314 956 388 987 loco
411 962 509 988 natus
534 962 638 995 esset,
662 955 798 987 Plancio
822 954 925 986 fuisse
945 953 1229 995 anteponendum.
1276 951 1374 986 Unde
1396 949 1624 992 intellegitur,
1654 949 1767 980 uerbis
1789 947 1936 989 Prosers

47 1015 110 1040 etc.
139 1007 325 1040 necessario
360 1020 488 1040 nouom
518 1008 672 1040 incohari
694 1007 887 1040 membrum
909 1006 1040 1037 debere.
1085 1008 1208 1048 Neque
1231 1017 1313 1036 uero
1336 1004 1408 1035 ulla
1431 1003 1467 1034 111
1492 1002 1658 1045 particula
1680 1008 1730 1034 set
1754 1000 1936 1039 offelisiost,

48 1073 114 1104 qua
143 1061 309 1104 particula
332 1062 451 1093 Cicero
480 1062 545 1093 hoc
573 1060 754 1104 significat:
792 1070 902 1100 neque
933 1070 1015 1089 uero
1039 1059 1195 1091 Plancius
1224 1059 1316 1090 solus
1339 1058 1400 1089 hos
1424 1057 1572 1088 honores
1598 1054 1753 1097 quamuis
1778 1052 1936 1096 ignobilis

47 1114 186 1156 adeptus
211 1120 278 1154 est,
309 1126 431 1146 uerum
455 1114 514 1145 alii
537 1114 638 1146 etiam
659 1112 823 1156 permulti
850 1111 922 1154 pari
945 1112 1018 1143 loco
1043 1113 1120 1144 orti.

134 1167 164 1208 ς.
187 1167 239 1198 61.
285 1166 433 1211 Profers
456 1168 648 1211 triumphos
676 1166 716 1198 Τ.
738 1165 829 1197 Didi
851 1170 883 1196 et
905 1166 940 1199 C.
963 1167 1072 1208 illari)
1119 1166 1264 1199 Uidetur
1286 1164 1385 1195 illum
1407 1162 1549 1194 Didium
1571 1161 1786 1204 intellegere,
1818 1158 1876 1201 qui
1898 1158 1938 1189 de

47 1219 227 1252 Scordiscis
250 1220 477 1263 triumphauit
498 1232 587 1251 anno
611 1221 655 1253 U.
680 1220 718 1251 C.
743 1219 833 1257 641„
857 1220 950 1250 cuius
974 1219 1132 1251 meminit
1155 1219 1274 1250 Cicero
1300 1217 1335 1248 111
1357 1216 1423 1248 Pis.
1448 1227 1475 1246 c.
1501 1216 1571 1246 25..
1597 1215 1805 1246 GRAEUFS.
1847 1212 1939 1243 Fue-

46 1278 146 1311 runt,
184 1272 466 1314 quemadmodum
495 1273 533 1304 C.
564 1272 673 1312 blari,
709 1273 756 1303 ita
785 1272 887 1303 etiam
916 1272 958 1303 T.
989 1272 1070 1304 Didi
1100 1273 1165 1303 duo
1197 1269 1383 1312 triumphi,
1425 1278 1572 1310 quorum
1603 1266 1767 1298 secundus
1796 1264 1938 1296 omissus

48 1337 68 1357 a
91 1324 258 1365 Graeuio,
291 1325 328 1356 111
350 1325 473 1357 tabulis
497 1325 698 1367 Capitolinis
722 1326 771 1356 ed.
795 1325 908 1356 Piran.
931 1337 1025 1356 num.
1046 1327 1088 1357 L.
1114 1324 1161 1356 sic
1182 1329 1338 1354 notatur:
1377 1331 1411 1352 T.
1436 1330 1577 1352 DIDIUS.
1609 1330 1645 1351 T.
1668 1329 1701 1350 F.
1726 1327 1805 1349 SEX.
1835 1325 1870 1348 N.
1893 1316 1938 1347 ΙΙ.

48 1387 202 1410 Pnocos.
233 1387 294 1408 Ex.
323 1387 511 1409 nlsmxn.
542 1387 576 1409 A.
605 1379 750 1410 DCLX.
781 1387 830 1408 DE
864 1388 1119 1410 cmcnxnmns.
1152 1378 1228 1408 IIII.
1261 1385 1358 1406 IDUS.
1390 1383 1485 1405 ΠΝ..
1531 1372 1660 1405 Consul
1683 1371 1738 1402 hic
1761 1370 1827 1401 suit
1848 1380 1937 1400 anno

47 1431 192 1463 DCLV.
221 1430 308 1471 [656.
332 1431 464 1471 Alm.],
503 1437 642 1473 praetor
666 1437 779 1462 autem
802 1443 890 1462 anno
915 1431 1187 1463 DCXXXVIII.
1212 1429 1315 1461 fuisse
1338 1439 1357 1458 a
1378 1427 1498 1469 Pighio
1525 1426 1692 1464 creditur,
1732 1429 1765 1454 et
1786 1423 1936 1454 lauream

46 1482 298 1516 Macedonicam
321 1494 364 1514 ex
386 1489 544 1526 praetura
566 1490 763 1516 consecutus
784 1496 873 1515 anno
890 1485 1054 1516 DCXL..
1099 1484 1247 1516 Miratur
1269 1482 1328 1513 ille
1352 1480 1487 1522 quidem
1510 1485 1561 1511 tot
1582 1490 1687 1509 annos
1712 1475 1851 1507 iacuisse
1873 1475 1938 1506 ho-

46 1537 175 1569 minem
198 1535 461 1579 triumphalem3
498 1542 549 1568 set
570 1537 617 1568 ita
638 1537 757 1568 iubent
779 1537 986 1568 existumare
1008 1549 1061 1568 res
1085 1537 1155 1568 eius
1173 1542 1284 1578 gestae
1307 1540 1424 1565 contra
1447 1532 1636 1564 Scordiscos
1660 1530 1750 1561 inter
1773 1529 1936 1560 Catonem

49 1591 127 1622 Cos.
149 1600 238 1620 anno
261 1589 501 1620 DCXXXIX.
526 1596 559 1621 et
581 1591 734 1622 Drusum
758 1591 835 1622 Cos.
859 1601 947 1621 anno
970 1589 1132 1621 DCXLI.
1154 1599 1173 1618 a
1195 1588 1299 1618 Floro
1323 1588 1392 1627 III,
1415 1591 1445 1623 4.
1470 1586 1672 1617 conlocatae.
1716 1583 1766 1615 At
1789 1592 1849 1623 ego
1873 1592 1938 1623 PO-

47 1642 115 1675 tius
140 1642 307 1681 arbitror,
342 1640 481 1673 confusa
512 1642 616 1674 fuisse
644 1655 664 1674 a
685 1644 789 1675 Floro
818 1649 989 1685 tempora;
1038 1641 1239 1685 praesertim
1270 1652 1346 1671 cum
1374 1639 1520 1671 Liuiana
1549 1637 1710 1680 Epitome
1732 1635 1862 1667 LXIII.
1898 1633 1938 1664 de

51 1697 199 1734 Catone,
234 1694 292 1736 qui
315 1706 427 1726 caesus
450 1694 531 1735 fuit,
562 1702 596 1727 et
619 1696 659 1727 de
680 1698 814 1737 Druso,
839 1696 897 1739 qui
919 1695 1008 1726 idem
1032 1695 1179 1726 creditur
1201 1693 1446 1736 triumphasse,
1479 1701 1754 1727 conmemorans,
1786 1687 1872 1719 nihil
1898 1686 1937 1718 de

48 1749 91 1780 Τ.
114 1748 216 1780 Didio
238 1749 452 1791 interponat,
475 1750 569 1781 cuius
592 1749 807 1781 certissumus
831 1755 880 1780 est
901 1748 1108 1791 triumphus.
1154 1748 1280 1779 Eadem
1303 1747 1362 1777 lib.
1385 1746 1500 1777 LXV.
1524 1744 1563 1775 de
1585 1742 1737 1775 Minucio
1761 1741 1838 1783 agit,
1862 1746 1939 1783 post

49 1813 152 1844 quem
183 1801 276 1832 locus
307 1808 356 1833 est
383 1802 487 1834 Didio
525 1802 746 1834 uerisimilior
783 1802 871 1833 circa
900 1813 953 1832 an.
987 1802 1118 1833 DCL..
1163 1801 1255 1833 Male
1286 1801 1427 1832 Marcus
1457 1798 1590 1830 Didius
1618 1801 1759 1827 uocatur
1792 1795 1827 1825 111
1856 1793 1936 1826 Rufi

48 1853 202 1885 Breuiar.
235 1865 262 1885 0.
296 1855 356 1886 [X.
388 1861 422 1886 et
451 1855 486 1887 111
515 1856 632 1888 Amln.
663 1856 816 1887 Marcell.
846 1855 1009 1894 XXVII,
1040 1854 1088 1893 4.,
1123 1860 1214 1885 recte
1246 1854 1345 1884 Titus
1387 1863 1407 1882 a
1436 1850 1602 1882 Frontino
1633 1849 1735 1879 Sti-at.
1766 1848 1799 1887 I,
1836 1847 1873 1884 8,
1906 1848 1936 1878 5.

49 1907 93 1946 ΙΙ,
122 1918 170 1947 10,
197 1918 225 1938 1.
251 1908 512 1940 GARATONJUS.
562 1909 664 1940 Titus
685 1908 721 1939 iu
743 1907 835 1939 fastis
859 1907 981 1938 dicitur
1004 1907 1105 1938 etiam
1129 1906 1330 1949 Capitolinis
1354 1911 1387 1936 et
1409 1916 1462 1947 ap.
1485 1903 1611 1934 Murat.
1628 1902 1731 1932 Thes.
1755 1901 1781 1932 Ι.
1805 1911 1839 1943 p.
1853 1911 1937 1942 290„

50 1961 133 1993 item
155 1972 209 2003 ap.
233 1960 357 1993 Uellei.
382 1961 510 1993 Patere.
536 1963 585 2000 ΙΙ,
621 1963 689 2001 16.,
729 1961 880 2003 Appian.
903 1960 1003 2002 Hisp.
1027 1972 1054 1991 c-
1079 1971 1148 2002 99„
1192 1960 1333 1992 Tullius
1364 1969 1446 1988 uero
1470 1956 1596 1988 habent
1617 1954 1792 1986 Almelou.
1832 1959 1865 1984 et
1887 1953 1935 1983 St.

49 2014 171 2047 Allais.
197 2014 400 2046 ORELLIUS.
447 2016 607 2046 Ceterum
629 2014 748 2046 Didius
771 2025 838 2044 una
864 2025 940 2045 cum
955 2013 1066 2045 Mario
1090 2013 1188 2044 nouis
1211 2011 1405 2043 hominibus
1428 2022 1447 2040 a
1462 2008 1578 2040 Tullio
1602 2019 1665 2050 pro
1679 2007 1770 2038 Mur.
1789 2006 1936 2038 C.VIII.

52 2068 83 2109 ς.
111 2078 158 2108 17.
181 2073 385 2098 accensetur.
433 2067 637 2099 Garatonius
661 2073 836 2109 praeterea
857 2066 893 2097 in
916 2067 1015 2098 Curis
1039 2066 1199 2098 Secundis
1225 2065 1264 2096 de
1288 2065 1352 2096 1100
1374 2065 1416 2095 T.
1434 2063 1535 2095 Didio
1558 2062 1715 2093 libellum
1738 2066 1855 2091 extare
1876 2059 1936 2091 Bi-

51 2120 160 2152 mardi
182 2120 244 2158 ait,
268 2132 369 2161 quem
392 2133 578 2163 numquam
600 2120 735 2151 uiderit.
778 2121 901 2160 Neque
926 2131 986 2161 ego
1010 2119 1089 2150 uidi.

137 2174 330 2217 Propterea
351 2175 583 2217 magistratus
606 2174 777 2217 ceperint,
803 2173 894 2217 qaod
917 2173 1195 2216 triumpharant,
1226 2177 1258 2203 et
1280 2183 1364 2209 non,
1398 2171 1480 2214 quia
1503 2167 1666 2201 conmissi
1688 2171 1769 2198 sunt
1791 2165 1836 2197 iis
1861 2177 1936 2196 ma-

49 2228 247 2271 gistratus,
280 2226 316 2257 ia
338 2227 459 2270 quibas
483 2240 519 2260 re
544 2228 624 2260 bene
644 2233 745 2270 gesta
769 2227 1037 2270 triumpharent)
1083 2225 1137 2256 Sic
1163 2225 1217 2256 1110
1241 2225 1333 2255 locus
1356 2223 1391 2253 111
1415 2222 1563 2265 optumis
1588 2219 1678 2251 codd.
1702 2218 1846 2261 scriptus
1873 2228 1937 2247 ex·-

51 2287 111 2313 tat.
156 2279 289 2319 „Totus
311 2278 367 2310 hic
390 2280 484 2312 locus
508 2281 543 2312 in
561 2281 648 2313 Mso.
671 2280 718 2311 ita
741 2280 882 2321 legitur:
903 2285 1087 2323 propterea
1112 2277 1378 2320 magistratibus
1392 2276 1535 2320 suerint
1562 2273 1674 2316 digni,
1698 2272 1789 2316 qnod
1810 2271 1935 2302 trium-

48 2335 228 2380 pharunt>
251 2337 283 2363 el
306 2345 373 2364 non
395 2335 478 2377 quia
500 2335 661 2367 conmissi
682 2339 763 2365 sunt
786 2333 830 2364 iis
852 2333 1102 2376 magistratus,
1126 2332 1160 2362 in
1185 2331 1229 2361 iis
1253 2342 1289 2361 re
1312 2330 1392 2362 bene
1412 2334 1513 2371 gesta
1537 2325 1798 2369 triumpharint.
1830 2323 1934 2354 Paulo

0 2382 1 2429 l
52 2393 140 2431 post,
175 2385 316 2418 Metello
338 2386 400 2418 lzoc
422 2388 628 2432 inperatore,
666 2387 700 2419 in
725 2387 812 2419 Mso.
835 2398 905 2417 nou
928 2392 978 2417 est
1003 2385 1185 2417 Metell0.“
1208 2384 1245 2415 F.
1272 2384 1449 2416 Unsmrs.
1495 2381 1667 2413 Sententia
1697 2379 1763 2410 loci
1796 2375 1934 2407 omniuo

50 2439 196 2482 requirit
218 2437 284 2469 tale
307 2438 395 2480 quid,
419 2441 516 2482 quale
536 2441 602 2473 fuit
623 2441 659 2472 iu
678 2441 793 2474 Ursini
815 2440 914 2471 libro.
959 2440 1049 2471 Nam
1063 2437 1254 2470 Laterensis
1279 2435 1426 2478 [Cassius
1439 2434 1565 2477 potius]
1590 2433 1739 2464 dixerat:
1767 2431 1808 2461 T.
1824 2430 1932 2461 Grac-

1457 2493 1492 2520 33
1507 2490 1519 2503 *
