2264 2746
648 124 753 154 CAP.
792 125 920 154 XXIV.
947 123 974 164 §.
997 129 1041 156 58.
1076 139 1113 146 —-
1132 125 1242 155 XXV.
1271 124 1297 165 §.
1324 133 1370 159 60.
1898 137 1951 163 159

150 198 187 231 A
207 199 291 230 Ioue
314 197 424 240 ortus)
468 198 591 230 Atreus
617 198 769 238 suluisse,
794 199 884 230 Iouis
906 211 1086 242 pronepos
1130 200 1212 231 Ioue
1235 201 1326 232 enim
1350 201 1528 240 Tantalus,
1555 202 1697 233 Tantalo
1722 203 1858 246 Pelops,
1886 205 1950 236 Pe-

65 250 144 293 lope
169 251 293 283 Atreus
318 258 412 282 natus
427 257 483 289 est,
508 263 609 293 quem
633 258 751 294 poetae
773 252 947 283 scelestum
973 258 1072 294 atque
1086 252 1219 295 inpium
1243 253 1388 295 fingunt3
1412 254 1569 286 historiae
1594 256 1728 298 ingenio
1754 257 1950 288 excelluisse

65 309 95 334 et
118 303 197 334 solis
221 304 372 346 eclipsim
397 304 602 347 praedixisse
623 312 768 336 narrant.
801 305 1016 337 MANUTIUS.

150 357 259 389 Nosti
281 363 403 389 cetera.
448 357 612 399 ΆΤΟΙιηεΡ)
656 357 779 399 INIagna
810 369 886 388 cum
917 357 1094 388 acerbitate
1125 357 1206 388 baec
1234 358 1338 389 uerba
1360 358 1443 390 dicta
1466 366 1552 391 sunt.
1596 361 1666 391 Iam
1691 361 1781 392 enim
1806 361 1845 391 ad
1868 362 1950 393 Cas-

64 408 153 440 sium
175 409 343 451 pertinere
365 409 438 441 Atti
460 409 519 440 illa
541 410 661 449 uerba,
696 422 780 452 quae
802 417 876 453 post,
903 411 998 442 honis
1022 410 1259 452 sequebantur,
1294 412 1352 449 id,
1387 413 1478 454 quod
1500 414 1602 444 multi
1625 414 1806 446 innidecznt
1827 415 1950 446 multi-

65 474 130 504 que
153 468 333 505 expetant,
363 462 536 493 inscitiast
559 464 764 501 postulare,
791 463 822 493 si
845 462 994 494 laborem
1018 475 1152 494 summa
1176 475 1253 493 cum
1275 476 1360 495 cum
1383 465 1515 506 mseras
1538 467 1709 504 bullum,
1740 473 1822 498 tecte
1844 468 1948 509 signi-

64 513 155 554 ficar,
178 526 255 545 cum
277 515 312 545 iu
334 514 601 546 antecedentibus
624 522 751 547 tantum
778 527 812 546 se
835 515 904 546 filio
931 527 991 545 suo
1015 526 1070 553 ea,
1098 526 1182 556 quae
1205 515 1317 547 Attius
1339 516 1520 558 scripserit,
1551 519 1658 550 solere
1682 520 1874 562 praecipere
1897 521 1950 551 di-

62 567 176 598 xisset.
222 567 365 609 Egregie
387 567 487 609 igitur
511 568 602 600 Cassi
625 569 793 608 animum,
818 580 837 599 a
862 579 928 610 quo
952 566 1118 597 lacessitus
1142 568 1439 611 interrogatuscple,
1464 576 1575 602 utrum
1600 573 1661 603 sibi
1688 579 1826 615 putaret,
1852 574 1948 615 equi-

63 618 103 650 tis
126 619 169 650 R.
195 618 282 658 filio,
315 619 503 651 faciliorem
528 620 630 652 fuisse
652 622 690 652 ad
713 621 938 664 adipiscendos
962 620 1108 651 honores
1130 620 1239 660 uiam,
1276 633 1318 652 an
1342 622 1489 653 futuram
1514 634 1583 654 esse
1606 625 1676 656 filio
1700 637 1779 664 suo,
1816 626 1873 667 qui
1897 625 1949 656 fa-

61 671 157 702 milia
179 672 345 703 consulari
369 679 470 711 esset,
497 675 653 716 repungit
676 675 738 713 ita,
764 680 795 705 ut
820 675 1055 711 Laterensem,
1087 684 1186 714 quem
1210 680 1347 715 propter
1370 675 1475 706 solam
1498 676 1663 708 maiorum
1688 690 1824 708 suorum
1848 678 1949 709 nobi-

61 723 188 754 litatem
209 724 250 754 ad
273 736 421 756 summos
444 726 589 757 bonores
613 727 711 758 euebi
735 727 885 757 debuisse
908 725 1123 767 significarat,
1157 726 1316 757 stultitiae
1336 734 1507 769 coarguat,
1540 740 1634 768 cum,
1667 732 1947 770 quemadmodum

60 782 159 818 poeta
182 776 285 817 dicat,
322 777 451 809 inscitia
473 778 514 809 sit
536 779 586 817 id,
624 780 711 821 quod
731 779 829 810 multi
852 784 1028 821 expetant,
1062 779 1248 819 postulare,
1284 780 1311 810 si
1336 780 1469 812 nullum
1493 780 1643 812 laborem
1667 783 1801 814 ecferas.
1849 785 1947 816 Cete-

61 840 137 860 rum
160 829 235 860 uide
259 841 343 871 quae
367 832 406 861 de
430 831 589 873 scriptura
614 832 713 863 huius
736 831 800 862 loci
826 831 955 872 Proleg.
979 832 1020 862 L.
1043 831 1086 861 ΙΙ.
1112 832 1150 862 C.
1174 831 1216 862 Π.
1240 843 1274 874 p.
1298 832 1382 863 LVI
1405 844 1477 874 sqq.
1501 834 1707 865 monuimus.

147 883 280 914 Grauis
310 889 342 914 et
372 884 586 927 ingeniosus)
632 885 742 926 Uolgo
778 884 866 914 male
896 886 956 917 ille
986 890 1061 927 post
1086 885 1213 926 grauis
1243 884 1381 916 additur.
1429 886 1515 918 Uide
1544 887 1676 928 Proleg.
1708 888 1750 919 L.
1779 888 1822 918 II.
1851 890 1888 920 C.
1920 890 1945 920 1.

62 935 92 976 §.
116 935 146 966 6.
170 947 204 978 p.
228 936 419 967 XXXIII..

144 988 268 1029 Poeta)
312 988 436 1020 Attius.
482 988 554 1020 Csr.
580 988 780 1020 Garatonius
809 989 848 1019 ad
879 1000 928 1019 or.
953 989 1035 1019 Sest.
1064 989 1102 1020 C.
1125 988 1293 1019 XLVIII.
1317 1001 1351 1031 p.
1375 1000 1448 1022 201.
1475 990 1524 1020 ed.
1550 992 1678 1034 Neap..
1701 1009 1743 1014 —
1790 992 1946 1024 Ceterum

60 1051 120 1071 cur
137 1041 297 1084 scripsit,
331 1040 418 1081 quod
442 1047 515 1082 post
538 1052 662 1072 nomen
680 1047 805 1084 poetae
826 1041 862 1071 in
885 1041 1052 1072 codicibus
1077 1040 1260 1084 repetitur,
1298 1043 1585 1085 expunxerimus,
1622 1045 1790 1076 monitum
1813 1045 1944 1088 Proleg.

59 1093 101 1124 L.
125 1093 168 1123 Π.
196 1093 234 1124 C.
258 1092 301 1123 ΙΙ.
323 1103 356 1134 p.
380 1093 459 1124 LX.
483 1099 542 1124 est.

142 1145 193 1176 Et
224 1145 271 1176 ad
298 1145 449 1189 laudem)
496 1146 565 1177 Cur
594 1146 642 1178 acl
670 1153 746 1177 ante
776 1146 914 1178 laudem
941 1157 985 1178 ex
1019 1147 1042 1178 B
1068 1152 1099 1177 et
1121 1146 1150 1177 E
1180 1146 1386 1189 receperim,
1422 1148 1554 1191 Proleg.
1582 1149 1625 1180 L.
1655 1149 1698 1180 ΙΙ.
1730 1150 1768 1181 C.
1797 1151 1823 1182 Ι.
1852 1153 1882 1194 §.
1913 1153 1942 1185 8.

57 1207 92 1239 p.
114 1197 227 1228 XLII.
252 1198 406 1239 exposui.

142 1251 172 1291 ς.
197 1250 247 1282 60.
294 1250 353 1283 (Ill.
377 1250 563 1294 Scipionis)
608 1250 691 1282 Eius
715 1250 870 1289 fortasse,
897 1250 950 1281 cui
972 1251 1106 1284 Asinae
1128 1263 1314 1294 cognomen
1340 1251 1421 1292 suit3
1445 1252 1502 1294 qui
1525 1260 1600 1296 post
1624 1254 1768 1286 alterum
1790 1256 1945 1287 consula-

57 1308 129 1334 tum
152 1303 192 1333 de
214 1302 334 1334 Poenis
358 1303 589 1346 triumphauit.
635 1304 851 1334 MANUTIUS.

142 1356 245 1396 Quod
273 1357 305 1388 ei
337 1358 452 1388 minus
485 1356 715 1396 inm'cleretur)
761 1355 865 1386 Patris
894 1356 985 1387 enim
1015 1358 1118 1399 gratia
1146 1356 1250 1388 factus
1280 1357 1466 1397 uideretur3
1500 1370 1590 1390 nunc
1613 1360 1662 1400 ei,
1697 1359 1774 1402 quia
1799 1361 1942 1401 equestri

57 1408 132 1440 loco
154 1414 250 1439 natus
272 1409 472 1439 aedilitatem
498 1408 694 1443 obtinuerit,
728 1407 907 1439 inuidetur.
952 1409 1167 1440 BIANUTlUS.

143 1460 287 1492 Gloriae
316 1461 486 1504 dispares)
531 1461 740 1492 Forcellinus
770 1460 803 1491 in
829 1472 862 1491 u.
882 1461 1020 1504 gloriae
1050 1467 1079 1492 et
1103 1462 1233 1492 Ernest.
1266 1462 1305 1492 ad
1328 1462 1434 1493 Tacit.
1458 1463 1552 1494 Ann.
1575 1464 1609 1501 5,
1637 1464 1689 1495 45.
1717 1465 1854 1507 gloriae
1877 1476 1942 1495 nu-

55 1524 188 1544 merum
211 1513 376 1555 pluralem
401 1525 469 1544 esse
492 1514 627 1552 uolunt,
654 1520 699 1544 set
724 1514 918 1545 concinnius
942 1521 989 1545 est
1010 1520 1160 1556 repetere
1184 1525 1226 1544 ex
1249 1514 1538 1556 praecedentibus:
1569 1517 1706 1559 gloriae
1728 1517 1845 1559 gradus
1869 1519 1942 1550 dis-

54 1578 170 1610 pares,
215 1566 418 1597 ORELLIUS.
463 1567 727 1605 Manifestumst‚
762 1567 900 1610 gloriae
935 1578 1047 1598 casum
1077 1577 1146 1597 esse
1168 1566 1364 1607 genitiuom.
1411 1569 1567 1600 Ceterum
1593 1570 1708 1601 confer
1730 1581 1792 1612 pro
1818 1571 1940 1602 Milon.

59 1619 98 1649 C.
122 1619 279 1650 XXXV.
305 1619 334 1660 §.
359 1630 410 1661 97.
437 1621 526 1652 lianc
549 1618 718 1663 (gloriam)
742 1621 888 1664 (lenique
906 1632 994 1659 esse,
1017 1621 1116 1652 cuius
1137 1619 1308 1661 gradibus
1331 1621 1436 1653 etiam
1458 1622 1609 1654 homines
1633 1624 1668 1654 isc
1688 1624 1820 1655 caelum
1843 1624 1941 1656 uide-

58 1676 179 1704 rentur
203 1672 395 1703 ascendere.

842 1759 871 1793 C
897 1758 930 1793 A
956 1759 995 1793 P.
1033 1760 1155 1795 XXV.

144 1835 206 1866 M’.
229 1831 346 1875 Curio)
375 1831 466 1862 Male
488 1831 522 1862 in
545 1831 711 1862 codicibus
735 1837 763 1862 et
786 1831 841 1862 hic
866 1837 896 1862 et
918 1831 998 1862 alibi
1022 1832 1175 1863 scribitur
1198 1834 1248 1865 M.
1271 1833 1407 1866 Curius.
1450 1833 1506 1865 Est
1530 1840 1640 1865 autem
1664 1834 1718 1864 bic
1739 1835 1938 1877 intellegen-

57 1888 116 1918 dus
139 1887 199 1918 Μ’.
225 1885 346 1917 Curius
369 1885 546 1920 Dentatus,
578 1884 635 1924 qui
658 1884 838 1915 secundum
861 1884 977 1914 consul
1000 1896 1053 1916 an.
1078 1896 1111 1915 u.
1135 1885 1208 1927 479·
1234 1886 1400 1927 Pyrrhum
1425 1898 1536 1928 regem
1560 1886 1649 1917 uicit.
1696 1887 1766 1918 Csr.
1793 1888 1837 1919 A.
1861 1888 1938 1919 Ma-

58 1941 127 1971 ium
155 1939 193 1970 ad
221 1938 289 1969 Cic.
321 1938 359 1967 de
384 1938 434 1968 Re
456 1947 489 1978 p.
511 1937 576 1975 ΙΙΙ,
607 1937 637 1968 5.
677 1942 709 1967 et
731 1936 857 1968 scholia
878 1936 1000 1968 Ambr.
1031 1937 1070 1968 ad
1099 1950 1148 1969 or.
1179 1950 1240 1981 pro
1264 1939 1300 1969 P.
1325 1939 1419 1970 Sulla
1451 1940 1488 1970 (Ἃ
1514 1940 1591 1970 VH.
1621 1951 1655 1983 p.
1682 1940 1751 1971 154.
1782 1940 1832 1970 ed.
1854 1941 1935 1972 Mai.

58 2003 121 2023 sec.
146 1990 261 2031 ibique
286 1990 427 2021 Maium.

141 2044 177 2076 C.
200 2043 372 2081 Fabricio)
418 2041 473 2073 Est
506 2042 543 2072 C.
567 2040 737 2072 Fabricius
760 2041 943 2081 Luscinus,
980 2042 1038 2083 qui
1068 2043 1249 2074 secuudum
1276 2044 1393 2075 consul
1421 2055 1451 2075 a.
1480 2056 1514 2075 u.
1544 2044 1617 2086 476.
1646 2045 1838 2088 perfugam,
1877 2047 1934 2088 qui

59 2097 191 2141 Pyrrho
214 2095 283 2137 regi
307 2106 476 2125 uenenum
500 2106 533 2125 se
554 2094 707 2125 daturum
731 2094 947 2135 promiserat,
969 2095 1039 2137 regi
1063 2095 1127 2137 ipsi
1150 2096 1290 2128 tradidit.

145 2149 180 2181 C.
202 2149 335 2188 Duilio)
381 2148 471 2179 Male
495 2146 528 2177 in
548 2146 640 2177 libris
663 2147 707 2178 P.
729 2146 872 2178 Duellio
895 2148 1010 2187 scribi,
1033 2149 1190 2179 uiderunt
1211 2148 1278 2180 iam
1300 2149 1453 2189 Ursinus,
1476 2148 1657 2187 Manutius,
1684 2151 1932 2194 Ernestiusque.

60 2201 308 2238 BIanisestumst
338 2200 445 2239 enim,
487 2199 664 2241 significari
691 2199 745 2231 hic
769 2200 806 2231 C.
830 2200 927 2231 illum
951 2201 1125 2241 Duilium,
1162 2202 1219 2243 qui
1249 2214 1278 2232 a.
1303 2214 1335 2232 u.
1365 2202 1438 2244 494.
1468 2202 1582 2232 consul
1610 2203 1765 2234 aduersus
1795 2205 1933 2235 classem

60 2256 252 2286 Poenorum
276 2263 434 2294 prospere
456 2252 634 2294 pugnauit,
673 2252 870 2294 primusque
899 2253 1050 2283 omnium
1075 2254 1308 2286 Romanorum
1339 2254 1458 2285 ducum
1483 2255 1610 2286 naualis
1633 2255 1790 2287 uictoriae
1812 2257 1933 2288 trium-

60 2308 166 2351 phum
190 2305 295 2336 duxit.
342 2304 395 2336 Ob
419 2317 519 2347 quam
542 2317 613 2336 rem
636 2312 816 2347 perpetuus
839 2305 869 2336 ei
892 2304 999 2335 honos
1022 2306 1152 2338 babitus
1172 2314 1235 2347 est,
1278 2314 1312 2338 ut
1334 2307 1513 2338 reuertenti
1540 2319 1558 2338 a
1581 2319 1682 2338 coena
1704 2309 1854 2340 tibicines
1877 2321 1932 2340 ca-

62 2365 179 2391 nerent
211 2364 238 2388 et
270 2357 383 2387 funale
412 2358 647 2399 praeferretur.
693 2357 762 2389 Csr.
788 2357 974 2400 Glandorpi
999 2358 1171 2390 Onomast.
1202 2371 1235 2402 p.
1260 2360 1319 2403 509
1345 2372 1393 2402 sq.
1438 2361 1513 2400 „At
1542 2371 1662 2402 magna
1691 2368 1735 2392 est
1759 2361 1930 2392 difficultas

63 2413 97 2444 in
122 2411 258 2443 nomine
281 2410 470 2452 [Duellio],
512 2422 611 2452 quam
634 2410 847 2452 interpretes,
885 2411 980 2442 nullo
1003 2411 1057 2442 hic
1079 2412 1288 2444 dissentiente
1310 2413 1439 2453 codice,
1475 2424 1543 2444 non
1571 2413 1766 2456 adtigeruut.
1809 2416 1930 2456 Neque
