2264 2746
698 127 722 156 C
743 126 771 154 A
792 127 829 155 P.
868 125 912 155 X.
932 123 958 165 §.
983 129 1027 157 26.
1047 141 1085 147 --
1105 125 1163 154 XI.
1184 124 1211 165 ς.
1233 131 1277 157 27.
1894 130 1929 156 99

44 207 237 241 subiecta
259 200 542 238 α’ναὸιπλώσει
563 202 590 246 ¹)
618 206 873 234 numerante
896 207 1089 241 oratore,
1123 201 1283 244 quibus
1307 200 1416 232 locis
1443 199 1687 242 quibusque
1710 198 1928 240 tempori—

49 261 139 299 bus,
168 265 208 290 et
231 257 470 289 cuiusmodi
503 256 699 287 uirorum
732 253 893 285 iudicio
925 254 993 284 Cn.
1018 253 1166 286 Planci
1198 266 1338 286 mores
1370 252 1641 296 comprobati
1664 251 1761 283 sint.
1807 250 1923 291 Quod

46 313 187 357 ipsum
217 311 361 344 statim
391 309 632 352 uigilanter
661 319 758 350 erga
780 318 1013 350 personam
1037 307 1251 350 Torquati
1273 306 1405 345 facit,
1447 306 1570 337 cuius
1593 304 1858 347 grauitatem
1886 309 1927 334 et

46 363 382 399 sanctimoniam
407 373 490 393 non
513 361 651 393 otiose
672 359 943 393 testificatus
968 366 1050 400 est,
1076 361 1147 392 sed
1172 373 1250 403 quo
1273 359 1412 401 magis
1439 358 1645 390 Plancius
1671 363 1924 395 ornaretur,

47 430 168 461 quem
195 415 480 448 familiariter
508 415 588 446 ille
621 413 845 446 dilexerit.
891 414 941 444 Et
965 413 1168 455 quoniam
1191 414 1440 455 Torquatus
1470 412 1581 442 idem
1608 422 1817 454 praesens
1845 421 1925 440 11011

47 477 155 510 erat,
189 470 231 501 in
261 468 351 500 eius
382 467 620 511 patruelem
650 466 963 499 conferendam
993 466 1167 509 putauit
1201 466 1334 497 uicem
1365 463 1628 503 testimonii,
1668 469 1711 495 ut
1740 463 1924 507 perinde

45 524 305 562 haberetur,
357 527 487 562 atque
523 519 560 551 si
602 520 768 552 adesset
809 519 860 559 is,
907 518 1033 550 cuius
1077 518 1273 550 ualidior
1318 523 1429 549 esset
1469 516 1716 548 auctoritas.
1762 517 1923 547 ScnomA

44 574 304 610 AMBROSIANA.
347 575 428 605 Nou
450 572 552 604 modo
577 580 628 605 est
651 573 765 614 deleo,
795 571 886 614 quod
908 571 944 602 in
966 572 1048 603 Bau.
1073 571 1185 611 deest,
1216 583 1354 610 uerum,
1384 569 1474 612 quod
1499 581 1704 611 consequens
1727 575 1791 607 cst,
1823 568 1923 599 etiam

44 631 124 674 qni,
158 634 198 660 ut
225 633 364 670 optume
392 625 492 657 lectio
522 626 760 658 constituatur:
790 626 846 657 liic
873 625 965 657 ellim
993 625 1271 657 adulescentulus
1300 636 1377 656 cnm
1404 624 1449 657 A.
1484 623 1659 665 Torquato
1682 622 1864 665 profectus
1887 622 1923 653 in

43 683 224 726 Africam,
248 680 297 713 sic
318 678 361 711 ab
384 678 445 710 illo
468 697 511 703 —-
533 680 679 712 dilectus
703 685 771 717 est,
794 683 833 710 ut
856 683 939 708 010..
985 678 1144 709 Tulliana
1166 677 1373 708 consuetudo
1398 676 1444 707 sic
1466 674 1625 719 postulat.
1662 675 1921 706 GARATONIUS.

42 734 133 769 Uide
156 744 241 776 quae
264 731 397 774 Proleg.
420 732 461 763 L.
486 732 512 763 Ι.
538 732 576 764 C.
598 733 658 764 III.
684 733 713 774 ς.
739 731 769 763 4.
794 737 827 762 01
849 731 891 762 L.
915 731 958 762 II.
985 731 1023 762 C.
1047 731 1074 762 Ι.
1101 731 1131 772 §.
1153 730 1183 762 4.
1208 736 1325 761 contra
1349 727 1574 761 Garatonium
1596 727 1725 758 monui.

128 792 215 825 Fuit
245 792 281 823 in
314 790 415 823 Creta
443 796 563 834 postea
593 790 847 823 contubernalis
876 788 1063 820 Saturnini
1068 814 1079 828 ,
1113 788 1307 832 propinqui
1335 788 1406 828 sui,
1446 787 1545 819 miles
1575 786 1678 818 huius
1709 786 1749 825 Q.
1773 784 1920 827 llletelli)

44 846 299 879 Gratiosum
317 843 345 886 ²)
367 842 509 875 fuisse
531 842 681 874 uideri
704 845 896 885 poterat,
931 840 965 872 si
989 840 1270 872 adseueraret
1294 852 1387 872 eum
1410 839 1650 872 Saturnino
1672 838 1920 882 propinquo

42 910 117 931 suo
140 896 379 940 placuisse3
401 895 557 927 maluit
581 894 629 926 ad
652 894 864 926 iudicium
889 894 932 935 Q.
957 894 1135 925 Metelli
1161 893 1410 936 confugere,
1434 899 1479 924 ut
1500 903 1600 922 uere
1623 891 1807 934 cognitis
1830 891 1920 921 uir-

41 951 218 983 tutibus
249 948 397 979 Planci
429 947 755 979 existimauerit
787 945 1117 978 adulescentem
1150 958 1227 990 per
1265 945 1406 977 omnia
1433 945 1809 988 spectatissimum.
1856 943 1921 974 Si-

43 1002 233 1047 gnificat
255 1007 395 1032 autem
419 1001 460 1042 Q
484 1001 728 1039 Metellum,
760 998 833 1041 qui
857 999 1055 1031 Creticus
1085 999 1419 1042 cognominatus
1447 1004 1526 1038 est,
1558 998 1672 1030 bello
1696 1003 1794 1041 aput
1818 997 1921 1028 Cre-

42 1063 125 1088 tam
148 1054 351 1086 feliciter
376 1058 506 1094 gesto.
553 1052 703 1084 Omnia
725 1052 827 1084 haec
850 1053 1035 1095 sunt...³)
1081 1053 1243 1084 ScnoLIA
1267 1052 1526 1083 AMBROSIANA.

127 1106 324 1146 Saturnini)
353 1105 422 1147 Qui
444 1105 582 1136 uidetur
603 1117 680 1136 cum
704 1106 747 1147 Q.
771 1103 930 1143 Metello,
956 1104 1008 1135 cui
1031 1111 1147 1147 postea
1171 1104 1296 1136 Cretici
1320 1115 1506 1146 cognomen
1528 1115 1547 1135 a
1568 1104 1668 1136 Creta
1692 1103 1824 1135 deuicta
1845 1101 1920 1142 fuit,

41 1167 198 1206 quaestor
219 1158 342 1196 suisse3
370 1158 497 1200 legatus
521 1157 612 1188 enim
635 1169 704 1189 non
726 1157 808 1196 fuit,
842 1157 920 1198 quia
942 1158 1044 1200 legati
1067 1156 1155 1189 infra
1177 1157 1409 1188 nominantur.
1456 1157 1670 1188 MANUTIt‘s.

123 1214 244 1247 Huius
267 1212 310 1252 Q.
332 1211 480 1254 Metelli)
513 1211 618 1242 Recte
649 1211 713 1242 hoc
739 1222 781 1241 ex
805 1209 879 1240 loco
903 1211 1060 1243 Norisius
1086 1212 1204 1242 Cenot.
1228 1209 1338 1241 Pisan.
1363 1209 1389 1240 I.
1413 1210 1442 1240 5.
1467 1210 1632 1252 conlegit,
1663 1208 1790 1240 uixisse
1813 1208 1920 1240 adhuc

38 1267 220 1302 Metellum
244 1265 415 1296 Creticum
440 1269 518 1307 post
541 1263 709 1295 orationes
736 1274 800 1306 pro
827 1261 928 1293 domo
965 1270 998 1294 et
1030 1264 1070 1295 de
1094 1265 1178 1295 Har.
1201 1264 1305 1306 Resp.
1330 1262 1470 1294 habitas.
1516 1261 1642 1294 Confer
1665 1261 1707 1293 ad
1731 1273 1758 1292 c.
1781 1262 1833 1303 47.
1857 1273 1919 1304 pro

38 1321 140 1353 domo
184 1317 387 1351 Ferratium·
442 1317 702 1348 GARATONIUS·
767 1315 941 1348 Manutius
978 1317 1020 1358 Q.
1053 1317 1233 1349 Metellum
1273 1316 1329 1348 uel
1358 1316 1560 1348 aduocatum
1598 1315 1655 1346 uel
1684 1315 1832 1346 iudicem
1860 1314 1920 1345 ad-

38 1373 142 1406 fuisse
164 1371 309 1403 monuit.

124 1424 189 1456 Cm?
211 1436 288 1455 cum
301 1422 421 1467 fuerit
436 1421 729 1467 probatisszmzus)
773 1421 861 1453 Cum
884 1427 981 1453 antea
1005 1423 1128 1466 quibus
1151 1423 1332 1465 legeretur,
1357 1423 1393 1454 id
1416 1424 1527 1467 ipsum
1551 1428 1663 1453 autem
1684 1432 1794 1463 neque
1818 1426 1920 1463 optu-

38 1489 175 1510 morum
201 1487 311 1517 neque
332 1476 572 1518 plurumorum
596 1474 749 1506 codicum
771 1474 970 1505 auctoritate
992 1476 1177 1514 niteretur,
1208 1476 1424 1508 scribendum
1447 1478 1503 1509 cui
1525 1475 1659 1519 putaui,
1689 1473 1780 1517 quod
1803 1479 1919 1516 aperte

37 1530 231 1563 scholiastes
261 1529 383 1561 Ambr.
406 1529 504 1571 legit,
534 1539 694 1560 monens:
726 1528 852 1560 maluit
874 1529 922 1560 acl
943 1529 1113 1562 izcclicimn
1135 1529 1176 1570 Q.
1199 1530 1335 1562 Metelli
1357 1529 1544 1574 confingere
1567 1536 1645 1561 etc..
1690 1526 1761 1560 Cfr.
1785 1527 1918 1568 Proleg.

39 1584 81 1615 L.
105 1583 131 1614 I.
157 1583 194 1614 C.
216 1582 275 1613 ΙΙΙ.
301 1583 331 1624 §.
354 1582 384 1614 8.
407 1593 441 1625 p.
464 1582 582 1613 XXII.
597 1604 605 1612 .

127 1635 161 1668 C.
191 1635 372 1677 Sacerdos)
417 1636 557 1666 Praetor
587 1633 651 1665 fuit
684 1645 766 1674 ann.
796 1635 1065 1667 DCLXXVIII.
1097 1633 1182 1677 (679.
1213 1634 1339 1677 Alm.),
1370 1640 1409 1666 ut
1438 1646 1480 1666 ex
1502 1634 1658 1668 Uerrinis
1688 1632 1917 1677 cognoscitur,

40 1688 163 1721 deinde
186 1700 253 1720 non
277 1689 400 1731 exiguo
423 1687 604 1719 interuallo
627 1687 754 1729 legatus
777 1689 966 1730 praetorius
981 1689 1023 1729 Q.
1039 1688 1171 1720 Metelli
1188 1688 1312 1720 Cretici
1335 1700 1412 1719 ann.
1427 1688 1680 1720 DCLXXXV.
1704 1687 1789 1730 (686.
1807 1683 1917 1726 Alm.)

41 1748 75 1773 et
103 1741 143 1772 ab
179 1753 216 1772 ea
244 1741 412 1788 legatione
442 1753 597 1773 reuersus
631 1741 842 1772 consulatum
865 1741 988 1784 petiuit
1013 1753 1088 1773 cum
1113 1742 1276 1773 Cicerone
1298 1753 1386 1773 anno
1409 1741 1699 1779 DCLXXXLX‘„
1736 1745 1773 1770 ut
1803 1742 1918 1769 narrat

40 1793 209 1826 Asconius
238 1794 274 1825 iu
298 1806 366 1836 arg.
391 1800 474 1825 orat.
499 1795 535 1826 in
559 1800 641 1837 toga
664 1794 830 1832 candida,
867 1794 907 1825 ab
935 1794 1073 1836 eiusque
1106 1794 1274 1826 consulari
1302 1794 1437 1837 repulsa
1468 1793 1740 1835 undeuigesimus
1768 1791 1823 1823 hic
1845 1795 1917 1821 erat

41 1857 157 1878 annus.
214 1847 290 1878 Nisi
328 1847 417 1878 forte
457 1847 524 1878 duo
557 1846 687 1878 suerint
724 1846 843 1877 eodem
880 1852 1034 1889 tempore
1073 1848 1110 1880 C.
1146 1848 1272 1880 Licinii
1310 1847 1525 1886 Sacerdotes,
1568 1846 1666 1877 ambo
1702 1844 1915 1886 magistratus

39 1899 162 1942 adepti.
208 1901 467 1932 GARATONIUS.

124 1953 168 1986 L.
191 1954 352 1993 Flaccus)
386 1954 417 1984 Is
441 1959 505 1992 est,
531 1964 631 1995 quem
654 1952 789 1984 Tullius
811 1953 1020 1995 praetorium
1045 1953 1256 1993 defenderat,
1285 1952 1326 1984 de
1349 1965 1415 1996 quo
1439 1952 1474 1983 in
1498 1951 1650 1983 oratione
1671 1962 1735 1994 pro
1758 1951 1830 1993 ipso
1854 1950 1916 1981 ha-

39 2005 109 2037 bita
140 2017 167 2036 c.
191 2007 238 2038 5.:
278 2007 419 2039 Bellum
441 2006 598 2039 Cretense
621 2019 661 2038 ex
683 2018 812 2049 magna
830 2012 934 2049 parte
954 2008 1084 2050 gessit,
1121 2013 1224 2051 atque
1246 2019 1317 2039 mm
1339 2019 1416 2038 cnm
1437 2017 1567 2037 summo
1591 2006 1785 2048 inperatore
1809 2003 1915 2035 susti-

40 2059 140 2097 nuit3
176 2058 371 2101 ibidemque
401 2071 427 2090 c.
453 2060 518 2091 26.:
559 2059 681 2102 quibus
712 2059 795 2090 locis
817 2071 927 2103 nuper
952 2061 1089 2104 legatus
1115 2061 1160 2093 L.
1182 2060 1329 2092 Flaccus
1358 2061 1553 2103 inperatore
1574 2058 1716 2090 ,Metello
1739 2055 1913 2101 praefuit·

38 2111 155 2153 Atque
177 2111 232 2142 hic
253 2111 378 2144 iudicio
400 2112 667 2155 repetundarum
690 2111 861 2143 absolutus
885 2112 921 2144 in
943 2113 1177 2145 Macedoniam
1200 2113 1327 2155 legatus
1350 2113 1392 2144 L.
1408 2111 1522 2143 Pisoni
1544 2110 1739 2154 proconsuli
1761 2115 1810 2141 est
1832 2120 1915 2151 pro-

116 2283 143 2322 1)
179 2285 240 2313 Pro
261 2285 357 2314 uerbo
376 2296 502 2325 graeco,
522 2288 604 2327 quod
624 2288 730 2327 posuit
748 2288 865 2323 Maius,
886 2299 1015 2318 uacuum
1038 2290 1170 2329 spatium
1189 2289 1223 2319 in
1243 2290 1358 2318 codice.

116 2331 146 2371 2)
185 2333 258 2360 Non
278 2334 394 2371 probO,
432 2337 513 2375 quod
533 2337 633 2365 Maius
661 2342 731 2365 ante
755 2339 944 2375 gratiosum,
964 2339 1051 2367 nullo
1072 2339 1105 2367 in
1126 2339 1232 2367 codice
1251 2337 1362 2367 relicto
1383 2347 1479 2366 uacuo
1499 2336 1614 2376 spatio,
1634 2336 1778 2375 quoniam
1797 2333 1910 2372 posuit.

41 2380 143 2409 Multo
163 2381 355 2419 probabilius
376 2388 435 2419 est,
455 2385 537 2414 inter
557 2387 669 2414 maluit
690 2390 721 2413 et
741 2386 785 2412 (ul
802 2385 953 2413 excidisse
974 2388 1088 2424 imque.
1241 2381 1243 2385 ¹

115 2428 145 2466 3)
184 2429 322 2467 Spatium
344 2429 472 2460 duorum
491 2443 636 2461 uersuum
656 2433 688 2461 111
710 2433 815 2461 codice
836 2433 889 2461 uix
910 2434 973 2462 ulla
992 2435 1169 2463 coniectura
1187 2433 1378 2473 replendum.
1409 2433 1492 2462 Avo.
1512 2433 1631 2461 MAlrs.

1441 2483 1497 2514 25*
