2264 2746
239 87 291 112 212
941 68 1512 97 COMMENTARIUS.

242 152 449 191 tlzridatico,
484 156 521 180 ut
545 159 615 190 cap.
638 147 701 178 XI.
724 144 764 175 de
784 154 884 186 prou.
907 154 997 174 cons.
1020 141 1116 178 dicit,
1153 142 1388 186 duplicatam,
1420 143 1455 175 h.
1478 154 1508 174 e.
1529 142 1660 175 dierum
1689 142 1812 186 duplo,
1847 155 1948 186 quam
1969 145 2109 185 solebat,

242 206 395 251 plurium
420 199 656 235 decernendam
680 202 867 227 curauerat.
912 195 1031 236 Itaque
1054 194 1202 227 offensus
1226 195 1298 238 ipse
1316 206 1398 226 uere
1420 195 1654 239 grauiterque,
1689 202 1740 228 set
1762 195 1973 228 familiariter
1997 198 2111 230 homi-

244 272 324 293 nem
358 263 491 289 cautum
519 259 619 292 atque
650 248 763 279 omnia
796 247 1123 291 circumspicientem
1152 247 1338 280 accussauit
1358 248 1405 280 V.
1434 248 1543 291 Epist.
1574 261 1620 291 7.:
1654 249 1745 288 Res,
1778 248 1907 291 inquit,
1940 261 1997 282 eas
2017 252 2111 293 gessi

244 314 298 357 (de
321 311 440 354 quibus
462 306 502 338 ad
525 315 601 335 eum
625 301 759 343 copiose
781 301 848 331 iam
867 300 1079 347 scripserat),
1104 314 1252 345 quarum
1274 301 1430 344 aliquam
1452 302 1488 333 in
1512 302 1582 334 tuis
1605 301 1733 334 litteris
1758 308 1791 334 et
1812 307 1950 334 nostrae
1972 314 2112 335 consue-

246 364 377 398 tudinis
400 367 431 393 et
453 358 503 390 rei
518 369 557 400 p.
579 367 703 387 caussa
724 354 1001 397 gratulationem
1023 355 1204 397 expectaui
1211 367 1223 393 ,⁸
1248 366 1352 398 quam
1374 365 1437 397 ego
1459 367 1482 386 a
1500 360 1532 387 te
1548 355 1834 398 praetermissam
1857 366 1927 386 esse
1948 354 2113 394 arbitror,

246 418 337 462 quocl
356 423 520 449 uererere,
546 421 588 441 ne
610 408 708 440 cuius
731 407 886 438 animum
911 406 1109 451 offendere-5.
1153 407 1238 438 Erat
1263 407 1354 439 enim
1377 407 1420 438 ob
1444 418 1496 438 eas
1518 407 1605 450 ipsas
1630 419 1683 438 res
1704 418 1825 450 magna
1847 407 1883 438 in
1905 406 2032 439 inuidia
2055 407 2115 439 Ci-

246 480 342 502 cero:
366 467 494 496 intuma
519 462 635 493 Crasso
660 465 693 490 et
714 460 899 491 Hortensio
923 459 1077 492 simultas
1100 460 1228 500 inerat,
1251 465 1290 491 ut
1312 471 1356 491 ex
1380 459 1531 502 epistulis
1553 459 1592 490 ad
1615 459 1771 492 Atticum
1793 460 1971 499 nouimus3
2003 471 2116 503 oppu-

247 521 408 565 gnabatur
438 527 457 547 a
480 515 518 546 C.
542 515 684 546 Caesare
714 518 888 555 praetore,
928 512 987 554 qui
1015 512 1083 544 iam
1106 519 1180 544 tum
1203 519 1285 556 aput
1306 513 1442 556 plebem
1466 524 1509 544 ex
1532 512 1694 544 Marianis
1716 512 1869 555 partibus
1892 519 1925 544 et
1946 524 1989 544 ex
2011 512 2118 555 largi-

248 575 337 606 tione
360 568 524 612 gratiosns
546 579 621 599 rem
645 578 679 609 p.
701 565 797 596 ualde
820 565 976 597 turbabat
984 577 994 605 ς
1029 565 1169 597 infestos
1191 566 1346 597 tribunos
1368 565 1476 608 plebis
1500 565 1644 597 habebat
1666 564 1890 607 Calpurnium
1912 565 2060 597 Bestiam
2082 571 2116 597 et

246 623 425 658 Metellum
447 622 635 663 Nepotem;
669 617 705 649 hi
730 623 797 649 tres
822 618 984 661 Pompeio
1016 618 1294 658 adsentabantur‚
1333 630 1478 661 eumque
1502 617 1659 650 Ciceroni
1688 628 1860 660 opponere
1890 619 2115 657 conabantur3

244 678 284 710 ad
307 687 385 708 eum
406 674 549 715 denique
569 673 683 714 Nepos
706 670 859 713 profugit
881 671 997 703 iratus.
1044 672 1123 713 Quo
1146 670 1362 703 referendum
1386 677 1436 702 est
1457 671 1683 713 fragmentum
1708 670 1787 701 illut
1809 670 1970 703 orationis
1991 670 2118 703 Metel-

246 731 334 762 linae
358 733 439 770 aput
463 725 598 768 Quinct.
623 725 648 755 Ι.
674 723 716 755 Ο.
741 724 812 763 IX,
849 724 879 756 5.
902 736 936 767 p.
961 725 1033 757 811.
1080 723 1184 756 Uenit
1207 735 1247 755 ex
1269 724 1358 757 Asia
1386 724 1468 767 (hoc
1498 724 1612 767 ipsum
1635 735 1738 767 quam
1761 723 1882 755 bonum
1894 723 1929 767 Ι)
1956 724 2117 756 tribunus

243 783 353 828 plebis
376 779 471 813 uenit
493 791 533 810 ex
555 778 643 810 Asia
661 795 702 801 —
718 782 955 810 uerumtamen
979 778 1086 810 uenit.
1131 777 1221 808 Nam
1244 783 1384 819 repente
1408 777 1485 808 inde
1509 775 1659 807 redierat.
1702 775 1796 807 Haec
1819 775 1932 807 omnia
1954 782 2118 808 testantur

246 834 444 868 Plutarchus
467 831 502 862 in
527 830 595 862 Cic.
619 841 647 861 c.
672 831 721 862 25.
746 831 797 862 26.
830 836 862 861 et
885 830 952 862 Dio
976 830 1168 862 XXXVII.
1195 840 1222 859 c.
1243 829 1416 870 57—44..
1463 830 1541 871 Quo
1565 835 1638 860 tum
1663 829 1776 860 animo
1801 829 1983 871 Pompeius
2005 828 2118 869 fuerit,

245 900 323 920 cum
348 886 443 918 nobis
466 883 547 927 ipsis
569 882 648 914 licet
665 883 732 914 iam
754 883 970 925 intellegere,
995 889 1070 914 tum
1095 881 1234 920 Cicero,
1259 881 1318 923 qui
1339 881 1448 924 probe
1470 882 1571 913 illum
1594 888 1751 921 nouerat,
1785 887 1924 924 optume
1946 881 2118 913 iudicauit.

246 940 407 983 Erigebat
437 949 515 980 ergo
538 936 652 967 uirum
683 943 715 967 et
737 936 889 967 uictoriis
913 942 945 967 et
968 934 1168 978 cognomine
1191 934 1356 976 Magnum
1388 941 1421 966 et
1451 934 1669 966 confirmabat
1696 934 1749 966 his
1778 934 1910 966 uerbis:
1944 935 2002 966 Set
2032 935 2118 967 scito

246 1006 305 1033 ea,
343 1004 429 1036 quae
457 1003 517 1023 nos
545 1002 609 1034 pro
638 989 750 1021 salute
771 989 914 1033 patriae
943 989 1134 1031 gessimus,
1177 987 1270 1019 orbis
1300 993 1414 1020 terrae
1446 989 1576 1020 iudicio
1605 1001 1646 1020 ac
1676 987 1883 1019 testimonio·
1905 987 2118 1031 conprobari.

248 1045 423 1077 Praeclara
444 1054 526 1074 uero
550 1053 748 1083 summoque
770 1041 844 1072 uiro
867 1041 964 1083 digna
989 1047 1159 1083 postrema
1182 1040 1241 1071 illa
1263 1046 1360 1072 sunt:
1395 1041 1512 1080 Quae,
1546 1053 1648 1084 quom
1670 1040 1823 1075 ueneris,
1857 1045 1953 1071 tanto
1976 1041 2118 1073 consilio

248 1104 413 1141 tantaque
436 1095 546 1128 animi
571 1095 814 1137 magnitudine
835 1107 856 1125 a
879 1105 931 1124 me
951 1099 1051 1136 gesta
1075 1105 1145 1125 esse
1165 1104 1364 1135 cognosceS,
1393 1100 1432 1126 ut
1456 1094 1519 1126 tibi
1541 1095 1650 1126 multo
1673 1093 1819 1130 maiori,
1849 1104 1951 1135 quam
1971 1092 2117 1136 Africa-

249 1163 314 1182 nus
329 1149 421 1193 filit,
445 1160 497 1180 me
517 1160 583 1179 non
605 1149 713 1178 multo
736 1148 913 1183 minorem,
937 1158 1041 1188 quam
1062 1145 1238 1183 Laelium,
1256 1144 1371 1188 facile
1393 1153 1425 1178 et
1449 1147 1485 1178 in
1505 1158 1541 1178 re
1558 1159 1596 1190 p.
1620 1152 1652 1178 et
1675 1147 1712 1177 in
1734 1145 1891 1177 amicitia
1914 1144 2117 1177 adiunctum

248 1216 319 1237 esse
338 1203 489 1246 patiare.
534 1200 604 1229 Iam
627 1199 785 1240 quoniam
807 1199 951 1241 Pompei
977 1198 1150 1229 silentium
1174 1197 1312 1238 eiusque
1333 1209 1480 1230 caussam
1505 1199 1744 1240 cognouimns‚
1781 1208 1824 1227 an
1847 1196 2040 1228 offensionis
2066 1203 2119 1228 ta-

247 1267 326 1288 men
348 1253 473 1295 aliquid
498 1252 689 1290 ostenderit,
712 1251 898 1282 uideamus.
942 1249 1053 1292 Atqui
1076 1260 1165 1288 eum,
1189 1255 1369 1290 antequam
1392 1250 1427 1280 in
1444 1251 1563 1281 urbem
1582 1251 1716 1288 rediret,
1740 1249 1835 1280 nobis
1858 1249 2117 1283 amicissumum

249 1312 382 1342 constat
405 1318 486 1344 esse,
509 1305 643 1348 scripsit
667 1304 782 1336 Cicero
806 1303 848 1335 ad
870 1304 944 1336 Att.
968 1305 1001 1343 I,
1029 1314 1095 1341 12.;
1122 1302 1157 1333 in
1180 1303 1253 1344 ipso
1277 1302 1434 1341 aduentu,
1459 1308 1499 1334 ut
1521 1315 1573 1335 me
1590 1303 1746 1345 primum
1768 1301 1930 1333 decedens
1952 1314 1992 1333 ex
2014 1303 2118 1346 Syria

249 1361 359 1398 uidit,
383 1359 565 1402 conplexus
586 1365 618 1391 et
638 1357 827 1401 gratulans
849 1368 921 1388 meo
945 1354 1108 1399 beneficio
1128 1356 1284 1399 patriam
1306 1368 1341 1387 se
1364 1356 1524 1388 uisurum
1547 1367 1617 1387 esse
1640 1355 1743 1392 dixit,
1765 1354 1808 1384 ll.
1833 1353 1921 1384 Phil.
1945 1355 1993 1393 5.‚
2017 1366 2117 1396 quem

249 1415 363 1445 locum
385 1412 506 1443 adtulit
528 1411 657 1449 BIaius3
696 1409 857 1451 deniqne,
892 1421 968 1440 cum
990 1409 1142 1451 primum
1167 1408 1203 1439 in
1226 1415 1380 1440 senatum
1404 1409 1514 1447 uenit,
1551 1409 1665 1440 omnia
1688 1407 1786 1438 illius
1810 1406 1942 1439 ordinis
1963 1409 2120 1441 consulta

250 1466 431 1503 laudauit,
458 1464 484 1494 Ι.
508 1463 550 1494 ad
575 1464 648 1495 Att.
676 1462 724 1493 14.
774 1463 863 1495 Tum
890 1463 1033 1496 Crassus
1052 1467 1281 1506 posteaquam
1306 1462 1398 1493 uidit
1421 1462 1522 1493 illum
1545 1461 1713 1504 excepisse
1736 1459 1874 1491 laudem
1896 1471 1937 1490 ex
1959 1471 2008 1498 eo,
2031 1461 2122 1504 quod

252 1520 512 1562 suspicarentur
535 1516 687 1548 homines
711 1515 742 1547 ei
764 1517 982 1548 consulatum
1003 1527 1115 1547 meum
1131 1515 1290 1558 plaeere,
1322 1515 1493 1553 surrexit,
1525 1515 1818 1556 ornatissumeque
1840 1512 1881 1543 de
1903 1523 1976 1544 meo
1998 1524 2122 1545 consu-

251 1574 327 1605 latu
358 1572 491 1602 locutus
518 1575 568 1601 est
596 1587 657 1601 -.
701 1569 877 1600 Proxume
905 1568 1109 1612 Pompeium
1143 1568 1318 1606 sedebam3
1365 1567 1522 1599 intellexi
1552 1568 1722 1600 bominem
1748 1566 1961 1597 conmoueri:
2002 1571 2120 1598 utrum

253 1625 416 1657 Crassum
442 1623 530 1654 inire
553 1634 625 1654 eam
647 1622 822 1663 gratiam,
846 1635 949 1665 quam
972 1623 1044 1665 ipse
1060 1621 1374 1664 praetermisisset,
1397 1633 1443 1653 an
1465 1632 1536 1653 esse
1559 1625 1675 1652 tantas
1697 1631 1751 1651 res
1773 1624 1920 1657 nostras,
1943 1630 2029 1661 quae
2051 1624 2122 1650 tam

253 1677 386 1709 lubente
419 1680 540 1707 senatu
573 1675 821 1714 laudarentur,
857 1681 938 1706 etc..
985 1675 1073 1705 Cum
1103 1673 1154 1704 his
1179 1672 1353 1715 superiora
1375 1674 1403 1705 si
1427 1673 1595 1711 conferas,
1637 1671 1757 1714 quibus
1780 1671 1921 1714 Pompei
1949 1670 2120 1702 silentium

256 1730 484 1771 redarguerat,
520 1737 585 1767 qua
610 1724 714 1757 fuerit
742 1727 923 1769 prudentia
955 1726 1091 1765 Cicero,
1125 1726 1312 1768 intelleges.
1358 1727 1519 1768 Sequitur
1553 1726 1650 1769 epist.
1681 1725 1729 1756 16.
1761 1724 1800 1755 de
1822 1735 1857 1755 se
1886 1729 1920 1755 et
1941 1722 2120 1765 Pompeio:

256 1782 365 1814 multa
392 1787 424 1812 et
447 1779 599 1811 iucunda
623 1781 867 1812 consuetudine
893 1780 1067 1812 coniuncti
1093 1780 1183 1811 inter
1208 1791 1270 1811 nos
1292 1792 1410 1811 sumus
1436 1793 1543 1824 usque
1567 1792 1624 1818 eo,
1647 1784 1687 1811 ut
1709 1777 1819 1810 nostri
1841 1777 1903 1808 isti
1925 1776 2120 1808 comissato—

256 1848 309 1867 res
333 1833 582 1867 coniurationis
612 1831 787 1863 barbatuli
819 1834 960 1865 iuuenes
992 1834 1092 1865 illum
1115 1832 1151 1863 in
1175 1833 1385 1865 sermonibus
1409 1833 1567 1865 Gnaeum
1594 1832 1787 1864 Ciceronem
1809 1829 1992 1873 appellent.
2034 1827 2121 1858 Item

257 1888 352 1930 epist.
381 1898 447 1928 19.:
472 1886 596 1929 Itaque
613 1886 769 1929 primum
792 1898 881 1924 eum,
905 1887 964 1929 qui
986 1887 1132 1918 nimium
1153 1885 1215 1917 diu
1238 1886 1280 1918 de
1303 1885 1402 1918 rebus
1423 1887 1551 1918 nostris
1572 1890 1740 1922 tacuerat,
1765 1883 1969 1926 Pompeium
1988 1881 2121 1912 adduxi

260 1941 293 1971 in
317 1952 389 1972 eam
413 1938 646 1976 uoluntatem,
681 1945 719 1970 ut
743 1939 779 1970 in
803 1945 922 1970 senatu
950 1950 1015 1970 non
1039 1939 1160 1977 semel,
1197 1944 1247 1971 set
1270 1950 1369 1982 saepe
1393 1939 1580 1982 multisque
1602 1937 1716 1970 uerbis
1739 1937 1842 1968 huius
1867 1933 1953 1966 mihi
1974 1933 2121 1965 salutem

261 1993 370 2035 inperi
399 1999 502 2035 atque
525 1991 615 2022 orbis
639 1997 812 2024 terrarum
834 1990 1060 2023 acliuclicarit.
1106 1992 1208 2032 Quod
1228 2004 1295 2024 non
1324 1997 1394 2024 tam
1419 1990 1583 2034 interfitit
1605 2002 1679 2022 mea
1710 1992 1829 2033 (neque
1850 1987 1939 2020 enim
1961 1985 2044 2017 illae
2067 1996 2122 2017 res

260 2051 321 2076 aut
345 2046 391 2075 ita
416 2050 496 2076 sunt
519 2044 700 2083 obscurae,
723 2051 762 2076 ut
784 2043 1035 2081 testimonium,
1066 2050 1129 2077 aut
1151 2045 1203 2077 ita
1225 2045 1369 2083 dubiae,
1400 2050 1439 2076 ut
1462 2044 1697 2076 laudationem
1718 2039 1920 2078 desiderent)
1945 2049 2048 2081 quam
2071 2038 2122 2069 rei

259 2096 434 2139 publicae:
473 2097 563 2139 quocl
585 2103 684 2129 erant
708 2097 849 2140 quidam
873 2096 1025 2140 inprobi,
1062 2098 1122 2140 qui
1143 2099 1392 2130 contentionem
1405 2096 1490 2140 fore
1512 2097 1667 2140 aliquam
1688 2094 1775 2129 mila·
1795 2105 1872 2126 cum
1893 2090 2059 2133 Pompeio
2081 2102 2121 2122 ex

263 2160 377 2180 rerum
400 2149 540 2180 illarum
563 2150 772 2183 dissensione
794 2149 1060 2183 arbitrarentur.
1104 2150 1248 2193 Insignis
1279 2150 1380 2182 etiam
1403 2156 1452 2183 est
1480 2150 1572 2181 locus
1596 2150 1646 2189 II⁷
1684 2160 1728 2186 1.‚
1769 2157 1834 2188 quo
1864 2149 1988 2187 purgat
2017 2153 2053 2174 SB
2082 2143 2122 2174 (le

263 2199 404 2241 Pompei
428 2200 492 2230 iam
515 2202 658 2233 nimium
682 2201 855 2244 popularis
878 2202 1107 2235 familiaritate
1130 2203 1322 2246 obiurgatus
1347 2203 1388 2234 ab
1410 2202 1546 2241 Attic03
1570 2210 1713 2241 eumque
1735 2199 1776 2230 cle
1797 2198 1893 2235 meis,
1915 2195 2044 2238 inquit,
2067 2208 2122 2229 re-

264 2252 338 2289 bus,
365 2252 399 2283 in
423 2263 506 2294 quas
529 2265 604 2286 eum
626 2255 729 2286 multi
752 2255 951 2295 incitarunt,
975 2257 1084 2289 multo
1107 2258 1191 2290 scito
1207 2257 1397 2301 gloriosius
1421 2267 1523 2299 quam
1545 2254 1585 2285 de
1606 2252 1678 2284 suis
1695 2251 1921 2295 praedicare.-
1945 2249 2010 2281 sibi
2031 2250 2122 2285 enim

266 2304 345 2336 bene
365 2310 503 2347 gestae,
537 2307 621 2337 milu'
645 2314 865 2340 conseruatae
888 2310 939 2342 rei
957 2310 1119 2354 publicae
1142 2311 1203 2343 dat
1226 2310 1467 2342 testimonium.
1510 2305 1622 2347 Pergit
1645 2305 1741 2347 epist.
1765 2304 1794 2336 5.
1819 2303 2012 2335 coniunctio
2035 2303 2121 2334 mila'

267 2369 399 2389 summa
430 2370 503 2389 cum
527 2358 699 2401 Pompeio,
744 2361 806 2392 Illa
832 2373 914 2393 uero
944 2363 1055 2396 notari
1083 2363 1207 2403 uelim,
1243 2375 1284 2396 ex
1307 2373 1421 2395 rerum
1451 2359 1594 2392 illarum
1614 2357 1841 2395 dissensione,
1879 2355 1915 2388 in
1937 2367 2023 2399 quas
2044 2367 2120 2388 eum
