2264 2746
232 102 285 128 154
884 86 1462 118 COMMENTARIUS.

233 182 310 203 rum
332 169 415 201 luzec
435 167 550 210 [metio
573 164 743 200 extiterit,
767 168 824 200 ut,
853 163 883 193 si
907 168 945 193 tu
969 168 1076 194 totam
1101 174 1172 193 rem
1190 161 1369 205 publicam
1390 160 1538 204 nefariis
1561 161 1754 192 latronibus
1778 161 1997 202 tradidisses,
2027 164 2109 196 Ma-

233 222 373 256 cedonia
401 220 463 251 tibi
498 219 543 250 ob
574 229 659 249 eam
689 228 771 247 rem
804 216 926 258 quibus
957 221 994 247 tu
1016 214 1155 257 finibus
1186 214 1291 246 uelles
1324 214 1535 247 redderetur.
1580 215 1655 245 Hoc
1685 224 1819 255 quoque
1842 213 1915 244 loco
1939 225 1978 244 eo
2001 215 2110 246 minus

233 273 414 307 necessaria
435 270 570 301 adiectio
595 269 777 299 uerborum
802 269 840 300 ob
864 281 939 301 eam
962 280 1031 300 rem
1056 267 1116 298 fuit
1131 292 1140 305 ,
1166 278 1232 308 quo
1257 266 1360 308 magis
1384 265 1419 297 in
1444 268 1548 298 uerbo
1571 267 1772 298 redderetur
1794 265 1860 296 iam
1884 277 1921 296 ea
1943 267 2035 298 notio
2058 267 2113 299 in-

234 334 290 366 est,
315 337 414 368 quam
438 323 538 353 uerba
561 321 619 351 illa
642 322 822 353 continent.
867 322 957 353 Nam
981 321 1122 352 reddere
1146 320 1201 351 hic
1218 331 1280 362 pro
1303 319 1416 360 aliqua
1436 331 1473 350 re
1497 320 1581 351 aliut
1604 318 1682 361 quid
1705 318 1782 349 dare
1803 317 1975 360 significat.
2019 319 2114 351 Adde

235 380 304 411 Cic.
327 378 364 408 ad
388 376 467 407 Diu.
492 375 597 413 XIII,
619 375 671 416 47.
697 375 755 405 Set
780 380 893 406 tamen
917 380 956 406 ut
978 375 1102 411 scires,
1128 385 1205 404 eum
1227 385 1249 404 a
1271 384 1324 403 me
1345 384 1413 404 non
1436 373 1541 416 diligi
1566 373 1694 410 solum,
1721 383 1842 402 uerum
1865 371 1970 402 etiam
1991 372 2116 409 amari,

236 432 283 464 ob
309 442 395 462 enin
421 439 506 458 rem
533 427 596 458 tibi
618 429 700 459 haec
722 427 842 458 scribo.
866 433 896 457 et
920 437 963 456 ex
988 426 1123 456 Graecis
1146 425 1308 467 Xenoph.
1332 425 1476 456 Memor.
1503 427 1535 465 I,
1566 426 1603 464 3,
1635 437 1664 466 7.
1705 423 1764 456 τὸν
1785 421 1943 456 Ὀδυσσέα
1965 441 2007 447 -
2028 422 2116 456 (ἶπο-

237 480 402 527 σχόμειόν
424 480 484 510 τοῦ
506 478 590 521 ὑπὲρ
614 478 674 511 τὸν
697 479 812 521 καιρὸν
835 480 903 511 τῶν
925 476 1088 510 τοιούτων
1111 477 1301 517 ἅπτεσθαι,
1331 477 1396 510 διαὶ
1420 479 1552 511 ταῦτα*
1584 476 1624 510 οὐ
1645 478 1804 520 γενέσθαι
1828 474 1880 509 ὗν.
1913 482 1941 507 et
1970 476 2115 508 eiusdem

236 535 344 569 Anah.
369 533 394 565 I.
421 543 448 572 7,
473 532 502 562 5.
538 530 561 563 ὦ
585 530 703 574 ἄνδρες
719 531 897 574 ‘'Elios-mg,
922 530 982 564 οὐκ
1005 527 1201 572 ἀνθρώπων
1224 529 1362 572 (ἱστορῶν
1384 528 1567 574 βαρβάρων
1590 529 1790 574 σνμλιιιὶχους
1812 529 1902 572 ’ὑμᾶς
1925 527 2006 572 ἄγω,
2032 527 2114 563 cist-Za*

236 585 381 629 γαμίζων
405 581 591 625 ἀμείνονας
621 586 675 617 καὶ
698 585 867 627 κρείττους
890 585 1024 617 πολλῶν
1045 581 1230 626 βαρβάρων
1252 582 1343 626 ὑμεῖς
1366 585 1473 623 εἶναι,
1498 583 1567 617 ὸ“ια“
1591 585 1717 616 τοῦτο
1741 584 1961 626 προςίλαρόν.

321 655 351 696 §.
376 654 426 684 56.
473 652 685 692 Quibuscum
714 665 784 692 me,
820 654 970 692 indices,
1004 657 1221 696 pugnantem
1248 664 1341 683 more
1368 664 1441 683 meo
1460 653 1614 695 pristino
1645 663 1711 683 non
1741 651 1923 691 uidebitis3
1958 664 2024 683 non
2053 664 2118 696 quo

237 707 323 740 mila·
339 706 403 749 fas
426 706 473 736 sit
497 707 679 749 quiequam
702 705 885 748 defugere,
920 706 1011 749 quod
1033 704 1128 736 salus
1151 704 1294 736 Plancii
1316 705 1484 749 postulet)
1528 705 1752 746 Figmento
1784 704 1962 745 quodam
1990 716 2118 736 uere-

236 757 414 790 cundiae
437 758 627 789 declinat
655 770 742 789 eam
767 765 944 800 partem,
984 768 1086 799 quae
1110 756 1400 789 difficultatis
1422 757 1586 800 aliquid
1613 756 1770 788 habere
1794 756 2012 798 uideatur,
2044 758 2119 789 ad-

238 823 386 843 uersus
420 811 681 852 quorundam
714 811 957 842 testimonia
990 809 1186 841 contendi
1205 811 1245 850 ¹);
1285 817 1324 841 et
1347 823 1429 842 11011
1453 812 1543 842 sine
1566 829 1606 834 —
1624 810 1728 851 —²),
1764 821 1866 850 quae
1890 822 1929 841 se
1953 822 2118 842 omnem

236 864 414 897 Plancio
438 863 788 894 sollicitudinem
814 864 965 894 debere
988 869 1178 894 testatur.
1225 863 1292 894 Sic
1315 870 1353 895 et
1377 864 1608 906 religioni,
1645 873 1765 905 quam
1797 863 1958 904 magnis
1990 863 2121 893 bene-

238 918 362 951 ficiis
387 929 477 947 61115
501 916 641 955 debet,
673 916 782 946 satis
803 916 922 955 facit,
960 922 997 947 et
1028 915 1176 958 pedem
1205 916 1337 947 refert
1360 917 1408 947 ab
1433 917 1717 948 insectatione
1740 915 1932 952 testium,
1968 915 2121 957 quibus

238 971 342 1002 dicit
374 981 463 1000 esse
493 969 758 1012 parcendum.
799 969 961 1000 SC110111A
985 971 1194 1002 UATICANA.
1239 969 1350 1000 Habet
1372 971 1448 1002 Uat.
1472 970 1572 1002 uerba
1595 969 1689 1000 Tulli
1713 969 1759 999 sic
1781 975 1816 999 ut
1839 968 2018 1011 praeposui
2040 968 2122 999 scri-

239 1030 311 1066 pta:
350 1034 393 1053 ex
415 1033 480 1063 quo
504 1028 657 1064 apparet,
687 1028 774 1053 recte
798 1028 828 1053 et
852 1020 1019 1064 defugere
1041 1021 1229 1053 restitutum
1252 1028 1283 1053 et
1305 1036 1398 1055 more
1420 1036 1492 1055 meo
1509 1023 1664 1067 pristino
1689 1020 1841 1053 Bauarici
1866 1027 1896 1051 et
1917 1020 2122 1052 Erfurtensis

241 1076 407 1107 librorum
430 1075 620 1105 auctoritate
644 1075 804 1117 scriptum
828 1086 908 1105 esse.

326 1143 428 1183 Quod
449 1144 501 1175 ita
524 1144 564 1175 de
586 1156 639 1174 me
662 1143 779 1174 meriti
800 1147 881 1173 sunt
905 1142 961 1172 illi
986 1142 1071 1185 ipsi,
1106 1156 1188 1187 quos
1212 1156 1274 1188 ego
1299 1146 1395 1177 testis
1416 1145 1515 1176 uideo
1535 1143 1693 1188 paratos)
1739 1142 1986 1177 Animaduerte
2009 1147 2124 1172 orato-

241 1196 287 1227 ris
310 1195 545 1233 calliditatem,
578 1196 635 1236 qui
659 1195 795 1226 testium
819 1194 937 1233 etiam,
963 1207 1044 1236 quos
1067 1196 1306 1238 reprehendit,
1331 1197 1603 1229 beneuolentizun
1627 1204 1760 1240 captare
1783 1196 1931 1233 studeat,
1966 1205 2042 1225 cum
2066 1205 2125 1225 eo-

242 1248 385 1279 rundem
409 1247 520 1278 studio
546 1247 703 1278 effectum
727 1246 807 1277 dicit
831 1258 918 1286 esse,
942 1253 979 1278 ut
1002 1247 1036 1277 111
1058 1249 1204 1290 patriam
1226 1256 1462 1288 reuocaretur,
1486 1250 1527 1280 οΙ)
1551 1261 1691 1291 eamque
1712 1261 1785 1280 rem
1807 1249 2005 1280 obstrictum
2027 1258 2062 1278 se
2085 1247 2124 1279 iis

242 1312 312 1331 esse
336 1298 491 1330 declarat.
537 1300 790 1332 Manifestumst
813 1299 922 1338 enim,
958 1300 1053 1332 nullo
1078 1300 1119 1331 de
1141 1301 1208 1332 alio
1231 1302 1354 1333 merito
1379 1301 1519 1344 cogitari
1542 1301 1596 1332 hic
1618 1313 1726 1344 posse.
1773 1300 1844 1333 Cfr.
1869 1311 1953 1343 quae
1975 1299 2125 1332 diximus

242 1353 284 1384 ad
309 1352 346 1383 C.
371 1352 396 1381 l.
423 1351 452 1392 ξ.
479 1363 505 1383 1.
528 1364 561 1394 p.
587 1353 657 1384 60..

335 1419 381 1451 Ut
405 1432 521 1451 eorum
545 1421 840 1464 reprehensionem
862 1432 922 1452 uos
946 1426 1085 1453 nostrae
1101 1423 1314 1465 prudentiae
1333 1423 1528 1463 adsumere,
1551 1435 1646 1455 meae
1667 1422 1853 1454 modestiae
1875 1421 2048 1454 remittere
2067 1421 2126 1453 de-

243 1472 371 1514 beatis)
424 1473 625 1504 Insolentius
663 1474 743 1505 haec
779 1472 878 1503 dieta.
925 1473 1027 1504 Errat
1056 1474 1253 1514 Schutzius‚
1301 1477 1359 1518 qui
1397 1477 1578 1508 adsumere
1613 1476 1648 1507 111
1677 1476 1745 1507 lex.
1777 1475 1846 1506 Cic.
1883 1486 1973 1505 nunc
2009 1480 2125 1506 nostro

243 1527 349 1560 uerbo
382 1526 454 1556 sis-li
489 1526 704 1557 vorbelzalten
739 1524 945 1568 respondere
972 1533 1099 1558 monet.
1145 1528 1245 1559 Ualet
1272 1527 1327 1558 hic
1354 1529 1551 1566 adsumere,
1589 1528 1680 1569 quod
1709 1528 1789 1559 alibi
1821 1527 1922 1558 etiam
1951 1527 2126 1570 significat,

244 1580 309 1613 sibi
330 1577 460 1619 aliquid
483 1577 679 1617 nendicare,
718 1578 846 1618 facere,
886 1578 977 1619 quod
999 1579 1040 1610 ab
1065 1580 1132 1611 alio
1158 1581 1270 1622 potius
1301 1580 1401 1611 debet
1424 1581 1507 1613 fieri.
1561 1582 1706 1613 Uostrae
1730 1581 1940 1625 prudentiae
1969 1580 2127 1612 dictumst

244 1645 307 1677 pro
331 1630 427 1661 uobis
450 1641 512 1672 pro
537 1636 651 1661 nostra
673 1631 873 1674 prudentia,
896 1637 933 1662 ut
955 1644 1049 1663 meae
1070 1634 1256 1665 modestiae
1276 1645 1340 1676 pro
1364 1634 1447 1664 mihi
1471 1645 1534 1676 pro
1558 1646 1632 1665 mea
1655 1635 1830 1665 modestia.
1875 1634 1991 1675 Itaque
2013 1645 2128 1666 sensus

246 1692 312 1717 est:
338 1684 410 1715 Uos
429 1693 492 1725 pro
516 1689 630 1714 nostra
649 1684 840 1725 prudentia,
867 1696 932 1726 qua
954 1685 1148 1728 intellegitis
1171 1698 1241 1718 non
1260 1693 1350 1718 recte
1372 1697 1391 1717 a
1406 1698 1460 1717 me
1481 1687 1685 1729 reprehendi
1709 1699 1765 1719 eos
1788 1698 1886 1729 posse
1909 1686 1967 1728 qui
1990 1692 2129 1729 optume

250 1738 290 1769 de
315 1748 369 1768 me
392 1736 507 1766 meriti
531 1736 615 1776 siut,
639 1736 748 1767 facere
770 1748 859 1768 nunc
883 1737 1028 1777 debetis,
1062 1738 1153 1780 quod
1176 1750 1231 1770 me
1252 1738 1362 1771 facere
1385 1739 1623 1777 conueniebat,
1656 1746 1757 1782 atque
1781 1739 1845 1782 ipsi
1868 1739 2048 1781 inprobare
2071 1750 2126 1770 eos

248 1790 358 1829 testis,
382 1799 464 1829 quos
491 1800 551 1830 ego
575 1789 803 1831 inprobandos
827 1802 896 1821 esse
918 1791 983 1822 11151
1007 1791 1141 1823 uiolatis
1164 1791 1347 1824 modestiae
1370 1792 1499 1834 legibus
1524 1792 1644 1823 docere
1666 1804 1735 1824 non
1757 1804 1906 1836 possum.

333 1860 363 1899 §.
388 1858 439 1899 57.
485 1857 662 1889 Nonnulli
684 1859 789 1890 etiam
810 1861 922 1891 nostri
944 1860 1071 1903 iniqui)
1114 1860 1193 1891 Duo
1221 1866 1298 1892 sunt
1319 1860 1384 1891 loci
1407 1860 1575 1898 Tulliani,
1612 1861 1731 1902 quibus
1755 1861 1839 1892 hanc
1862 1871 1922 1901 ego
1945 1857 2126 1889 formulam

253 1910 405 1942 exhiberi
429 1909 501 1939 51116
525 1910 688 1941 uarietate
711 1913 895 1954 cognorim.
940 1913 1041 1945 Alter
1063 1912 1117 1944 hic
1147 1919 1210 1952 est,
1234 1913 1269 1943 in
1286 1924 1351 1954 quo
1376 1924 1462 1943 unus
1487 1912 1528 1943 de
1551 1914 1742 1945 coniectura
1767 1912 1951 1945 Lambinus
1975 1911 2127 1947 inimiez'3

254 1964 337 1994 alter
360 1964 405 1995 V·
432 1963 466 1993 in
488 1963 589 1994 Uerr.
614 1964 684 2005 (59.1
722 1966 801 2008 Ego
830 1967 897 1997 mei
923 1967 993 1998 iam
1023 1966 1190 1997 rationem
1219 1966 1310 2009 offici
1335 1965 1470 2008 confido
1500 1978 1570 1997 esse
1596 1967 1750 1998 omnibus
1778 1964 2015 2008 iniquissumis
2043 1964 2127 1995 meis

250 2016 472 2059 persolutam.
516 2017 605 2047 Nam
634 2028 736 2059 supra
761 2018 797 2048 C.
822 2018 921 2050 XVI.
954 2018 983 2058 ς.
1007 2018 1058 2049 40.
1093 2018 1222 2050 codices
1251 2019 1382 2050 uariare
1412 2019 1478 2050 iam
1502 2019 1650 2050 uidimus
1681 2020 1727 2060 [at
1750 2017 1879 2061 optumi
1910 2016 2128 2059 plurumique

257 2067 304 2099 ibi
326 2069 461 2111 iniquos
483 2069 656 2110 tuentur]3
693 2070 774 2101 item
803 2071 866 2101 XI.
897 2070 939 2101 ad
962 2070 1042 2101 Diu.
1070 2081 1120 2112 27.
1151 2077 1220 2102 tam
1251 2071 1415 2114 defendo,
1453 2084 1555 2115 quam
1584 2084 1636 2103 nze
1658 2073 1726 2103 scio
1748 2083 1770 2103 a
1793 2076 1825 2101 te
1848 2076 1968 2101 contra
1991 2069 2127 2112 iniquos

257 2119 364 2152 solere
392 2119 549 2161 defendi3
586 2128 636 2153 set
664 2122 745 2154 BIss.
769 2123 924 2154 nonnulli
954 2124 1130 2162 inimicos-3
1164 2125 1221 2155 ubi
1248 2125 1381 2156 Ernest.
1405 2124 1599 2166 improbauit
1622 2137 1728 2161 meos,
1760 2133 1836 2154 cum
1860 2128 1972 2152 tamen
1997 2121 2069 2164 ipse
2092 2121 2125 2152 in

336 2274 360 2311 1)
400 2272 471 2300 Nm
493 2275 598 2309 uideo,
629 2278 681 2315 qui
701 2284 784 2307 recte
805 2289 836 2307 se
856 2280 999 2308 contendi
1029 2279 1142 2307 habere
1163 2279 1277 2317 possit,
1305 2280 1341 2307 de
1362 2290 1421 2318 quo
1443 2278 1523 2306 nihil
1544 2276 1701 2305 admonuit
1720 2278 1756 2305 A.
1780 2276 1890 2305 Maius.
1930 2276 2126 2314 scriptumne

261 2322 320 2350 suit
339 2321 540 2349 contendendi
554 2323 568 2348 Ρ

333 2378 362 2415 2)
400 2377 515 2416 Supple
537 2380 731 2409 uersiculum.
774 2382 810 2409 A.
832 2383 949 2411 MAirs.
