2264 2746
834 136 859 165 C
878 136 907 165 A
928 137 968 166 P.
1007 134 1100 165 XVI.
1122 132 1148 174 §.
1169 136 1215 165 38.
1912 134 1965 159 123

76 213 261 245 admodum
285 218 394 244 essent
416 211 563 243 incertae
585 223 623 243 ac
644 211 852 255 permixtae,
889 211 983 244 cuius
1006 210 1057 243 rei
1079 210 1251 242 luculenta
1279 205 1439 249 exempla
1464 205 1525 253 tibi
1546 203 1817 237 subministrabit
1840 202 1962 234 Oliue-

75 266 146 299 rius
168 266 211 297 ad
234 267 357 298 Marm.
382 265 510 296 Pisaur.
533 276 567 307 p.
592 276 661 307 99..
709 264 913 296 ORELLu's.

160 320 276 352 Lubet
305 319 442 359 etenim)
498 317 549 348 Ita
577 317 744 357 probante
775 317 962 350 Garatonio
989 329 1053 361 pro
1083 316 1219 358 uolgata
1252 312 1421 354 scriptura
1451 311 1534 343 libet
1565 312 1656 344 enim
1685 322 1729 342 ex
1750 310 1833 342 Bau.
1857 306 1960 346 edidi,

74 383 278 415 quamquam
302 371 508 413 obloquente
531 370 682 409 Orellio,
720 370 777 412 qui
800 371 949 403 monuit:
991 371 1148 410 „etenim
1172 369 1254 399 haut
1276 364 1374 396 facile
1397 366 1461 397 hoc
1486 365 1560 396 loco
1583 363 1787 406 receperim,
1825 360 1886 392 etsi
1908 359 1959 391 bis

72 431 169 457 terue
183 430 266 467 aput
283 423 480 455 Ciceronem
496 423 725 465 postponitur.
770 423 884 455 Prima
907 423 997 455 enim
1016 422 1145 464 syllaba
1169 432 1211 451 ex
1235 417 1449 461 ὃιττογραφίᾳ
1474 424 1724 460 postremarum
1746 415 1839 447 uocis
1859 424 1961 458 prae-

72 476 220 508 cedentis
253 476 444 507 litterarum
475 476 608 507 labET
627 476 806 508 manifesto
837 484 886 508 est
915 481 999 507 orta.
1012 478 1032 492 “
1076 474 1206 505 Mirum
1235 470 1389 514 profecto
1420 470 1594 501 iudicium.
1641 470 1729 501 Cum
1758 469 1795 500 in
1817 473 1959 511 optumo

71 529 160 561 libro
183 529 309 561 etenim
331 527 513 565 scribatur,
547 528 581 559 in
606 529 832 561 deterioribus
855 531 967 567 enim,
1001 526 1198 568 faciliusque
1223 522 1335 554 omitti
1358 522 1477 553 librari
1499 523 1709 566 neglegentia
1737 520 1959 565 praecedente

70 582 175 614 uerbo
199 582 292 613 lubet
321 581 467 623 primam
491 581 676 623 particulae
702 584 828 615 etenim
851 583 1015 625 syllabam
1038 579 1189 622 potuisse
1213 587 1313 618 quam
1337 575 1486 607 additam
1510 576 1550 606 ab
1577 575 1716 606 librario
1743 586 1813 606 esse
1834 577 1959 616 pateat,

68 635 141 668 sine
164 633 374 665 dubitatione
397 634 552 665 Bauarici
575 634 742 677 scriptura
765 635 959 678 recipienda
982 639 1064 664 erat.
1110 630 1217 672 quue
1241 641 1279 660 eo
1305 629 1427 672 magis,
1460 640 1537 660 cum
1560 628 1596 659 in
1618 628 1758 670 reliquis
1782 627 1882 658 etiam
1904 626 1959 657 10-

68 688 132 727 cis,
173 687 209 718 in
233 687 354 729 quibus
377 688 503 719 etenim
531 687 698 730 particula
720 699 739 719 a
762 688 925 720 Cicerone
948 685 1136 729 postposita
1165 682 1353 725 reperitur,
1397 683 1524 714 multos
1547 681 1676 713 codices
1700 682 1791 714 enim
1812 679 1958 712 scribere

66 741 254 774 uideamus.
302 740 385 772 Loci
407 740 443 771 hi
465 746 561 771 sunt:
586 741 639 771 De
662 740 714 770 Re
736 750 769 781 p.
794 740 819 778 Ι,
844 750 874 771 2.
907 740 1005 780 Quae
1030 738 1157 770 etenim
1179 737 1326 767 istorum
1346 735 1458 766 oratio
1482 740 1554 766 tam
1577 735 1760 778 exquisita.
1781 745 1845 776 pro
1870 733 1956 764 Cae-

67 795 114 826 lio
137 794 202 832 III,
227 793 257 824 6.
289 794 378 825 Sunt
401 794 526 825 etenim
549 793 617 824 ista
635 792 827 824 maledieta
846 792 1058 835 pei-uolgata
1081 791 1117 822 in
1141 789 1262 820 omnis.
1288 787 1329 818 de
1353 788 1484 818 Senect.
1509 788 1580 828 IX,
1605 799 1654 829 29.
1687 787 1883 818 lubidinosa
1906 791 1956 817 et-

67 849 160 881 enim
188 852 220 878 et
251 847 484 889 intemperans
513 846 759 877 adulescentia.
804 844 906 876 Adde
938 845 1082 886 interpr.
1115 843 1194 874 Uat.
1226 841 1262 872 in
1291 841 1339 872 M.
1369 840 1466 871 Tulli
1497 852 1547 871 or.
1580 839 1695 873 Uatin.
1727 840 1764 870 C.
1796 839 1893 870 XIII.
1925 837 1956 869 5.

67 913 102 945 p.
137 899 207 933 184.
239 898 291 930 ed.
322 900 421 931 Mat:
459 899 569 942 ipsias
606 898 731 929 etenim
766 897 905 929 Uatinii
934 898 1027 940 lege,
1072 907 1175 938 quam
1206 894 1336 926 tulerat
1371 895 1407 926 in
1440 894 1622 925 tribunatu
1651 898 1732 930 ete.;
1768 891 1855 922 Iuris
1891 890 1956 920 eiu.

67 953 240 987 Anteiust.
264 951 428 993 reliquiae
452 950 504 981 ed.
528 950 573 982 A.
595 950 676 981 Mai.
700 961 734 992 p.
759 961 788 992 9.
828 950 924 982 Hinc
947 949 1072 981 etenim
1095 948 1215 990 iurgia
1238 948 1351 978 malta
1375 952 1578 978 nascuntur.
1608 945 1690 976 ibid.
1713 956 1747 987 p.
1772 944 1823 975 65.
1851 943 1957 986 parui

67 1006 194 1039 etenim
216 1002 334 1047 refert.
365 1015 398 1046 p.
423 1003 473 1034 66.
500 1001 706 1046 persillum
728 1003 872 1041 etenim,
905 1015 992 1047 qliae
1016 1001 1230 1034 natm-aliter
1253 1011 1358 1043 agros
1382 999 1549 1038 retinuit,
1582 998 1693 1042 specie
1716 998 1826 1036 dotis,
1857 996 1956 1028 cuius

69 1072 180 1103 capax
194 1057 294 1100 fnit,
317 1055 469 1099 defendi.

149 1110 246 1150 Qaid
270 1121 347 1140 cum
377 1107 558 1151 Ufentina)
604 1109 681 1140 Hoc
704 1119 764 1150 ego
789 1119 865 1139 cum
891 1107 1024 1139 Orellio
1049 1118 1112 1149 pro
1136 1106 1271 1148 uolgata
1294 1104 1463 1148 scriptura
1493 1104 1677 1137 Ueientina
1708 1100 1956 1134 restituendum

64 1163 201 1208 putaui,
231 1167 408 1192 conmotus
431 1173 499 1192 non
523 1162 635 1192 solum
658 1161 813 1192 codicum
836 1167 1076 1203 optumorum,
1106 1160 1133 1190 B
1157 1165 1190 1190 et
1213 1159 1257 1197 E,
1292 1158 1509 1197 auctoritate,
1546 1157 1604 1200 qui
1628 1157 1662 1188 id
1685 1156 1799 1199 ipsum
1822 1154 1956 1192 habent,

64 1223 115 1250 set
137 1216 238 1248 etiam
261 1215 503 1258 plurumorum
526 1214 694 1245 librorum
717 1214 865 1245 familiae
888 1213 1007 1245 tertiae
1036 1212 1222 1254 scriptura,
1267 1222 1352 1253 quae
1374 1222 1545 1253 proxume
1568 1210 1610 1241 ad
1638 1209 1820 1241 lectionem
1850 1207 1959 1250 Ufen-

65 1271 142 1302 tina
172 1268 316 1300 accedat.
361 1267 451 1298 Nam
480 1268 659 1307 uientina‚
699 1279 783 1310 quae
812 1268 980 1310 scriptura
1010 1265 1045 1296 in
1075 1265 1206 1306 aliquot
1232 1264 1330 1295 bonis
1362 1264 1532 1295 codicibus
1563 1269 1627 1303 est,
1666 1268 1782 1305 aperte
1812 1267 1886 1292 orta
1915 1271 1958 1290 ex

65 1322 227 1367 ufentina
251 1326 315 1357 est,
338 1318 500 1362 litteras
517 1320 634 1351 librari
657 1321 869 1363 neglegentia
893 1321 926 1352 in
950 1320 964 1352 i
987 1324 1124 1350 mutata.
1168 1317 1302 1349 Deinde
1325 1329 1367 1348 ex
1390 1318 1548 1349 zzientina
1573 1322 1666 1347 ortae
1688 1321 1768 1347 sunt
1790 1315 1852 1346 hae
1875 1313 1959 1345 scri-

64 1382 196 1420 pturae,
220 1374 384 1411 bientina,
408 1373 574 1411 mentina,
598 1378 631 1403 et
653 1375 838 1406 meritiria.
861 1373 1033 1415 „Lapides
1059 1371 1196 1413 quidem
1219 1370 1351 1412 antiqui
1374 1369 1553 1411 (Garatoni
1577 1369 1615 1400 ad
1642 1369 1675 1400 h.
1692 1369 1715 1400 1.
1738 1368 1844 1399 uerba
1865 1366 1958 1408 sunt)

65 1428 190 1472 passim
214 1427 377 1465 offerunt,
403 1424 616 1467 quf'entina,
648 1432 698 1457 set
721 1426 754 1457 in
779 1427 860 1458 Mss.
893 1426 1062 1470 Ufentina
1084 1424 1186 1456 scribi
1209 1424 1335 1463 solere,
1367 1423 1434 1454 iam
1459 1422 1574 1454 docuit
1599 1422 1704 1454 Drak.
1728 1421 1770 1452 ad
1792 1420 1871 1452 Liu.
1894 1420 1957 1465 IX,

66 1484 170 1514 20..“
194 1498 236 1504 —-
281 1481 440 1511 Ceterum
472 1478 579 1509 tribus
616 1479 818 1512 Ueientinae
853 1491 1039 1521 numquam
1071 1478 1210 1509 omnino
1241 1477 1281 1508 ab
1312 1475 1458 1517 antiquis
1491 1475 1713 1517 scriptoribus
1748 1473 1957 1505 mentionem

66 1535 141 1566 fieri
164 1533 316 1571 memini,
342 1532 405 1562 nisi
430 1530 519 1572 quod
545 1532 612 1562 On.
630 1532 814 1564 Panuinius
839 1532 880 1563 de
903 1532 978 1564 Ciu.
1003 1533 1104 1563 Rom.
1131 1532 1168 1562 C.
1192 1532 1234 1562 L.
1261 1530 1295 1560 in
1320 1529 1488 1571 lapidibus
1510 1526 1694 1559 memorari
1719 1538 1792 1558 eam
1814 1527 1871 1559 ait.

150 1589 247 1628 Quid
269 1599 345 1618 cnm
365 1583 603 1627 Crustmnina)
641 1584 708 1615 On.
731 1584 915 1616 Panuinius
942 1584 983 1615 de
1007 1584 1082 1616 Ciu.
1109 1584 1209 1614 Rom.
1236 1583 1273 1614 C.
1292 1583 1333 1613 L.
1357 1593 1391 1624 p.
1417 1583 1488 1622 267.
1517 1581 1620 1612 Thes.
1645 1581 1771 1612 Graeu.
1795 1581 1838 1612 T.
1861 1581 1888 1612 I.
1916 1579 1957 1611 de

66 1639 157 1671 tribu
182 1639 242 1670 hac
266 1640 406 1681 loquens
429 1643 563 1668 mouet:
603 1637 741 1677 „Huius
766 1638 873 1669 tribus
892 1638 981 1669 XIV
997 1636 1233 1678 inscriptiones
1256 1634 1338 1673 uidi,
1364 1634 1398 1665 in
1416 1634 1536 1676 quibus
1559 1633 1664 1665 semel
1687 1639 1819 1665 tantum
1833 1633 1955 1672 CRU.,

65 1704 200 1734 semper
224 1704 305 1722 uero
330 1691 385 1722 uel
408 1690 466 1722 CL
478 1689 518 1722 U.
550 1691 604 1721 uel
629 1690 688 1722 CL
699 1691 801 1723 UST.
832 1696 1008 1721 exaratum
1032 1694 1146 1720 erat.“
1193 1690 1264 1731 Ego
1290 1699 1349 1718 cur
1373 1687 1613 1725 nihilominus,
1649 1698 1853 1728 quamquam
1875 1686 1956 1728 plu-

64 1745 156 1776 rumi
186 1745 265 1775 libri
292 1745 346 1775 hic
376 1754 510 1785 quoque
540 1743 759 1776 Clustumina
781 1744 953 1783 scribunt,
990 1743 1164 1785 uolgatum
1193 1741 1411 1781 retinuerim,
1453 1741 1489 1772 in
1520 1740 1609 1772 libro
1639 1740 1680 1771 de
1712 1738 1954 1782 orthographia

65 1798 123 1829 lat.
148 1798 303 1839 exposui.

149 1850 340 1890 Illaec-iam)
380 1849 477 1879 Hanc
500 1849 686 1880 necessario
712 1848 955 1880 restituendam
979 1848 1181 1891 scripturam
1205 1845 1307 1878 fuisse
1335 1847 1391 1878 uel
1423 1846 1450 1878 is
1479 1846 1667 1888 intelleget,
1711 1844 1769 1887 qui
1799 1843 1953 1876 codicum

65 1903 267 1946 scripturas,
302 1915 381 1945 quas
406 1902 484 1933 uide
508 1902 540 1932 in
566 1908 729 1944 apparatu
754 1902 886 1941 critico,
920 1901 1177 1933 examinauerit.
1222 1901 1343 1941 Neque
1368 1911 1450 1930 uero
1477 1900 1642 1937 illetinm,
1673 1899 1763 1940 quod
1785 1897 1953 1930 Graeuius

65 1957 190 1998 aliique
213 1957 438 1998 scripserunt,
467 1961 517 1986 set
541 1956 715 1988 Illaec-iam
738 1966 854 1986 ueram
877 1954 1080 1997 scripturam
1102 1965 1188 1990 esse,
1223 1964 1265 1983 cx
1290 1952 1436 1994 antiquis
1460 1951 1752 1991 inscriptionibus,
1780 1958 1819 1983 ut
1840 1950 1955 1983 moni-

66 2015 140 2040 tum
162 2009 228 2040 iam
248 2020 266 2039 a
290 2009 524 2045 Garatoniost,
558 2009 696 2039 indubie
723 2008 837 2040 docuit
862 2008 1035 2040 Manutius
1058 2006 1099 2037 ad
1123 2007 1219 2038 VIII.
1244 2005 1285 2036 ad
1310 2005 1389 2036 Diu.
1416 2005 1463 2043 8.,
1494 2016 1604 2046 neque
1626 2005 1725 2036 aliter
1747 2005 1820 2048 ipse
1844 2005 1954 2037 Grae-

66 2061 142 2092 uius
166 2061 272 2093 edidit
298 2062 414 2093 multis
440 2074 481 2093 ex
506 2061 601 2092 libris
626 2062 687 2093 lv.
711 2061 752 2092 ad
776 2062 850 2094 Au.
875 2062 921 2100 5.,
955 2060 1090 2091 fauente
1115 2059 1215 2090 etiam
1241 2058 1347 2090 Dn‘ak.
1371 2058 1406 2088 iu
1430 2057 1550 2095 Liuio,
1586 2057 1740 2099 quamuis
1764 2064 1840 2089 ante
1861 2058 1952 2088 hunc

67 2114 254 2144 'rom-euius
275 2116 316 2146 ad
338 2115 413 2148 Ual.
437 2115 532 2146 Max.
558 2115 604 2151 II,
630 2126 667 2156 9,
693 2115 721 2145 6.
753 2126 870 2145 ueram
894 2114 1095 2156 scripturam
1123 2111 1334 2143 contenderit
1358 2122 1444 2148 esse,
1469 2111 1620 2151 Maecia,
1650 2111 1761 2142 nescio
1785 2123 1867 2153 quos
1891 2123 1952 2142 au-

66 2173 174 2198 ctores
203 2174 344 2199 secutus.
389 2168 575 2200 Nobiscum
607 2167 773 2198 consentit
805 2167 904 2198 etiam
934 2167 1147 2208 Dausqueius
1178 2166 1212 2196 in
1246 2164 1430 2205 Orthogr.,
1464 2170 1565 2205 atque
1594 2164 1752 2195 similiter
1781 2165 1951 2202 Maecius,

68 2220 271 2258 Maecilius,
307 2223 519 2254 Illaec-ianus.
565 2219 636 2252 cfr.
667 2220 767 2250 etiam
798 2220 865 2251 On.
899 2219 1080 2250 Panuinius
1112 2219 1153 2250 de
1186 2219 1260 2250 Ciu.
1291 2218 1392 2248 Rom.
1424 2216 1446 2246 l.
1471 2216 1493 2247 l.
1525 2229 1558 2259 p.
1584 2217 1674 2249 282..
1720 2218 1880 2249 Ceterum
1910 2216 1950 2246 de

67 2272 251 2313 scriptura,
279 2284 377 2314 quam
401 2274 574 2306 Manutius
597 2274 726 2317 posuit,
758 2273 898 2305 tertiam
920 2284 983 2315 pro
1007 2273 1181 2305 Maeciam
1202 2269 1280 2301 uide
1305 2280 1389 2311 quae
1413 2269 1544 2312 Proleg.
1568 2271 1609 2302 L.
1633 2270 1693 2301 ΙΙΙ.
1721 2270 1758 2302 C.
1779 2270 1839 2301 III.
1865 2270 1894 2311 ς.
1919 2269 1949 2300 5.

66 2336 99 2368 p.
122 2325 298 2356 LXXVII
321 2338 369 2367 sq.
394 2327 478 2357 dixi.

152 2376 250 2409 Nam
272 2379 444 2410 Maeciam
467 2392 533 2411 non
558 2392 645 2423 quae
667 2380 856 2417 iudicaret,
882 2385 932 2411 set
954 2391 1041 2422 qnae
1064 2378 1266 2416 reiceretur,
1299 2389 1369 2409 esse
1395 2377 1552 2418 uoluisti)
1597 2377 1702 2408 Recte
1732 2374 1948 2413 Garatmxius,

66 2429 159 2461 cuius
182 2431 223 2460 ad
247 2431 336 2461 huuc
359 2432 471 2462 locum
494 2439 608 2464 notam
632 2433 667 2464 in
690 2433 822 2474 Proleg.
850 2444 883 2474 p.
908 2432 1112 2465 LXXVIII.
1136 2430 1327 2473 posuimus,
1361 2436 1541 2472 propterea
1571 2430 1758 2473 sperauisse
1781 2431 1948 2461 Lateren-

1474 2488 1509 2514 28
1523 2484 1535 2497 *
