2264 2746
266 100 318 126 11'4
916 88 1484 118 COMMENTARIUS.

352 167 471 201 Malta
493 167 529 198 in
552 177 588 198 re
605 164 746 209 publica
769 161 938 206 molienti)
984 162 1072 194 Cum
1096 162 1283 203 Lambino,
1308 163 1511 204 Garatonio,
1536 169 1570 195 et
1592 162 1724 195 Orellio
1747 162 1917 205 uolgatam
1938 165 2140 209 scripturam

269 224 306 255 in
336 234 407 254 rem
431 233 468 264 Ρ.
500 217 629 250 mutaui
660 227 703 247 ex
730 214 940 247 Erfurtensis
969 215 1051 247 libri
1080 222 1114 248 et
1133 215 1325 248 Florentini
1355 216 1459 258 primi
1484 217 1683 249 auctoritate
1712 216 1748 247 in
1778 216 1814 248 in
1837 217 2041 259 republica.
2084 220 2140 251 Sic

271 275 341 308 Cic.
364 275 401 306 in
425 273 488 304 Pis.
518 271 565 308 ΙΙ,
597 269 639 307 5.,
671 280 773 311 quem
802 268 916 299 locum
945 268 1148 300 Garatonius
1178 268 1322 310 adtulit,
1356 270 1468 302 multa
1498 271 1534 302 in
1566 282 1602 302 re
1624 269 1767 314 publica
1796 270 2009 310 molientem,
2044 278 2078 304 et
2105 272 2142 305 in

270 330 348 361 Uat.
372 327 440 364 IX,
466 335 516 355 21.
537 322 628 353 nilzil
649 322 685 354 in
709 334 746 354 re
761 321 905 365 publica
926 321 1133 355 molientem.

352 379 436 411 Cum
458 376 518 407 ille
540 387 618 407 eum
638 375 842 413 salutasset,
865 380 904 406 ut
918 373 988 417 fit,
1015 375 1237 420 dixissetque)
1279 368 1454 408 Uerbaut
1467 374 1542 419 fit,
1573 386 1657 418 quae
1679 386 1749 406 non
1772 374 1944 407 intellexit
1966 376 2144 411 VVeiskius

269 439 346 478 post
373 429 583 471 dixissetque
611 427 861 470 transponenda
891 426 1059 467 iudicans,
1100 434 1190 460 arcte
1219 439 1297 459 cum
1326 428 1433 459 uerbo
1463 429 1648 460 salutasset
1677 427 1847 470 iungenda
1868 435 1948 460 sunt
1975 435 2008 461 et
2031 431 2145 473 expli-

270 484 389 521 canda,
425 487 584 513 consueto
606 492 709 513 more.
752 480 820 512 Hic
842 479 934 511 enim
956 492 1071 512 sensus
1095 487 1163 513 est:
1199 482 1287 513 Cum
1316 481 1375 512 ille
1403 492 1482 512 eum
1512 488 1670 512 consueto
1693 491 1790 513 more
1817 481 1992 513 salutasset
2014 482 2146 517 dicens:

272 546 331 570 etc.
378 533 450 566 Cfr.
474 545 537 575 pro
560 534 636 565 Mil.
659 534 716 573 X,
747 533 798 566 28.
813 533 1016 577 paulisper,
1040 535 1122 567 (lum
1144 546 1179 566 se
1201 546 1305 573 uxor,
1332 539 1380 567 ut
1395 533 1479 577 fit,
1504 540 1691 577 conparat,
1720 539 1938 566 conmoratus
1960 541 2022 568 est.

354 588 422 620 Ille
443 587 496 620 M.
517 586 651 619 Antoni
673 586 889 618 uoluntatem
911 603 953 609 —
973 599 1075 630 saepe
1090 588 1302 632 perstrinxit
1325 585 1466 630 inpune)
1517 586 1751 625 Uoluntatem,
1776 585 1805 617 si
1826 592 1938 618 uerast
1959 587 2072 628 lectio,
2094 587 2150 620 in-

271 641 467 683 tellegemus
492 639 533 670 de
555 651 655 671 sensu
678 639 713 670 in
736 650 773 670 re
799 637 935 682 publica
961 639 1082 680 [scribe
1105 653 1178 672 rem
1194 639 1386 684 publicam]
1412 645 1445 670 et
1466 637 1635 681 partibus,
1661 644 1701 669 ut
1721 637 1912 682 προαίρεσις
1935 646 2017 682 aput
2039 641 2150 673 Grae-

270 707 325 726 cos
349 692 484 733 dicitur,
507 691 598 734 quod
621 698 799 723 contextus
822 690 950 723 suadet.
995 694 1085 725 Nam
1108 693 1173 724 hoe
1196 693 1287 732 dicit,
1311 698 1349 724 ut
1372 690 1530 723 defendat
1553 691 1745 722 libertatem
1767 690 1881 722 Planci
1903 692 1938 723 in
1962 694 2151 736 reprehen-

272 746 391 779 dendis
414 745 573 784 consiliis,
600 745 742 777 decretis
765 745 1033 787 magistratuum,
1060 752 1204 778 senatus.
1231 747 1457 778 ERNESTIUs.
1501 744 1699 777 Uerissuma
1722 744 1820 775 lectio
1843 745 2019 787 uolgatast,
2041 752 2154 778 recte-

272 811 338 843 que
360 798 439 830 satis
461 799 501 829 ab
525 798 682 830 Ernestio
705 798 891 840 explicata,
921 804 960 829 ut
981 804 1073 840 patet
1096 810 1139 830 ex
1162 798 1214 830 his
1237 798 1339 831 locis:
1373 799 1443 831 Cic.
1465 797 1615 840 Philipp.
1638 797 1740 835 XIII,
1772 798 1809 836 6,
1845 799 1893 830 15.
1931 797 1985 831 Ac
2007 810 2049 831 ne
2070 800 2153 831 illut

273 853 410 896 quidem
431 852 569 883 silentio
586 851 880 895 praetereundum
896 858 1005 895 Ριιίο,
1028 853 1119 895 quod
1140 852 1339 884 clarissumi
1361 853 1434 885 uiri
1455 851 1583 895 legati,
1606 862 1751 894 quorum
1773 851 1906 883 habetis
1927 851 2153 893 cognitam

272 906 542 939 uoluntatem
565 905 609 936 in
632 904 971 947 rempublicam,
1007 916 1178 948 eamque
1203 911 1468 949 perpetuam
1493 910 1625 947 atque
1655 909 1941 943 constantem,
1972 908 2035 934 etc.
2059 902 2154 935 etin

275 962 347 991 Cat.
370 959 435 997 III,
460 969 499 1000 9,
524 968 574 989 22.
605 957 674 989 Dis
696 969 759 1000 ego
782 956 1025 989 inmortalibus
1047 958 1192 989 ducibus
1215 959 1303 990 lianc
1326 963 1471 990 mentem
1494 957 1856 1000 uoluntatemque
1877 957 2070 1001 suscepi,
2097 963 2153 989 at-

274 1025 339 1056 que
357 1013 405 1044 act
426 1012 509 1044 llaec
532 1016 632 1043 tanta
653 1011 785 1042 indicia
805 1010 964 1054 perueni.
1006 1010 1148 1041 Prorsus
1172 1010 1281 1041 aliena
1302 1016 1415 1041 autem
1439 1009 1550 1041 Orelli
1582 1009 1823 1049 coniecturast,
1862 1009 2062 1041 Ciceronem
2092 1022 2155 1042 uo-

272 1065 482 1097 lubilitatem
504 1063 675 1106 scripsisse
701 1063 881 1106 opinantis.
925 1063 1046 1104 Neque
1062 1063 1154 1094 enim
1177 1063 1379 1096 uolubilitas
1400 1074 1470 1094 non
1491 1062 1606 1093 addita
1630 1073 1714 1093 uoce
1735 1063 1879 1106 linguae
1900 1062 1956 1094 hic
1976 1062 2070 1105 poni,
2093 1073 2158 1093 ne-

273 1129 339 1160 que
373 1117 522 1148 adtribui
560 1117 680 1148 Crasso
717 1121 751 1146 et
784 1114 938 1146 Antonio
975 1114 1106 1156 potuit,
1153 1113 1195 1145 de
1233 1115 1353 1156 quibus
1389 1116 1489 1158 longe
1526 1116 1627 1147 aliter
1662 1115 1789 1146 iudicat
1824 1115 1942 1146 Cicero
1977 1115 2014 1146 in
2045 1115 2154 1147 Bruto

274 1172 312 1203 C.
335 1170 517 1202 XXXVII
535 1181 625 1210 sqq.⁷
657 1179 789 1209 neque,
821 1173 1005 1209 utrumque
1028 1174 1065 1198 ut
1089 1166 1162 1198 fieri
1186 1167 1337 1210 potuisse
1359 1168 1555 1209 concedam,
1589 1168 1661 1200 ullo
1684 1173 1781 1211 pacto
1803 1167 2055 1200 accommodata
2076 1168 2157 1200 huic

273 1225 346 1255 loeo
371 1221 592 1253 uolubilitatis
615 1220 749 1262 linguae
772 1219 944 1250 mentiost.

356 1274 464 1307 Nunc
490 1285 598 1317 usque
628 1284 666 1304 eo
689 1279 738 1305 est
760 1285 924 1317 oppressa
946 1278 1065 1305 nostra
1087 1273 1298 1316 adrogantia
1329 1275 1470 1316 ciuitas)
1515 1274 1649 1306 Caute
1677 1273 1837 1304 factum
1869 1280 1936 1306 est
1961 1274 2021 1306 ita
2049 1285 2157 1317 pro-

273 1325 518 1360 nuntiando
549 1331 698 1356 nostra
726 1325 997 1368 adrogantia,
1034 1326 1235 1368 quoniam
1267 1326 1477 1358 sinestra
1506 1326 1766 1369 adrogantia
1788 1325 1858 1356 uel
1883 1327 2156 1368 quorundam

275 1379 486 1423 superbia
515 1378 703 1410 dixisset
731 1390 814 1410 non
848 1378 1083 1421 adfigendo
1113 1379 1307 1410 sermoni
1341 1391 1455 1410 suam
1486 1378 1734 1410 societatem
1764 1378 1930 1421 aliquid
1960 1378 2155 1412 offensae

274 1432 390 1477 apud
413 1431 617 1474 quosdam
640 1432 947 1474 praepotentis
977 1432 1237 1463 contrahere
1265 1432 1494 1475 potuisset.
1539 1432 1699 1463 ScnoLn
1721 1431 1981 1463 AMBROSIANA.
2024 1432 2158 1464 Permi-

275 1491 403 1525 tumst,
440 1485 542 1516 etiam
571 1490 648 1527 post
677 1485 741 1516 hoc
766 1484 962 1527 interpretis
984 1485 1205 1518 Ambrosiani
1228 1485 1394 1517 monitum
1421 1484 1645 1516 Gai-monium
1668 1483 1876 1515 deteriorum
1899 1484 2053 1517 codicum
2075 1486 2161 1518 scri-

276 1545 414 1583 pturam
444 1543 562 1569 uestra
591 1536 765 1580 praeferre
788 1537 955 1580 potuisse,
987 1537 1211 1569 scribentem:
1249 1561 1269 1576 .,
1280 1538 1366 1569 Cum
1390 1536 1471 1568 dicit
1499 1543 1637 1575 uestra,
1671 1537 1883 1569 nobilitatem
1905 1537 2090 1581 intellegit,
2122 1538 2159 1570 in

277 1603 344 1635 qua
370 1590 564 1622 Laterensis
593 1591 845 1622 numerabatur.
891 1592 1008 1632 Itaque
1041 1591 1152 1634 ipsum
1176 1590 1378 1621 Bauaricum
1416 1596 1537 1622 nostra
1565 1591 1776 1633 adrogantia
1805 1591 2025 1623 exhibentem
2058 1591 2157 1623 facile

277 1643 475 1686 contempsi.
521 1643 570 1676 At
591 1655 681 1674 nunc
706 1643 739 1674 in
764 1643 991 1676 Ambrosiano
1015 1643 1206 1686 antiquiore
1230 1643 1321 1674 idem
1344 1649 1519 1685 repertum
1541 1642 1659 1680 uideo;
1693 1643 1906 1675 scholiastem
1927 1650 2102 1688 praeterea
2122 1644 2158 1676 id

277 1697 445 1729 inculcare
468 1707 505 1726 ac
529 1695 728 1728 defendere:
763 1698 925 1740 quoniam
942 1716 985 1721 —
1000 1698 1184 1741 potuisset.
1227 1696 1420 1728 Uerebatur
1439 1695 1473 1726 id
1497 1695 1623 1727 scilicet
1644 1695 1693 1726 M.
1718 1696 1854 1736 Cicero,
1890 1697 1947 1739 qui
1969 1696 2031 1728 hac
2052 1696 2158 1728 liber-

280 1757 347 1782 tate
370 1748 493 1780 cotidie
516 1749 591 1781 iure
613 1749 771 1780 utebatur
794 1762 866 1781 suo.
913 1750 998 1792 Quis
1021 1762 1125 1793 porro
1151 1744 1230 1780 eum*
1250 1755 1347 1791 putet
1369 1749 1602 1791 adrogantiae,
1640 1760 1741 1790 quam
1762 1749 2046 1792 reprehendebat,
2076 1761 2158 1792 par-

280 1804 417 1846 ticipem
447 1802 522 1833 fieri
547 1802 721 1835 uoluisse?
766 1802 890 1834 Melius
918 1809 1036 1834 nostra
1058 1802 1277 1845 explicasset,
1313 1808 1510 1834 nostrornm
1534 1804 1765 1845 temporum.“
1808 1803 1895 1833 Cum
1917 1801 2069 1832 minume
2095 1802 2159 1834 hoc

281 1858 354 1888 loco
377 1856 418 1887 de
441 1855 597 1886 libertate
618 1843 800 1896 loq'uendi,
838 1867 903 1896 qua
928 1855 1091 1897 ignobiles
1114 1856 1150 1886 in
1175 1855 1298 1886 nobilis
1324 1855 1376 1886 uti
1398 1855 1660 1897 prohibeantur,
1696 1865 1806 1885 sermo
1829 1853 1887 1891 sit,
1920 1859 1971 1885 set
1994 1853 2035 1884 de
2055 1854 2160 1886 adro-

280 1909 392 1952 gantia
413 1907 586 1946 senatoris,
614 1907 721 1949 qualis
744 1908 936 1940 Laterensis
960 1908 1040 1947 fuit,
1064 1909 1100 1939 in
1122 1908 1329 1951 publicanos,
1354 1907 1389 1938 id
1414 1907 1503 1949 quod
1526 1913 1599 1938 tum
1619 1918 1661 1938 ex
1684 1905 1795 1937 uerbis
1819 1906 1848 1947 ἕ.
1873 1906 1923 1937 55.
1948 1917 1974 1936 c.
2002 1907 2061 1945 15„
2084 1913 2158 1939 tum

281 1974 325 1993 ex
347 1963 378 2003 ς.
402 1961 453 1993 54,
474 1965 584 2003 patet,
617 1959 762 2002 ideoque
792 1959 988 2003 adrogantia
1018 1961 1243 2003 intellegenda
1272 1960 1467 1992 sit-ordinis
1490 1960 1655 1999 senatori,
1687 1958 1872 1990 necessario
1896 1958 2014 1990 Cicero
2041 1966 2160 1992 nostra

283 2015 493 2058 adrogantia
517 2013 627 2044 dicere
650 2012 776 2044 debuit.
821 2013 981 2054 Accedit,
1016 2014 1107 2056 quod
1138 2020 1258 2046 uostra
1287 2013 1315 2045 si
1343 2013 1499 2052 dixisset,
1531 2011 1567 2043 id
1596 2011 1721 2043 iudices
1750 2011 1792 2041 ad
1814 2022 1849 2042 se
1873 2011 2046 2054 pertinere
2067 2012 2160 2044 arbi·-

284 2067 367 2097 trari
391 2065 593 2097 debuissent.

377 2120 423 2151 Ut
454 2132 539 2162 quae
559 2119 640 2162 fuit
663 2119 745 2150 olim
766 2136 808 2143 ——
831 2120 877 2151 sit
907 2132 1062 2152 concessa
1089 2118 1244 2161 libertas)
1287 2119 1412 2150 Facta
1441 2117 1576 2150 simul
1606 2115 1820 2160 συγκρίσει
1842 2117 1880 2160 ¹).
1926 2118 2033 2149 Nam
2059 2130 2158 2160 gra-

286 2171 381 2202 uius
414 2171 672 2202 deridebere
703 2172 780 2203 hoc
808 2186 830 2205 a
859 2184 1077 2216 praecone
1108 2172 1243 2213 dicto,
1284 2184 1404 2214 quam
1431 2172 1477 2203 ab
1508 2170 1653 2212 equite
1685 2181 1862 2201 romano
1886 2171 1927 2214 ²).
1974 2172 2157 2204 Grauius

362 2296 389 2333 1)
428 2293 566 2332 Spatium
587 2295 676 2323 unius
696 2297 785 2325 uerbi
805 2298 931 2336 expleui
951 2299 1103 2328 uocabulo
1124 2310 1242 2337 graeco.
1280 2299 1318 2328 A.
1340 2299 1458 2327 Mnus.

358 2340 390 2379 2)
430 2341 537 2369 COdCX
562 2343 645 2371 -Nam
668 2347 802 2380 granius
828 2346 1001 2376 deridebere
1028 2348 1083 2376 hoc
1106 2358 1261 2386 praecone
1288 2347 1405 2374 ‹lic-tum
1431 2354 1524 2382 quam
1550 2342 1588 2370 ab
1615 2343 1714 2381 equite
1742 2352 1876 2372 romano.
1916 2344 1976 2372 Pro
1997 2353 2033 2372 eo
2053 2343 2156 2383 posuit

290 2388 402 2418 Maius:
422 2387 465 2416 Ν.
482 2399 532 2426 gr.
553 2389 581 2417 d.
603 2392 630 2417 si
649 2390 705 2417 hoc
725 2402 744 2418 α
761 2402 912 2428 praecone
932 2395 1049 2422 dictum
1068 2397 1127 2431 sit,
1154 2405 1247 2427 quam
1266 2395 1294 2421 si
1313 2393 1350 2420 ab
1371 2394 1471 2429 equite
1491 2401 1625 2420 romano.
