2264 2746
264 96 316 124 134
908 87 1481 117 COMMENTARIUS.

264 169 330 204 est,
363 163 391 195 si
421 165 502 206 quid
532 164 730 202 addidisset,
764 174 821 194 reo
849 161 908 194 uel
934 163 1101 202 Plancio,
1134 173 1235 205 quam
1262 163 1344 196 lzuic
1373 161 1476 195 fuisse
1504 163 1726 196 adiecturum.
1772 163 1844 196 cfr.
1875 164 1976 197 etiam
2004 165 2136 208 Proleg.

262 218 304 249 L.
328 217 370 249 II.
395 218 433 249 C.
457 219 482 249 I.
508 219 537 259 ς.
562 218 612 248 8..

349 271 384 304 C.
405 271 554 314 Alfium)
598 269 660 300 Est
683 268 821 300 omnino
850 270 887 301 C.
911 268 1022 302 Alfius
1044 268 1188 307 Flauus,
1211 274 1249 299 ut
1272 267 1345 299 dixi
1368 268 1434 300 iam
1455 270 1590 312 pridem
1615 270 1656 301 ad
1680 282 1707 301 c.
1731 269 1802 309 42„
1829 269 1944 311 ibique
1966 280 2056 301 nunc
2077 269 2141 300 311-

264 323 345 365 quid
369 336 443 354 sum
465 323 652 353 additurus.
687 322 947 354 GARATONIUS.
992 321 1158 353 Garatoni
1181 320 1409 354 dissertationi
1432 322 1473 354 de
1497 324 1535 355 C.
1557 323 1651 357 Alfio
1674 323 1711 354 in
1733 323 1865 365 Proleg.
1888 324 1931 355 L.
1954 324 2014 355 III.
2040 323 2078 354 C.
2099 323 2142 353 11.

263 387 296 418 p.
320 377 424 408 LXX
446 386 518 416 sqq.
545 375 657 405 locum
681 374 847 408 dedimus.

347 430 455 468 Quem
477 428 595 466 habet,
629 429 685 460 cui
708 429 918 460 notissmnus
942 439 1012 458 esse
1041 426 1155 467 (lebet,
1188 427 1362 466 uicinum,
1399 428 1573 471 tribulem)
1619 428 1757 460 Rectius
1782 428 1871 460 foret
1894 428 2032 466 debeat,
2066 425 2144 468 quia

266 480 435 523 praecedit
457 481 568 513 habet.
594 482 818 512 ERNESTlt’s.
864 479 962 512 Nihil
991 491 1130 521 prorsus
1153 480 1366 511 mutandum.
1411 481 1534 512 Sensus
1558 487 1627 513 est:
1661 494 1762 524 quem
1786 482 1946 524 quoniam
1969 481 2070 512 habet
2091 477 2147 508 ui-

268 535 395 571 cinum,
420 534 597 574 tribulem,
621 533 826 566 notissumus
852 533 882 563 ei
905 543 974 563 esse
997 532 1106 563 debet.
1151 532 1252 565 Unde
1270 534 1525 565 alienissumum
1550 534 1623 566 fore
1645 535 1786 566 modum
1809 534 2062 566 coniunctiuom
2086 542 2147 573 pa-

267 591 324 616 tet.
368 587 447 617 Non
477 587 589 620 minus
621 588 729 619 miror
759 585 949 622 Orellium,
985 585 1042 627 qui
1073 585 1267 617 Manutium
1297 593 1428 618 secutus
1458 587 1498 617 ad
1523 587 1556 618 11.
1586 587 1698 618 10011111
1728 589 1923 620 adnotauit:
1967 585 2148 628 „Alfilmb

267 651 363 681 quem
386 640 487 671 habet
511 641 582 672 scil.
605 640 848 682 quaesitorem,
885 639 941 671 cui
964 639 1175 670 notissumus
1197 651 1267 670 esse
1290 639 1404 678 clebet3
1438 641 1612 679 uicinum,
1650 641 1810 673 tribulem
1839 654 1908 673 non
1929 639 2081 683 pendent
2103 647 2147 667 ex

264 691 368 722 uerbo
391 693 511 732 habet,
544 699 595 725 set
617 699 694 725 sunt
718 692 867 735 epitheta
887 691 929 722 ad
951 703 1025 722 1100.
1047 690 1185 733 Alfium
1210 690 1432 723 referenda.“
1476 693 1572 734 Quae
1595 694 1832 736 interpretatio
1856 705 1938 725 uera
1960 703 2029 724 esse
2051 689 2147 721 nullo

262 750 360 786 pacto
381 752 493 787 potest
515 757 591 778 cum
615 746 687 777 aliis
712 745 753 776 de
778 745 910 783 caussis,
935 750 1008 775 tum
1032 756 1193 775 maxume
1215 751 1358 787 propter
1380 745 1493 784 uerba,
1517 748 1575 778 cui
1597 748 1808 779 notissmnns
1831 760 1901 779 esse
1923 745 2038 784 debet3
2063 753 2147 785 quae

263 796 308 835 si,
332 797 367 828 id
392 798 481 840 quod
506 799 577 830 uolt
595 798 758 837 Orellius,
781 798 823 829 ad
847 798 1009 829 omissum
1033 809 1157 829 nomen
1182 799 1390 841 quaesitoris
1413 797 1620 839 referuntur,
1644 801 1793 842 ineptam
1814 799 1990 830 continent
2011 802 2148 828 senten-

263 849 356 881 tiam.
400 852 480 883 Non
505 852 594 882 enim
621 853 658 883 C.
682 852 791 890 Alfio,
830 851 921 893 quod
945 851 1116 892 quaesitor
1139 851 1197 891 sit,
1232 851 1458 882 notissumum
1482 852 1656 884 Plancium
1685 853 1808 884 debere
1836 864 1906 884 esse
1937 850 2003 882 dici
2025 853 2148 892 potest,

263 908 313 933 set
337 904 427 944 quod
451 905 581 936 uicinus
605 905 649 936 sit
672 911 705 936 et
728 904 873 936 tribulis.
918 905 1036 945 Itaque
1060 904 1179 943 uerba,
1213 905 1271 936 cui
1293 906 1505 937 notissumus
1536 918 1606 938 esse
1629 907 1743 945 debet,
1776 904 1963 937 necessario
1993 913 2069 933 cum
2095 900 2148 940 iis,

262 955 352 987 inter
376 968 460 998 quae
481 964 559 989 sunt
582 958 774 990 interiecta.
799 969 898 1000 quem
919 956 1020 988 habet
1043 957 1210 993 uicinum,
1234 958 1412 995 tribulem,
1434 958 1631 990 arctissume
1653 965 1732 990 sunt
1757 956 2001 1000 coniungenda.

347 1010 454 1043 Cuius
479 1012 617 1054 quidem
642 1011 820 1054 aequitas,
860 1015 892 1042 et
915 1023 955 1041 ea
978 1010 1141 1042 uoluntas
1171 1023 1257 1054 erga
1286 1012 1345 1043 Cn.
1375 1012 1503 1043 Planci
1533 1011 1694 1055 sulutem)
1740 1013 1832 1044 Ante
1861 1007 2088 1043 Garatonium
2117 1011 2150 1036 et

265 1062 436 1094 Orellium
460 1065 495 1095 iu
519 1063 675 1094 omnibus
699 1063 770 1094 sere
793 1063 999 1094 editionibus
1022 1075 1085 1105 pro
1109 1069 1141 1095 et
1164 1077 1203 1095 ea
1227 1065 1390 1095 uoluntas
1412 1063 1631 1103 scribebatur,
1657 1071 1690 1096 et
1712 1078 1805 1096 meae
1827 1064 1952 1096 similis
1975 1060 2150 1093 uoluntas.

263 1115 316 1146 De
341 1128 406 1157 qua
429 1117 595 1159 scriptura
618 1116 751 1147 monuit
765 1116 988 1147 Garatonius:
1011 1117 1149 1155 „Huius
1174 1117 1238 1147 loci
1264 1124 1360 1148 uetus
1385 1117 1582 1160 deprauatio
1605 1115 1679 1155 fuit,
1705 1124 1737 1149 et
1752 1131 1827 1150 mea
1850 1118 2026 1152 uoluntas,
2049 1121 2151 1154 quam

265 1168 365 1199 etiam
391 1170 426 1200 in
446 1170 595 1211 quinque
612 1169 710 1200 Britt.
734 1168 889 1210 [aliisque
912 1169 1044 1208 multis]
1069 1181 1138 1200 esse
1154 1169 1266 1201 uideo.
1313 1170 1448 1201 Deinde
1470 1170 1652 1201 audaculus
1679 1170 1876 1201 emendator
1898 1168 2022 1206 extitit,
2048 1177 2067 1197 a
2083 1175 2149 1207 quo

263 1232 358 1252 meae
380 1223 505 1253 similis
528 1221 720 1263 profectum
743 1227 802 1252 est.
848 1222 878 1252 Is
903 1234 986 1253 uero
1014 1234 1082 1253 11011
1107 1223 1284 1263 cogitauit,
1313 1222 1499 1254 defensoris
1524 1234 1602 1265 erga
1623 1234 1721 1254 reum
1746 1230 1779 1254 et
1803 1221 2002 1265 quaesitoris
2024 1219 2152 1250 uolun-

265 1278 367 1304 tatem
390 1274 536 1305 similem
561 1285 631 1304 esse
654 1285 721 1304 non
747 1273 911 1305 debuisse.
956 1274 1086 1306 Idcirco
1110 1276 1283 1316 sequitur,
1323 1288 1427 1319 quam
1449 1276 1509 1307 ille
1531 1277 1605 1308 sine
1631 1277 1705 1308 ulla
1727 1276 1932 1319 cupiditatis
1957 1273 2151 1316 suspicione

263 1338 348 1368 prae
371 1339 405 1358 se
417 1326 508 1369 fert.
552 1327 634 1357 Erat
658 1326 761 1369 igitur
785 1326 856 1357 Erf.
882 1327 1085 1370 iampridem
1109 1327 1429 1369 obtemperandum,
1454 1339 1545 1359 nunc
1569 1340 1652 1359 uero
1678 1335 1710 1360 et
1727 1329 1777 1359 illi
1801 1335 1834 1359 et
1854 1329 1937 1359 Bau.
1960 1324 2151 1368 parendum

265 1385 324 1416 est,
349 1379 407 1420 qui
430 1379 618 1410 uerissume
641 1379 731 1418 dant,
756 1386 789 1411 et
810 1392 848 1412 ea
872 1381 1076 1412 uoluntas.“
1123 1380 1193 1412 Cfr.
1218 1382 1253 1411 iu
1278 1383 1378 1414 Uerr.
1394 1382 1419 1420 I,
1447 1392 1495 1420 12,
1520 1382 1571 1413 55.
1597 1407 1611 1414 1
1627 1383 1695 1414 Tam
1718 1382 1799 1413 illut
1825 1381 1911 1413 mihi
1933 1389 2150 1422 nequaquam

266 1432 412 1474 dignum
442 1432 619 1464 industria
647 1439 839 1476 conatuque
867 1446 939 1465 meo
968 1433 1171 1473 uidebatur,
1208 1435 1314 1466 istum
1346 1447 1368 1466 a
1390 1447 1443 1466 me
1474 1435 1511 1466 in
1538 1436 1708 1467 iudicium
1738 1435 1808 1466 iam
1838 1434 1991 1465 omnium
2019 1431 2149 1464 iudicio

266 1485 551 1527 condempnatum
579 1487 717 1525 uocari,
752 1487 821 1518 nisi
844 1487 912 1518 ista
935 1492 997 1517 tua
1019 1487 1248 1518 intolerabilis
1267 1488 1427 1530 potentia
1456 1493 1495 1518 et
1518 1500 1566 1519 ea
1598 1488 1845 1531 cupiditas,
1879 1499 1947 1530 qua
1968 1498 2031 1530 per
2052 1487 2150 1518 hosce

265 1550 372 1569 annos
395 1539 431 1569 in
455 1538 660 1580 quibusdam
684 1540 825 1570 iudiciis
849 1552 931 1570 usus
959 1552 1011 1576 65,
1034 1540 1140 1571 etiam
1163 1541 1198 1571 in
1223 1541 1325 1571 istius
1348 1541 1496 1572 hominis
1520 1541 1695 1583 desperati
1717 1553 1839 1572 caussa
1863 1541 2150 1583 interponeretur.

351 1591 435 1624 Non
450 1590 569 1634 fitis-se
582 1591 777 1635 fitgienclos
802 1592 940 1623 tribulis
963 1592 1044 1623 lzuic
1069 1593 1215 1634 iudices)
1261 1593 1348 1624 Cum
1379 1592 1413 1623 iu
1437 1593 1610 1635 plerisque
1633 1591 1838 1624 editionibus
1863 1593 2029 1636 scriptum
2053 1597 2150 1623 exta-

266 1651 334 1683 ret,
361 1657 427 1676 non
442 1644 560 1688 fuisse
575 1644 793 1687 fugiendum
816 1645 977 1677 tribulem
999 1646 1081 1677 huic
1103 1647 1269 1685 iudicem,
1293 1645 1490 1677 rectissume
1515 1647 1720 1678 Garatonius
1744 1659 1812 1678 uno
1836 1647 1942 1678 uerbo
1967 1656 2149 1677 numerum

266 1698 433 1740 pluralem
462 1709 504 1728 ex
533 1703 754 1738 optuiuorum
784 1697 952 1728 librorum
980 1698 1179 1729 auctoritate
1208 1698 1457 1730 restituendum
1488 1699 1632 1730 monuit.
1677 1700 1911 1731 Nihilominus
1938 1699 2020 1730 haec
2049 1697 2090 1728 ad
2112 1697 2146 1729 h.

266 1752 378 1782 locum
400 1750 545 1792 protulit
568 1750 738 1781 Orellius:
771 1752 931 1788 „Uerum
955 1750 1037 1781 haut
1060 1751 1218 1791 deerunt,
1247 1752 1367 1793 quibus
1391 1751 1501 1782 adhuc
1522 1751 1785 1794 praeferendum
1810 1753 1982 1790 uideatur,
1997 1750 2148 1794 fitgien-

268 1807 349 1837 dum
372 1803 532 1835 tribulem
553 1803 634 1834 huic
655 1803 820 1842 iuclicem3
846 1803 910 1834 hoc
934 1804 1045 1842 enim,
1072 1804 1239 1845 inquient,
1264 1810 1336 1836 tum
1358 1805 1545 1835 conlectiue
1567 1805 1671 1847 accipi
1694 1812 1816 1848 potest,
1840 1812 1913 1837 tum
1935 1804 2039 1846 magis
2065 1814 2148 1834 con-

268 1858 364 1888 cinne
386 1855 569 1898 respondet
597 1866 690 1896 seqq.
714 1857 942 1898 quaesitorem
965 1857 1147 1895 tribulem,-
1185 1863 1259 1888 tum
1282 1857 1428 1900 denique
1453 1869 1496 1888 ex
1520 1858 1582 1889 ista
1604 1858 1677 1901 lege
1700 1858 1832 1890 Licinia
1862 1870 1931 1889 non
1954 1867 2070 1888 omnes
2092 1856 2148 1887 iu-

269 1910 355 1941 dices
380 1915 475 1940 erant
497 1908 545 1939 rei
569 1908 720 1947 tribules,
756 1916 807 1941 set
829 1921 905 1941 cuin
930 1921 1091 1940 maxume
1113 1911 1212 1942 tertia
1235 1923 1354 1942 eorum
1377 1923 1465 1954 pars,
1488 1911 1547 1942 ubi
1569 1911 1696 1942 scilicet
1718 1923 1812 1942 suam
1834 1910 1906 1953 ipse
1928 1909 2055 1941 tribum
2078 1920 2148 1940 non

267 1963 427 1994 reiecerat
450 1974 537 1993 reus.
581 1962 814 1995 Nihilominus
838 1963 986 2006 optumis
1009 1963 1106 1994 codd.
1130 1964 1318 2006 parendum
1343 1965 1498 1997 censui.“
1542 1965 1664 2006 Neque
1687 1965 1791 1996 iudex
1813 1963 1882 1994 ullo
1905 1961 2008 1993 modo
2032 1962 2150 1993 conle-

269 2016 356 2046 ctiue
377 2021 488 2057 potest
510 2014 632 2056 accipi,
661 2026 771 2057 neque
795 2016 1001 2047 concinnitas
1024 2016 1201 2058 utriusque
1224 2017 1370 2048 membri
1392 2017 1427 2048 in
1452 2017 1586 2057 eadem,
1620 2028 1704 2059 quae
1726 2016 1789 2048 sibi
1813 2020 2048 2058 opponuntur,
2083 2026 2148 2046 no-

268 2067 398 2100 minum
421 2068 659 2099 terminatione
686 2069 894 2111 quaerenda,
918 2080 1002 2111 quae
1025 2080 1142 2111 aspere
1164 2070 1277 2112 potius
1301 2070 1341 2101 ad
1365 2070 1456 2102 auris
1479 2070 1661 2109 accideret,
1685 2080 1794 2110 neque
1817 2067 1962 2109 denique
1986 2079 2147 2099 numerus

268 2120 420 2164 pluralis,
435 2120 630 2163 fugiendos
654 2122 793 2154 tribulis
818 2123 899 2155 lzuic
918 2123 1060 2161 iudices,
1085 2122 1154 2153 ulla
1173 2122 1304 2153 ratione
1330 2123 1504 2165 significat,
1531 2124 1640 2155 omnis
1663 2122 1788 2153 iudices
1812 2121 1860 2151 rei
1874 2121 2008 2152 tribulis
2031 2119 2145 2160 fuisse,

268 2179 319 2205 set
338 2172 512 2203 Plancium
535 2174 687 2206 minume
709 2187 808 2218 aegre
830 2175 933 2208 fuisse
955 2175 1122 2215 laturum,
1149 2176 1177 2207 si
1200 2176 1289 2207 inter
1310 2176 1438 2208 iudices
1461 2177 1562 2208 etiam
1585 2175 1724 2207 tribules
1751 2173 1821 2205 eius
1844 2173 1996 2206 fuissent.

1051 2266 1079 2300 C
1096 2265 1128 2299 A
1142 2266 1182 2299 P.
1225 2266 1364 2300 XVIII.

356 2330 385 2372 §.
409 2329 461 2361 44.
506 2330 630 2373 Neque
651 2344 713 2374 ego
738 2347 829 2366 nunc
855 2335 1037 2366 consiliam
1060 2335 1268 2377 reprehendo
1299 2332 1411 2375 tuum)
1456 2332 1619 2364 Concedit
1646 2333 1782 2364 tandem
1807 2333 1944 2371 Cicero,
1978 2334 2144 2365 Lateren-

270 2394 357 2423 sem,
385 2394 589 2425 quamquam
611 2391 727 2417 conii-a
749 2387 949 2418 sententiam
971 2387 1072 2429 legis,
1103 2394 1215 2418 tamen
1237 2387 1279 2418 ad
1297 2398 1396 2418 51111111
1420 2385 1524 2427 ipsius
1548 2386 1764 2417 commodum
1788 2386 2143 2418 accommodatissume
