2264 2746
261 87 295 113 42
781 76 826 104 M.
865 73 1033 102 TULLI
1076 74 1364 103 CICERONIS
1394 74 1600 104 ORATIO

263 151 517 191 familiaritatis,
540 151 741 188 uicinitatis,
763 149 869 192 patris
891 148 1082 181 amicitiae?
1113 160 1198 191 quae
1222 149 1251 180 si
1272 161 1343 181 non
1365 157 1491 190 essent,
1513 162 1654 182 uererer
1675 150 1796 188 credo,
1818 164 1861 184 ne
1882 154 2031 197 turpiter
2054 154 2144 186 faco-

268 220 360 247 rem,
395 206 424 238 si
457 205 520 237 hoc
553 203 733 246 splendore
764 208 797 233 et
825 201 888 233 hac
918 201 1079 244 dignitate
1109 202 1285 234 hominem
1318 201 1546 235 defenderem.
1593 203 1769 246 Fingenda
1790 203 1856 236 fuit
1877 206 1963 237 mihi
1985 207 2146 240 uidelicet

270 272 382 293 caussa
404 264 579 302 peracuta,
617 261 656 286 ut
682 254 731 293 ei,
771 265 872 296 quem
896 255 982 286 mihi
1005 254 1128 285 debere
1151 260 1340 297 oporteret,
1377 266 1437 297 ego
1461 266 1516 287 me
1542 256 1656 287 omnia
1685 255 1808 288 debere
1838 257 1996 290 dicerem.
2039 261 2089 293 At
2111 261 2147 293 id

271 315 373 346 etiam
395 309 538 354 gregarii
559 307 684 339 milites
706 306 835 339 faciunt
857 307 976 346 inuiti,
1009 313 1048 338 ut
1070 318 1229 338 coronam
1253 307 1334 338 dent
1354 307 1495 340 ciuicam
1518 316 1551 341 et
1573 321 1607 341 se
1629 309 1669 341 ab
1693 309 1807 351 aliquo
1830 317 1981 343 seruatos
2004 324 2073 345 esse
2094 313 2148 346 fa-

270 373 422 399 teantur:
446 373 514 393 nou
538 372 603 402 quo
626 366 727 403 turpe
749 360 808 401 sit,
841 366 1033 403 protectum
1058 359 1095 390 in
1117 359 1187 390 acie
1212 371 1255 391 ex
1274 360 1424 392 hostium
1446 362 1601 394 manibus
1629 361 1716 405 eripi
1740 363 1829 403 (nam
1851 363 1887 394 id
1910 364 2061 396 accidere
2082 366 2148 398 nisi
2242 355 2251 373 ⁹

270 419 351 451 sorti
374 417 448 447 uiro
474 419 506 444 et
521 412 685 455 pugnanti
708 414 896 445 comminus
919 424 988 444 non
1008 413 1144 455 potest,)
1171 419 1221 444 set
1238 425 1322 444 onus
1346 413 1488 445 benefici
1509 414 1744 455 reformidant,
1769 413 1861 457 quod
1882 423 2149 459 permagnumst,

226 479 261 507 73
271 474 379 505 alieno
404 468 526 499 debere
549 465 640 497 idem
670 467 761 509 quod
788 465 934 510 parenti.
978 465 1069 507 Ego,
1107 477 1183 497 cum
1206 466 1310 498 ceteri
1331 477 1413 498 uera
1435 467 1613 508 beneficia,
1644 468 1745 500 etiam
1770 467 1905 500 minora
1928 469 2152 511 dissimulent,

270 537 313 558 ne
336 519 473 563 obligati
496 529 566 550 esse
588 518 786 560 uideantur,
826 531 865 551 eo
888 530 943 550 me
973 517 1135 550 beneficio
1165 519 1364 551 obstrictum
1395 531 1465 552 esse
1498 521 1684 562 ementior,
1720 521 1774 552 cui
1803 532 1847 552 ne
1869 521 1991 554 referri
2014 522 2153 564 quidem

270 576 375 620 gratia
399 583 497 616 posse
519 571 701 605 uideatur?
745 572 804 605 An
826 573 891 604 hoc
913 578 966 612 tu,
990 572 1194 611 Laterensis,
1218 573 1379 615 ignoras?
1403 573 1461 616 qui
1487 585 1564 605 cum
1589 574 1675 605 mihi
1700 585 1785 606 esses
1808 574 2052 616 amicissumus,
2075 587 2154 607 cum

270 628 326 659 uel
351 624 543 668 periculum
565 623 655 655 uitae
678 631 755 656 tuae
777 637 911 657 mecum
934 625 1062 657 sociare
1084 625 1268 664 uoluisses,
1307 637 1384 657 cum
1406 637 1460 657 me
1482 626 1519 657 in
1541 626 1601 657 illo
1624 626 1714 658 tristi
1737 632 1772 657 et
1791 627 1911 659 acerbo
1936 628 2031 660 luctu
2052 634 2155 671 atque

271 679 416 710 discessu
438 688 508 708 non
530 676 688 709 lacrumis
712 678 822 709 solum
846 678 929 717 tuis,
953 683 1003 709 set
1025 678 1155 717 animo,
1181 689 1346 721 corpore,
1369 678 1474 721 copiis
1496 684 1696 721 prosecutus
1719 689 1823 718 esses,
1852 691 1928 711 cum
1951 692 2044 712 meos
2066 681 2156 712 libe-

269 744 325 763 ros
349 737 381 762 et
404 741 551 761 uxorem
572 741 627 760 me
650 730 786 762 absente
808 731 874 763 tuis
895 731 1016 774 opibus
1039 731 1237 774 auxilioque
1261 731 1483 771 defendisses,
1507 731 1556 763 sic
1576 742 1711 762 mecum
1732 743 1866 774 semper
1889 732 1995 775 egisti,
2018 740 2052 765 te
2067 733 2155 765 mihi

269 785 444 816 remittere
466 788 567 825 atque
593 783 796 823 concedere,
835 791 873 816 ut
896 796 996 816 omne
1019 785 1168 816 studium
1193 796 1309 816 meum
1332 785 1368 816 in
1392 785 1454 816 Cn.
1477 783 1593 815 Planci
1615 784 1747 815 honore
1771 796 2023 826 consumerem,
2062 785 2156 829 quod

224 847 260 875 74
271 836 342 868 eius
364 835 401 866 in
422 846 477 866 me
498 834 661 866 meritum
683 836 746 867 tibi
770 837 899 879 [etiam]
924 833 990 880 lpsi
1012 844 1145 880 gratum
1168 849 1238 869 esse
1266 838 1408 869 dicebas.
1452 837 1552 870 Nihil
1574 842 1688 868 autem
1709 848 1765 868 me
1786 837 1888 878 noui,
1911 838 2000 869 nihil
2021 844 2157 882 tempo-

270 889 316 920 ris
340 899 453 919 caussa
476 887 605 928 dicere,
643 899 758 920 nonne
782 890 882 921 etiam
910 890 970 921 illa
992 891 1085 922 testis
1109 897 1159 921 est
1183 891 1309 931 oratio,
1352 897 1470 934 quaest
1492 903 1510 922 a
1532 901 1587 922 me
1611 890 1724 934 prima
1745 890 1860 922 habita
1881 891 1918 922 in
1940 893 2081 924 senatu?
2119 891 2157 924 in

271 953 337 984 qua
360 952 437 972 cum
466 940 644 984 perpaucis
672 941 876 973 nominatim
905 943 1046 985 egissem
1070 943 1210 986 gratias,
1250 943 1342 986 quod
1374 955 1491 976 omnes
1524 943 1717 974 enumerari
1746 943 1841 975 nullo
1874 943 1978 976 modo
2005 951 2155 987 possent,

270 995 376 1027 scelus
412 1000 526 1026 autem
551 1000 636 1027 esset
662 1006 866 1038 quemquam
888 996 1086 1039 praeteriri,
1119 997 1378 1040 statuissemque
1410 1008 1466 1028 eos
1486 997 1598 1029 solum
1620 996 1816 1036 nominare,
1853 996 1912 1039 qui
1935 1007 2068 1029 caussae
2089 1009 2156 1029 no-

346 1103 531 1142 uicinitatis)
557 1104 582 1132 C
610 1106 643 1132 in
668 1105 819 1132 ciuitatis.
838 1117 877 1125 ·—-
914 1104 1024 1143 patris)
1044 1105 1094 1134 Lb
1119 1107 1256 1143 patriae.
1276 1120 1314 1126 ——
1352 1105 1449 1144 patris
1467 1120 1506 1127 —
1525 1103 1664 1141 uererer)
1691 1104 1719 1133 T
1746 1114 1805 1133 om.
1825 1119 1862 1126 —
1900 1114 2028 1134 uererer
2053 1105 2159 1146 credo)

273 1151 476 1187 „Duodecim
497 1151 593 1179 uerba
615 1150 724 1178 desunt
744 1149 795 1178 hic
815 1151 848 1178 in
868 1151 1027 1187 Bauarico‚
1047 1152 1080 1180 in
1102 1153 1212 1191 quibus
1233 1164 1355 1182 uererer
1375 1154 1457 1181 cst.“
1490 1153 1654 1182 Garatoni.
1672 1168 1711 1175 ·—-
1748 1151 1889 1191 uererer)
1911 1154 1961 1181 Sic
1979 1154 2024 1189 Ε,
2044 1154 2099 1187 Pb,
2119 1153 2159 1190 O,

274 1201 316 1235 C,
336 1200 384 1235 H,
406 1201 444 1234 S,
465 1204 496 1226 et
515 1206 558 1236 ψ;
579 1198 675 1226 ceteri
696 1208 811 1225 uereor.
830 1213 869 1219 -—-
908 1199 1013 1238 credo)
1034 1210 1069 1238 χι
1092 1210 1150 1228 om.
1170 1216 1209 1223 ·—
1246 1201 1306 1229 hoc
1326 1216 1365 1222 ·-
1385 1200 1545 1239 dignitate)
1566 1201 1590 1229 C
1611 1211 1670 1229 om.
1691 1213 1729 1221 -·
1766 1200 1829 1228 fuit
1848 1200 1938 1239 mihi)
1957 1201 1995 1237 E,
2014 1202 2076 1236 Ma,
2095 1202 2158 1240 Mc,

274 1252 305 1275 et
325 1248 373 1275 Le
393 1246 471 1274 mihi
481 1246 563 1283 suit.
582 1261 621 1267 ——·
659 1244 820 1283 uidelicet)
841 1245 891 1273 Sic
907 1246 942 1282 B,
963 1247 1000 1283 E,
1023 1248 1058 1283 C,
1078 1248 1119 1283 H,
1136 1248 1165 1283 S,
1188 1249 1225 1284 T,
1245 1259 1273 1283 ς,
1296 1253 1326 1276 et
1340 1250 1395 1287 233
1417 1249 1513 1277 ceteri
1533 1248 1660 1275 iudices.
1679 1262 1717 1268 ·—
1754 1247 1832 1276 mihi
1853 1248 1966 1277 debere
1986 1248 2159 1288 oporteret)

274 1297 321 1323 La
341 1294 419 1323 milii
438 1300 576 1331 oportere
597 1293 732 1327 deberet,
752 1293 800 1321 Le
821 1292 928 1322 debere
947 1294 1026 1323 milli
1045 1302 1214 1332 oporteret,
1237 1297 1282 1324 Pb
1304 1302 1334 1324 et
1355 1297 1396 1324 l'c
1417 1295 1496 1323 milti
1515 1294 1622 1323 debere
1642 1295 1807 1330 oportebat.
1825 1309 1865 1316 -—

348 1342 392 1370 At
410 1341 442 1369 id
463 1356 499 1362 -—
517 1340 684 1379 fateantur)
711 1340 740 1368 A
760 1340 862 1368 habet.
882 1356 920 1363 -—
958 1342 991 1370 id
1014 1342 1117 1381 etiam)
1141 1343 1188 1371 La
1215 1348 1246 1371 et
1271 1343 1321 1371 Lb
1352 1345 1446 1371 etiam
1473 1342 1512 1370 icl.
1531 1357 1570 1361 --
1609 1341 1751 1381 gregarii)
1776 1350 1803 1380 ψ
1830 1345 1956 1381 egregii.
1975 1358 2015 1364 —-
2051 1343 2158 1383 inuiti)

275 1392 321 1419 Le
341 1392 449 1418 inulte.
469 1405 507 1411 —
545 1387 688 1426 ciuicam)
708 1389 734 1416 E
756 1391 918 1427 cuiquam,
946 1390 970 1418 C
992 1393 1044 1418 eui
1064 1401 1148 1426 eam,
1182 1391 1220 1428 23
1240 1401 1377 1418 cuneam.
1397 1405 1435 1410 -
1473 1390 1508 1418 ab
1531 1388 1634 1426 aliquo
1655 1389 1747 1428 seru.)
1767 1391 1820 1418 Ma
1839 1396 1871 1419 et
1888 1391 1936 1419 Lc
1962 1396 2100 1419 seruatos
2118 1391 2159 1419 ab

276 1439 388 1476 alique.
404 1453 443 1458 —
480 1437 647 1475 fateantur)
666 1437 689 1465 C
702 1437 876 1475 fateamur.
892 1453 931 1460 —-
969 1439 1047 1476 quo)
1069 1438 1092 1466 C
1114 1440 1203 1476 quod.
1217 1454 1256 1460 —
1293 1439 1343 1474 sit,
1363 1435 1551 1476 protectum)
1569 1437 1613 1465 Pb
1634 1441 1665 1464 et
1680 1437 1722 1464 Pc
1743 1448 1802 1474 om,
1821 1439 1853 1466 D
1873 1441 1915 1467 sit
1927 1440 2106 1475 proiectum.
2121 1455 2162 1461 —

276 1487 310 1514 in
330 1485 407 1524 acie)
426 1487 473 1515 Lc
494 1487 528 1514 in
548 1486 654 1513 aciem.
674 1500 712 1507 —-
751 1496 789 1513 ex
810 1485 946 1514 hostium
966 1484 1119 1524 manibus)
1140 1486 1190 1514 Sic
1210 1487 1235 1515 B
1257 1491 1287 1515 et
1306 1487 1350 1523 Ἐς
1369 1488 1417 1515 La
1436 1485 1581 1513 manibus
1601 1484 1758 1519 hostium;
1785 1486 1881 1514 ceteri
1900 1486 2036 1514 hostiam
2055 1489 2159 1517 mani-

277 1535 342 1563 bus.
362 1550 399 1555 -
438 1532 531 1572 eripi)
553 1533 591 1570 5⁴3
611 1535 720 1571 arripi.
739 1549 777 1555 —-
814 1533 857 1573 id)
885 1534 940 1563 Mb
969 1544 1034 1569 0111,
1068 1539 1114 1562 set
1134 1534 1170 1561 ab
1199 1534 1263 1562 ead.
1290 1544 1329 1562 m.
1354 1544 1487 1573 supers„
1509 1548 1548 1554 -—-
1584 1532 1647 1560 nisi
1666 1531 1743 1560 forti
1762 1531 1846 1571 uiro)
1865 1533 1918 1561 Ma
1937 1534 2000 1561 nisi
2009 1533 2159 1571 fortuito,

277 1582 308 1609 D
329 1582 454 1619 mfierti,
494 1581 518 1609 C
545 1583 608 1609 nisi
619 1581 713 1619 sorti.
732 1596 771 1602 ——
807 1580 969 1621 pugnanti)
988 1592 1006 1613 ς
1024 1584 1238 1619 oppugnanti,
1275 1591 1311 1620 χι
1341 1582 1574 1620 compugnalzli.
1593 1595 1631 1601 —-
1668 1578 1820 1618 cominus)
1845 1580 1907 1616 Mc,
1935 1579 1972 1616 C,
1997 1585 2028 1610 et
2048 1586 2075 1619 ’ψ
2100 1592 2159 1620 quo

279 1631 396 1664 minus,
421 1629 452 1656 D
473 1639 506 1656 eo
526 1631 638 1656 minas.
660 1644 692 1649 —
733 1630 792 1667 est)
811 1631 865 1658 Ma
885 1640 942 1657 om.
962 1645 1001 1650 -
1038 1628 1131 1665 idem)
1151 1630 1188 1667 23
1209 1631 1251 1658 icl.
1270 1644 1309 1650 -—-

355 1676 384 1715 §.
405 1677 450 1712 73.
470 1677 560 1713 uera)
580 1677 641 1712 Ma,
661 1677 703 1712 D,
724 1682 755 1705 et
774 1687 808 1715 χι
832 1688 898 1713 om,
918 1677 950 1705 H
970 1678 1043 1704 uiri.
1063 1692 1101 1697 -—-
1139 1677 1244 1715 etiam)
1269 1678 1333 1712 Mc,
1354 1677 1389 1712 C,
1409 1681 1439 1704 et
1458 1676 1491 1704 H
1510 1681 1548 1704 et.
1567 1690 1606 1696 —
1643 1673 1841 1714 obstrictum)
1862 1675 1887 1704 C
1907 1677 2104 1707 instructum.
2123 1693 2162 1700 —

282 1724 445 1763 ementior)
467 1723 517 1752 Sic
532 1724 568 1760 B,
588 1725 624 1761 E,
644 1725 710 1760 Mb,
731 1726 792 1759 Mc,
812 1725 868 1761 La,
888 1725 944 1759 Pb,
963 1724 1016 1759 Pe,
1037 1724 1075 1759 O,
1098 1724 1136 1761 G,
1156 1726 1218 1761 Bru,
1238 1736 1265 1762 ς,
1285 1735 1333 1764 χι,
1352 1725 1380 1759 3,
1401 1728 1432 1752 ct
1451 1724 1513 1759 F1;
1533 1724 1595 1758 Ma,
1616 1722 1677 1758 Lb,
1696 1723 1738 1759 D,
1758 1722 1835 1751 etH
1849 1725 1999 1759 mention
2017 1723 2060 1752 Pa
2073 1735 2160 1754 mem

282 1774 324 1799 tio
332 1783 343 1806 ‚-
370 1772 394 1800 C
420 1774 592 1807 amentiam
627 1772 725 1800 ceteri
752 1775 912 1800 ementiar-
930 1787 968 1793 —
1006 1771 1074 1808 cui)
1104 1772 1128 1801 C
1156 1775 1253 1801 cuias.
1273 1788 1312 1794 —
1348 1770 1404 1808 ne)
1429 1778 1456 1808 ψ
1483 1781 1538 1798 me.
1558 1786 1596 1792 —-
1632 1770 1763 1807 referri)
1788 1780 1807 1803 ς
1833 1769 1958 1808 referre·
1977 1785 2016 1791 ·-
2050 1775 2162 1811 posse)

283 1819 326 1846 Pa
344 1829 401 1847 om.
420 1833 458 1839 —
494 1820 652 1859 uideatur)
672 1830 707 1858 χι
730 1820 868 1850 uideant.
887 1833 925 1840 —-
964 1819 1098 1858 ignoras)
1125 1820 1150 1849 C
1171 1831 1229 1849 om.
1249 1836 1287 1842 -
1325 1819 1407 1848 uitae
1426 1820 1514 1855 tuae)
1534 1819 1586 1847 Mc
1607 1820 1642 1847 in
1662 1824 1691 1846 te
1711 1824 1809 1847 tuum.
1827 1831 1866 1838 -—
1903 1815 1947 1855 et)
1966 1818 2015 1847 La
2033 1830 2071 1849 ac
2091 1831 2160 1851 cum

284 1866 323 1904 gl.
351 1873 388 1894 et.
407 1881 443 1889 -—
481 1866 625 1907 corpore)
651 1867 707 1897 Mb
734 1874 763 1896 et
791 1878 932 1905 corpore,
968 1867 1007 1905 2¹3
1026 1868 1123 1897 corde.
1142 1883 1182 1889 —-
1220 1869 1319 1905 esses)
1339 1868 1382 1897 Pe
1403 1869 1508 1906 copiis.
1526 1882 1565 1887 -
1602 1865 1741 1904 absente)
1760 1866 1814 1895 Ma
1831 1864 1995 1894 absentem.
2013 1881 2052 1890 —
2091 1869 2163 1908 opi-

287 1913 354 1951 bus)
372 1913 402 1940 D
423 1915 573 1950 operibus.
592 1931 631 1937 —-

360 1965 391 1988 te
410 1960 499 2000 mihi)
520 1962 547 1989 E
568 1968 603 1990 ta
623 1961 708 1991 mihi.
727 1977 766 1984 —
803 1961 939 1990 studium
959 1960 1073 2000 meum)
1094 1960 1120 1989 Ε
1141 1972 1241 1990 mmm
1260 1963 1415 2000 studium,
1435 1972 1470 2002 χι
1491 1962 1642 1991 studium.
1661 1975 1700 1981 —-
1737 1959 1875 1997 honore)
1903 1960 1954 1989 Sic
1980 1960 2016 1997 B,
2042 1961 2080 1998 E,
2098 1963 2163 2000 Mc,

288 2008 344 2043 La,
363 2008 422 2043 Lb,
442 2010 492 2045 Pa,
512 2009 568 2045 Pb,
586 2010 638 2045 Pe,
659 2010 699 2046 D,
721 2009 760 2046 O,
781 2009 820 2043 G,
841 2011 903 2046 Br„
924 2011 958 2046 C,
978 2011 1019 2045 H,
1040 2010 1086 2048 23,
1107 2014 1138 2038 et
1158 2017 1203 2048 1p;
1224 2010 1321 2039 ceteri
1336 2010 1490 2040 honorem.
1505 2027 1544 2032 —
1582 2010 1615 2038 in
1634 2018 1683 2037 me
1701 2006 1859 2047 meritum)
1875 2008 1899 2036 C
1913 2010 2109 2040 immeritum.
2124 2025 2163 2033 -·

289 2055 380 2083 etiam
400 2055 460 2093 ipsi
481 2055 610 2095 gratum)
633 2058 683 2085 Sic
703 2058 738 2093 B,
758 2058 795 2094 E,
815 2058 867 2094 Pa,
888 2058 923 2095 C,
942 2059 985 2094 H,
1006 2059 1036 2095 S,
1058 2058 1096 2094 T,
1116 2062 1148 2086 et
1164 2066 1206 2095 1313
1226 2058 1282 2094 Pb,
1302 2058 1354 2095 Pe,
1374 2064 1405 2087 et
1420 2059 1451 2087 D
1468 2065 1599 2097 gratum
1618 2059 1732 2091 etiam;
1753 2056 1850 2085 ceteri
1869 2058 1964 2085 etiam
1973 2063 2112 2094 gratum.
2125 2072 2164 2080 —

290 2103 373 2138 esse)
393 2103 444 2130 Ma
457 2103 547 2139 fore,
570 2104 593 2132 C
616 2106 709 2132 etiam
728 2116 798 2135 esse.
816 2121 854 2128 —
891 2106 1030 2143 dicebas)
1049 2105 1094 2134 Pb
1116 2106 1262 2135 dicebam.
1281 2120 1320 2128 -

364 2148 392 2188 §.
413 2150 456 2186 74.
477 2149 558 2178 nihil
580 2152 742 2192 temporis)
762 2154 825 2191 La,
844 2155 893 2188 H,
914 2159 945 2182 et
963 2161 990 2191 ψ
1008 2154 1060 2181 uel
1078 2156 1240 2191 temporis,
1267 2155 1305 2192 χ5
1325 2156 1478 2192 temporis.
1496 2166 1536 2175 ·—·
1571 2151 1688 2191 nonne)
1707 2150 1753 2180 Pb
1773 2152 1807 2179 in
1827 2161 1881 2179 me.
1900 2165 1939 2171 —-
1976 2151 2069 2181 etiam
2093 2152 2163 2192 illa)

293 2200 345 2227 Ma
364 2198 424 2226 illa
443 2200 547 2231 etiam,
567 2199 609 2227 Pa
629 2210 687 2229 om.
707 2217 745 2222 ——-
782 2203 837 2231 illa
856 2202 943 2231 testis
964 2201 1027 2238 est)
1046 2201 1073 2229 E
1094 2207 1138 2229 est
1157 2202 1215 2230 illa
1235 2204 1330 2231 testis.
1349 2217 1388 2224 —
1405 2202 1510 2238 testis)
1530 2211 1548 2233 ς
1568 2202 1675 2229 tristis.
1693 2214 1731 2221 —
1749 2198 1925 2238 perpaucis)
1943 2199 1997 2228 Mc
2016 2205 2048 2228 et
2062 2200 2087 2229 C
2101 2210 2163 2239 pro

291 2246 413 2282 paucis.
432 2260 470 2266 —
507 2245 647 2285 egissem)
668 2249 729 2284 Ma,
748 2250 807 2285 Lc,
826 2251 869 2287 H,
890 2255 921 2278 et
939 2256 966 2287 ψ
986 2251 1167 2288 egissemus,
1188 2249 1213 2277 C
1233 2251 1338 2287 egisse.
1356 2264 1395 2271 —-
1432 2249 1554 2285 omnes)
1575 2247 1619 2276 Pb
1640 2251 1671 2275 et
1690 2247 1732 2275 Pc
1753 2256 1817 2282 om,
1838 2246 1862 2274 C
1883 2257 1943 2275 eas.
1961 2262 2001 2269 —
2036 2257 2169 2277 enume-

294 2291 369 2331 rari)
389 2293 432 2321 Pa
451 2297 482 2320 et
501 2302 520 2324 ς
540 2303 726 2324 enzmzerare.
746 2311 783 2319 —-
820 2299 920 2327 scelus
939 2303 1041 2327 autem
1060 2295 1152 2336 esset)
1171 2298 1215 2326 Pa
1233 2298 1332 2326 scelus
1351 2307 1412 2326 esse
1430 2298 1505 2325 solet
1524 2301 1635 2323 autem.
1654 2309 1692 2315 --
1729 2293 1820 2332 esset)
1838 2295 1892 2323 Ma
1911 2304 1981 2324 esse.
1999 2310 2037 2317 —
2072 2305 2164 2336 prae-

296 2339 398 2379 teriri)
420 2340 444 2368 C
466 2345 496 2369 et
515 2341 553 2378 23
569 2344 742 2378 praeteriti.
762 2359 799 2365 —
837 2346 948 2385 solum)
967 2347 1017 2376 Lb
1039 2357 1098 2375 non
1117 2347 1231 2381 solum,
1260 2346 1293 2374 H
1313 2355 1371 2373 om.
1390 2358 1428 2364 —-
1465 2342 1641 2378 nominare)
1660 2343 1722 2378 Ma,
1741 2343 1806 2377 Mb,
1825 2343 1883 2378 Lc,
1902 2348 1934 2372 et
1952 2350 1979 2381 ψ
1998 2345 2164 2382 nominari,

298 2394 344 2418 set
362 2388 397 2416 in
416 2388 471 2417 Mb
491 2397 584 2426 super
604 2390 616 2417 i
635 2389 771 2427 positum
790 2403 814 2421 e.
833 2408 871 2415 --
909 2404 1017 2422 causae
1036 2392 1172 2430 nostrae)
1192 2393 1218 2421 E
1240 2398 1362 2420 nostrae
1381 2401 1510 2426 causae,
1544 2390 1568 2419 C
1589 2400 1650 2419 esse
1670 2397 1794 2419 nostros.
1813 2404 1852 2412 ·—
