2264 2746
272 81 385 116 LXIV
866 77 890 106 P
910 76 939 105 R
960 77 988 105 O
1008 76 1036 104 L
1056 75 1084 104 E
1105 75 1134 103 G
1155 76 1183 104 O
1203 76 1247 105 M.
1304 75 1342 105 L.
1369 76 1410 106 ΙΙ.
1437 77 1471 107 C.
1499 77 1538 105 II.

276 156 359 195 quod
379 155 476 184 cuiuis
498 153 647 192 liquebit,
673 152 726 191 qui
752 151 802 180 uel
823 149 925 178 obiter
952 160 1022 179 cum
1041 150 1097 186 iis,
1124 159 1200 188 quae
1219 148 1309 178 modo
1329 156 1579 189 praecesserunt,
1606 150 1644 180 ad
1664 159 1793 190 quorum
1815 150 2053 181 similitudinem
2073 157 2148 181 sunt

277 205 390 240 efficta,
411 202 640 242 conparauerit:
661 205 718 228 aut
739 200 852 226 amicos
873 203 958 234 tuos,
985 205 1041 227 aut
1061 198 1202 227 inimicos
1221 207 1317 232 meos,
1344 204 1402 227 aut
1423 199 1553 239 denique
1574 210 1637 233 εοε,
1663 210 1737 238 quos
1757 199 1977 234 inexorabilis,
2004 211 2077 238 quos*
2097 202 2149 229 in-

278 252 446 285 humanos,
466 262 538 289 quos
558 249 690 278 crudelis
710 248 880 275 exista-me&

352 298 488 329 Oss‘ensio
509 302 618 331 autem,
639 304 696 333 qua
715 293 815 333 premi
834 292 908 321 haec
928 293 1023 321 uerba
1043 293 1123 328 dieo,
1142 292 1175 321 in
1196 302 1232 321 co
1251 293 1381 331 positast
1400 295 1492 333 quod,
1507 306 1576 324 cum
1596 294 1766 323 secundum
1786 294 1956 323 membrum
1975 296 2096 333 iniquos
2111 310 2149 316 —

279 359 414 378 meorum
439 356 494 385 per
521 345 572 372 uel
597 341 779 381 particulam
804 340 904 379 primo
932 346 1011 370 esset
1036 341 1206 376 adnexum,
1240 341 1367 370 tertium
1391 352 1449 381 per
1469 344 1609 382 copulam
1630 346 1694 381 'que
1714 342 1848 370 secundo
1872 342 2012 370 adicitur.
2051 343 2151 381 Atqui

278 397 375 425 isdem
395 391 552 433 particulis
572 389 712 428 profecto
733 388 809 417 haec
828 388 889 417 tria
907 389 1042 417 membra
1062 399 1079 417 a
1097 398 1130 416 se
1150 387 1284 416 inuicem
1305 388 1424 427 diiungi
1444 390 1614 427 debebant,
1635 389 1890 429 quemadmodum
1911 390 1942 418 in
1963 390 2149 418 anteceden-

280 445 362 474 tibus
381 446 464 471 recte
484 438 620 467 membra
638 437 693 465 illa
712 436 793 465 idem
813 435 954 464 sonantia
973 442 1029 464 aut
1048 435 1202 475 particula
1221 446 1237 464 a
1257 445 1289 463 se
1307 436 1447 465 seiuncta
1465 443 1545 466 sunt.
1571 438 1676 475 Atque
1695 439 1746 466 ael
1766 437 1919 476 particu1a
1938 443 2008 466 ante
2027 440 2151 476 iniquos

281 493 379 532 posita
400 500 435 517 co
455 487 524 526 plus
545 486 637 514 habet
656 483 850 520 offensionis,
878 494 947 512 cum
967 484 1071 512 statim
1090 489 1234 522 sequatur
1255 483 1359 512 eadem
1387 484 1542 522 particula
1561 490 1631 524 post
1649 486 1771 523 iniquos
1792 485 1902 523 posita.
1943 486 2042 521 Quam
2061 495 2151 524 aspe-

281 541 403 570 ri'atcm
428 534 576 564 orationis
602 543 768 572 numquam
794 531 872 561 mihi
892 531 1083 571 persuadebo
1112 532 1297 561 Ciceronem
1323 531 1401 568 sibi,
1434 532 1520 560 nulla
1547 537 1675 570 cogente
1701 532 1902 568 necessitate,
1930 533 2152 571 permissurum

281 588 384 617 fuisso.
422 583 469 611 Ae
496 586 658 610 senserunt
683 591 749 610 eam
775 581 836 609 iam
857 580 1043 609 Garatonius
1070 585 1101 609 et
1128 580 1284 616 Orellius,
1310 590 1419 609 uerum
1445 590 1517 618 quas
1543 579 1698 609 tollendae
1725 580 1792 608 cius
1817 580 1954 609 rationes
1981 581 2152 616 iniuerunt,

285 646 332 663 eas
360 629 486 671 probari
512 639 575 657 non
601 639 707 668 posse,
742 629 775 657 iu
808 628 1027 658 commentario
1055 639 1071 657 a
1090 638 1139 656 me
1159 628 1439 656 demonstratumst.
1478 628 1584 666 Itaque
1605 637 1680 666 quae
1699 627 1797 655 uerba
1815 637 1878 656 non
1898 628 2022 657 inutilia
2042 628 2152 664 solum,

283 687 327 710 set
347 679 474 708 molesta
494 677 583 706 etiam
605 682 636 706 et
655 676 782 707 horride
802 677 884 707 dicta
902 676 1054 713 uidimus,
1075 687 1110 705 ea
1128 686 1192 705 non
1213 675 1321 705 dubito
1341 675 1416 715 quin
1436 675 1618 714 interpretis
1638 674 1878 704 additamentum
1898 675 2060 704 iudicanda
2080 676 2150 704 sint.
