2264 2746
762 93 787 122 C
807 92 835 121 A
855 92 899 121 P.
936 91 1100 121 xxxiv.
1125 90 1153 131 ς.
1173 93 1283 123 stes.
1903 102 1955 129 221

90 179 337 201 occurrere.
390 167 464 198 Set
495 172 619 197 acute
652 167 800 210 rapuit
839 178 888 199 ex
927 167 1067 199 eodem
1103 166 1337 210 proposito
1378 165 1565 198 ualidam
1605 168 1956 212 responsionem,

88 229 133 255 ut
162 221 296 264 magis
328 231 419 252 eum
449 219 648 262 cupidum
678 219 919 252 lacessendi
949 219 1222 260 ostenderet,
1262 219 1332 262 qui
1360 219 1445 252 sibi
1469 231 1513 250 ea
1542 219 1660 252 ultro
1689 230 1980 265 suggereret,·

89 287 194 318 quae
223 273 417 318 potuisse
443 272 527 303 dici
556 273 791 312 fateretur,
823 285 899 304 nec
930 279 1068 304 tamen
1093 272 1203 303 dicta
1233 273 1327 304 sint.
1362 273 1523 303 SCIIOLIA
1546 273 1804 305 AMBROSIANA.
1851 275 1958 307 Scho-

86 329 211 367 liastes,
236 333 268 360 et
285 326 437 358 solebant
462 338 574 357 omnes
597 327 778 358 candidati
801 327 880 359 alba
903 333 998 359 creta
1020 326 1162 358 obliniri
1183 326 1361 363 ceruit-em,
1385 332 1423 357 nt
1445 326 1572 369 populo
1595 327 1815 359 notabiliores
1838 335 1958 360 essent.

86 380 229 419 Eritne,
261 379 318 420 qui
344 379 480 411 credat?
520 379 628 410 eritne
651 380 730 411 hine
752 380 845 411 Persi
871 380 1032 411 acerbitas
1061 379 1121 410 illa
1143 378 1352 420 explananda
1376 379 1486 420 Satyr.
1512 380 1557 411 Υ.
1581 392 1614 410 11.
1642 392 1727 422 177.,
1760 392 1823 422 qua
1845 381 1958 412 candi..

86 433 184 464 datus
212 433 318 475 palpo
346 432 484 471 dicitur,
524 445 623 476 quem
653 433 749 465 (lucit
779 434 932 465 hiantem
962 438 1095 465 cretata
1122 432 1292 464 ambitio?
1337 430 1435 461 Subit
1462 431 1613 463 animum
1642 433 1767 475 species
1794 434 1958 466 candidati

85 496 165 517 sane
193 484 353 522 ridicula,
396 495 496 525 quein
527 485 567 515 ab
597 491 691 527 tergo
724 487 961 528 aspicientibus
992 485 1204 528 praeclarum
1234 489 1378 514 cretatae
1409 484 1548 515 ceruicis
1580 485 1710 527 insigne
1742 486 1957 520 demonstret.

85 538 158 569 Cur
186 548 255 568 non
277 537 393 568 album
420 536 526 568 fronti
556 538 667 580 potius
690 538 892 581 inpositum,
928 545 967 570 ut
990 538 1025 568 in
1049 537 1142 578 equis
1167 544 1200 568 et
1225 536 1361 567 canibus
1390 542 1509 567 natura
1531 536 1655 569 factum
1682 538 1856 572 uidemus?
1901 541 1960 572 Set

84 596 163 633 toga
185 589 252 621 illis
276 589 417 620 candida
440 590 518 622 satis
542 597 612 622 erat
635 591 673 622 ad
700 592 960 634 dignoscendum
983 590 1133 632 insignis.
1178 591 1299 631 Neque
1322 588 1412 619 enim
1436 590 1580 631 uulgaris
1603 591 1711 623 inerat
1734 593 1871 631 candor,
1908 600 1958 625 set

83 654 146 686 per
168 648 292 673 cretam
318 641 489 673 fullonum
519 643 661 675 artificio
686 645 865 686 quaesitus.
910 645 1001 677 Hinc
1029 649 1112 685 aput
1134 643 1287 674 Persium
1317 653 1385 672 non
1417 642 1551 681 ceruix,
1591 655 1710 676 uerum
1735 651 1812 688 toga
1834 652 1959 677 cretata

84 695 311 737 intellegitur,
349 701 382 725 et
407 696 577 726 quenalis
600 697 647 728 X.
676 698 743 730 Sat.
767 698 817 729 65.
850 698 969 730 bouem
992 701 1161 729 cretatutn
1185 695 1225 726 ad
1253 693 1413 726 sacrificia
1437 703 1684 735 conmemorat,
1720 705 1757 729 ut
1780 699 1885 741 magis
1907 699 1959 730 al-

84 748 243 779 besceret.
290 748 442 791 Optume
466 760 516 778 res
541 760 583 780 ex
603 749 705 781 Liuio
729 750 931 793 perspicitur
954 751 1025 788 IV,
1051 750 1120 780 25.:
1158 749 1301 785 Placet,
1331 747 1501 779 tollendae
1523 748 1720 781 ambitionis
1744 765 1866 784 (saissa
1892 753 1956 783 tri-

84 801 189 833 bunos
214 802 324 844 legem
340 802 588 844 promulgare,
609 815 650 835 ne
673 805 729 835 cui
751 804 867 836 album
890 805 926 836 in
950 803 1193 835 uestimentum
1215 801 1342 832 (uidere
1362 801 1541 843 petitionis
1565 815 1687 835 caussa
1709 804 1846 843 liceret,
1869 804 1905 836 11.
1928 816 1956 835 e.

84 861 208 885 cretam
241 855 444 885 uestimento
477 855 613 893 addere,
648 862 687 886 ut
712 868 781 887 11011
804 857 907 888 modo
931 856 1045 887 album
1069 854 1125 892 sit,
1160 865 1279 884 uerum
1308 853 1407 883 etiam
1431 853 1641 895 splendidum
1666 855 1739 895 fiat,
1774 863 1890 898 atque,
1922 864 1960 888 ut

85 908 274 939 candidum
296 907 539 950 interpretatur
562 909 699 939 Seruius
721 909 763 939 ad
788 910 890 951 Uerg.
906 910 966 940 III.
992 909 1116 948 Georg.
1141 905 1204 942 32„
1230 906 1380 947 (fluidam
1403 907 1529 937 nitenti
1551 907 1625 939 luce
1643 908 1843 952 perfusum.
1887 910 1959 940 De-

85 961 189 1002 nique
216 960 381 991 candidati
404 973 472 992 non
497 960 605 992 solum
631 960 672 990 ad
696 962 924 1003 prensandum
954 960 1149 1004 prodibant,
1184 963 1233 987 set
1256 958 1417 988 comitatu
1449 959 1631 1001 conspicui.
1679 962 1749 993 Cfr.
1775 962 1817 1003 Q.
1843 961 1958 993 Cicero

83 1013 122 1044 de
144 1013 240 1056 petit.
270 1024 359 1044 cons.
394 1024 420 1043 c.
444 1014 506 1044 IX.
532 1019 565 1043 et
588 1013 705 1044 Cicero
731 1025 795 1055 pro
818 1014 910 1045 Mur.
935 1025 961 1044 c.
986 1014 1059 1045 52..
1103 1011 1363 1042 GARATONIUS.

166 1066 312 1097 Dictum
334 1066 479 1109 aliquod
500 1067 535 1097 in.
554 1066 758 1109 petitionem
781 1072 878 1098 tuam
901 1066 971 1098 clici
988 1063 1159 1108 potuisse)
1204 1061 1295 1092 Male
1319 1062 1494 1093 Ernestius
1526 1075 1602 1096 cum
1624 1065 1660 1096 in
1684 1067 1754 1097 edd.
1778 1073 1860 1098 uett.
1884 1068 1959 1110 ple-

81 1119 197 1161 risque
221 1130 284 1161 pro
309 1119 453 1161 aliquod
473 1119 635 1161 scriptum
668 1120 806 1163 aliquid
829 1118 1049 1162 repperisset,
1088 1114 1267 1146 delendum
1300 1115 1450 1153 (lictum,
1487 1122 1524 1147 ut
1545 1128 1563 1147 a
1585 1117 1769 1159 glossatore
1798 1120 1953 1159 additum,

80 1171 252 1202 iudicauit.
299 1172 425 1203 Contra
448 1183 548 1213 quem
573 1171 778 1203 Garatonius
802 1179 891 1203 recte
918 1171 1070 1203 monuit:
1098 1169 1254 1207 „dictum
1278 1167 1390 1198 (licere
1415 1167 1478 1197 hoc
1501 1180 1600 1200 sensu
1625 1178 1836 1212 optumumst
1858 1179 1957 1215 atque

80 1224 298 1263 Tullianum,
331 1231 369 1255 ut
393 1221 469 1255 cuni
498 1223 572 1254 aliis
597 1223 684 1254 uidit
707 1225 871 1266 Heusing.
902 1226 940 1255 ad
965 1225 1007 1255 11.
1033 1222 1120 1253 Phil.
1149 1232 1214 1261 17η,
1253 1219 1413 1251 Scheller.
1438 1221 1520 1252 Obs.
1543 1233 1577 1264 p.
1606 1223 1674 1255 148.
1700 1236 1827 1266 egoque
1849 1226 1955 1257 liabeo

80 1289 142 1320 pro
166 1279 372 1319 conperto.“

168 1330 217 1361 Te
238 1330 354 1361 aiebas
381 1330 422 1360 cle
445 1329 515 1360 tuis
540 1328 639 1360 rebus
660 1329 770 1371 gestis
794 1329 910 1360 nullas
932 1329 1069 1360 litteras
1093 1326 1244 1363 misisse,
1269 1326 1361 1368 quod
1381 1327 1468 1358 mihi
1489 1339 1599 1366 meae,
1630 1341 1714 1372 quas
1737 1331 1784 1362 ad
1805 1331 1955 1375 aliquem

81 1382 268 1420 misissem,
307 1381 513 1424 olfuissent)
571 1382 683 1412 Haec
722 1382 861 1412 onmia
898 1393 978 1412 non
1009 1380 1054 1412 ad
1090 1390 1224 1417 reum,
1269 1377 1337 1409 sed
1373 1379 1420 1409 ad
1452 1391 1614 1411 omnem
1639 1382 1668 1422 ¹)
1701 1382 1954 1415 Ciceronem

82 1434 334 1477 pertinent,
369 1434 491 1476 quasi
513 1434 713 1477 asperius
742 1446 760 1464 a
782 1435 1020 1465 Laterense
1043 1431 1282 1476 proposita.
1328 1432 1429 1463 Nam
1460 1432 1694 1474 significat
1722 1435 1953 1477 epistulam

81 1498 164 1518 11011
192 1486 456 1518 mediocrem
485 1487 531 1517 ad
561 1488 699 1518 instar
728 1487 964 1518 uoluminis
999 1486 1222 1528 scriptam,
1262 1496 1380 1527 quam
1408 1485 1614 1528 Pompeio
1646 1487 1688 1517 in
1718 1487 1864 1519 Asiam
1894 1498 1951 1520 DE

81 1549 223 1571 REBUS
258 1549 358 1571 srls
390 1548 434 1569 ΙΝ
465 1548 739 1571 CONSULATU
771 1549 935 1570 Gns'rls
966 1539 1137 1571 miserat
1174 1538 1328 1569 Cicero
1355 1538 1599 1579 aliquanto,
1633 1546 1679 1571 ut
1704 1540 1952 1581 uidebatur,

80 1592 354 1624 insolentius
382 1592 609 1635 scriptam,
646 1599 687 1624 ut
710 1593 886 1634 Pompei
916 1591 1188 1623 stomachum
1220 1602 1303 1621 non
1337 1591 1623 1622 mediocriter
1646 1600 1953 1634 commoneret,

82 1645 190 1687 quod
217 1645 398 1688 quadam
423 1645 683 1687 superbiore
706 1646 906 1677 iactantia
936 1645 1129 1676 omnibus
1155 1656 1196 1674 se
1219 1644 1428 1686 gloriosis
1452 1645 1626 1676 ducibus
1652 1652 1952 1687 anteponeret.

79 1697 174 1729 Hoc
208 1697 354 1740 igitur
372 1697 476 1740 xuult
504 1709 593 1730 esse
627 1705 877 1741 purgatum,
923 1698 1071 1729 dicens
1104 1697 1331 1728 nuntiasse
1361 1709 1402 1729 se
1435 1698 1503 1728 Cn.
1535 1698 1743 1740 Pompeio
1783 1699 1952 1740 patriae

81 1751 484 1789 conseruationem,
519 1762 595 1781 nec
624 1751 867 1783 inscienter
893 1751 941 1782 de
972 1756 1105 1783 semet
1135 1750 1225 1793 ipso
1249 1750 1493 1793 gloriatum.
1540 1749 1789 1782 Obfuerunt
1812 1757 1950 1784 autem

79 1815 127 1836 re
155 1815 274 1836 uera:
312 1815 406 1835 nam
434 1803 494 1834 sie
527 1803 733 1836 effectum
764 1810 843 1843 est,
882 1810 929 1835 ut
961 1804 998 1835 ei
1033 1803 1261 1845 Pompeius
1293 1810 1440 1835 contra
1473 1803 1720 1835 Clodianam
1753 1803 1838 1834 uim
1871 1816 1951 1836 non

77 1858 444 1901 patrocinaretur.
469 1857 632 1888 SCIIOLIA
654 1858 913 1889 AMBROSIANA.
958 1856 1129 1890 Manutius
1152 1856 1226 1887 illas
1252 1855 1293 1887 ad
1312 1856 1514 1899 Pompeium
1537 1856 1674 1898 scriptas
1698 1855 1800 1888 fuisse
1823 1857 1951 1890 litteras

79 1916 171 1943 recte
203 1911 444 1954 suspicabatur.
489 1911 548 1941 Set
573 1910 660 1941 1111111
690 1909 879 1953 suspicione
910 1922 994 1954 opus
1018 1921 1087 1942 esse
1113 1908 1230 1940 Cicero
1255 1909 1327 1952 ipse
1352 1909 1497 1940 declarat
1517 1920 1580 1951 pro
1605 1909 1699 1940 Sulla
1723 1921 1749 1940 e.
1776 1910 1847 1942 24.:
1879 1911 1951 1943 Hic

80 1969 119 1995 tu
144 1964 329 2006 epistulam
358 1976 469 1996 meam
494 1976 594 2007 saepe
623 1964 765 2002 recitas,
801 1975 904 2007 quam
932 1975 995 2007 ego
1025 1964 1072 1995 acl
1104 1962 1163 1994 Cn.
1186 1963 1392 2006 Pompeium
1421 1963 1462 1994 cle
1494 1963 1577 1994 meis
1604 1962 1702 1994 rebus
1722 1964 1832 2006 gestis
1855 1969 1887 1996 et
1909 1964 1950 1996 de

79 2027 214 2047 summa
243 2028 278 2048 re
307 2017 448 2060 publiea
477 2016 537 2058 (ita
559 2015 632 2047 cod.
656 2017 776 2047 Bauar.
801 2027 870 2047 non
894 2017 1015 2061 reip.)
1045 2015 1135 2048 misi.
1182 2014 1251 2056 Qui
1279 2027 1377 2059 saepe
1407 2027 1537 2047 summa
1568 2015 1761 2057 eloquentia
1792 2028 1845 2048 res
1874 2027 1948 2048 suas

78 2073 186 2110 gestas
211 2070 392 2108 extulerit,
434 2069 588 2100 uideatur
617 2080 695 2100 sane
724 2069 760 2100 in
783 2069 841 2100 illa
872 2069 972 2100 etiam
997 2068 1140 2110 epistula
1166 2068 1330 2109 gloriosus
1360 2068 1481 2106 fuisse3
1521 2079 1723 2110 quamquam
1752 2075 1790 2099 ut
1815 2068 1949 2111 longior

79 2126 182 2160 esset,
205 2132 258 2152 res
280 2122 371 2165 ipsae
393 2122 592 2164 poscebant;
618 2122 701 2153 haut
724 2128 837 2153 tamen
859 2122 920 2162 ita,
953 2128 989 2153 ut
1010 2121 1081 2152 ullo
1106 2120 1208 2152 modo
1231 2121 1433 2164 Pompeium
1457 2120 1662 2160 offenderet,
1694 2120 1848 2153 omnibus
1869 2134 1891 2154 a
1913 2134 1948 2154 Se

77 2174 212 2218 pictum
235 2179 267 2206 et
286 2176 439 2219 politum
461 2177 549 2208 artis
572 2175 760 2213 coloribus,
800 2181 837 2206 ut
858 2175 905 2206 ait
927 2175 970 2206 II.
997 2174 1036 2205 ad
1058 2174 1130 2206 Att.
1154 2185 1222 2206 21.:
1260 2175 1359 2207 cuius
1391 2175 1438 2207 ad
1456 2175 1611 2218 gloriam
1633 2174 1828 2217 aagendam
1851 2180 1946 2206 tanto

79 2227 196 2259 stadio
219 2240 253 2259 se
277 2228 437 2267 dederat,
461 2235 500 2260 ut
522 2240 599 2260 eum
626 2228 669 2270 Q.
693 2227 798 2259 frater
819 2227 990 2260 monuerit
1011 2237 1082 2269 cap.
1107 2227 1169 2258 IV.
1192 2226 1398 2258 aduersarios
1422 2227 1463 2257 ob
1486 2226 1522 2257 id
1547 2226 1583 2257 in
1605 2226 1768 2269 petitione
1791 2227 1946 2258 consula-

80 2284 131 2311 tus
154 2279 185 2311 ei
206 2291 276 2312 non
299 2279 490 2321 defuturos3
531 2282 584 2314 cui
609 2281 753 2324 denique
775 2281 836 2313 illo
861 2281 934 2325 ipso
957 2286 1110 2324 tempore
1131 2279 1248 2311 consul
1276 2279 1564 2325 supplicationem
1585 2279 1737 2325 consecto
1763 2280 1847 2312 bello
1869 2281 1943 2313 Mi-

154 2389 182 2428 1)
221 2390 268 2418 Ita
285 2390 449 2429 perspicue
468 2390 606 2420 codicem
626 2401 742 2420 omnem
762 2391 898 2421 scribere
916 2391 955 2419 A.
976 2390 1077 2420 Maius
1096 2396 1210 2421 monet.

1467 2438 1526 2471 39*
