2264 2746
270 90 423 123 XXXIV
940 82 1470 112 PROLEGOMENA.

270 170 320 198 dis
341 171 395 195 est.
434 163 524 192 Nihil
546 162 601 191 hac
625 160 802 190 coniectura
824 157 1015 196 probabilius
1036 167 1118 193 esse,
1139 167 1177 184 ex
1198 157 1236 184 iis
1258 157 1367 194 etiam,
1394 168 1470 196 quae
1491 157 1518 197 §.
1539 160 1565 187 8.
1586 157 1810 193 monebuntur‚
1837 159 2006 196 apparebit.
2045 160 2143 188 Porro

269 214 364 245 simili
383 212 474 241 modo
495 211 609 240 uitiose
629 210 659 237 in
682 220 726 237 or.
746 208 848 235 Pison.
870 206 904 234 C.
920 205 1011 233 XVI.
1031 203 1058 244 ᾗ.
1079 206 1124 241 57.
1146 206 1320 233 etiamnunc
1340 206 1502 234 scribitur:
1523 207 1660 234 nondum
1679 215 1867 234 conmemoro
1887 209 2032 243 rapinas,
2051 218 2144 235 non-

271 266 358 293 dam
379 268 502 290 exactas
517 261 684 297 pecunias,
707 266 765 284 non
788 259 913 291 captas,
933 264 992 281 non
1014 256 1192 290 imperatae,
1219 264 1280 281 non
1301 264 1387 281 nec-es
1407 255 1573 289 sociorum,
1602 265 1660 282 non
1683 254 1786 281 caedis
1805 253 1961 290 hospitum
1981 260 2055 290 ete,
2075 265 2145 283 eum

271 317 302 340 ct
321 321 378 339 usu
398 307 544 346 loquendi
565 305 739 344 postulante
767 307 798 331 ct
825 302 960 341 optumis
988 300 1147 329 codicibus
1175 301 1354 329 auctoribus
1374 312 1432 339 pro
1453 302 1550 330 altero
1571 302 1707 329 nondam
1727 301 1900 329 necessario
1922 312 1984 329 non
2004 302 2143 331 scriben—

272 361 343 388 dum
363 357 466 386 fuerit.

1169 417 1196 458 §.
1217 425 1243 450 τ.

346 492 411 519 Uix
431 497 507 526 opus
528 490 591 520 est,
618 489 653 512 ut
673 493 830 517 moneam,
859 483 975 510 nullam
997 482 1108 510 debere
1130 492 1181 509 eos
1203 482 1288 509 locos
1308 480 1562 519 interpolationis
1581 482 1789 519 suspicionem
1809 493 1953 517 mouere,
1980 482 2013 510 in
2034 483 2145 521 quibus

272 546 324 569 aut
344 540 367 567 B
388 542 438 565 aut
458 535 484 562 Ε
506 543 574 561 011111
594 542 656 560 11110
678 532 815 559 alteroue
842 531 975 558 familiae
996 530 1107 558 tertiae
1136 530 1242 558 codice
1270 530 1366 558 uerba
1392 528 1543 557 eiusmodi
1564 529 1702 565 omittat,
1738 540 1814 568 quae
1841 530 1978 569 procliui
2004 541 2109 559 errore
2129 541 2147 560 a

274 587 376 616 multis
403 582 539 622 potuisse
568 579 704 608 librariis
732 578 834 607 omitti
862 578 1062 616 intellegitur.
1111 576 1208 611 Fide,
1236 587 1311 614 quae
1339 587 1431 615 snpra
1458 576 1495 603 L.
1518 575 1540 602 Ι.
1575 576 1608 603 C.
1630 576 1685 605 III.
1712 576 1739 616 §.
1759 579 1784 606 4.
1811 579 1994 619 monuimus.
2039 579 2147 617 ltaque

274 636 356 664 nulla
382 641 508 670 prorsus
535 628 700 657 auctoritas
721 625 862 654 Bauarici
891 631 1094 663 potestesse,
1124 625 1155 653 in
1184 624 1231 652 his
1260 625 1336 653 locis
1365 635 1433 652 eum
1461 622 1662 662 paucissumis
1688 625 1757 653 fam.
1785 626 1895 654 tertiae
1924 626 2082 654 codicibus
2110 637 2146 655 ca

271 683 363 712 uerba
384 677 572 711 omittentis,
594 685 671 713 quac
692 674 780 702 uncis
804 673 925 701 inclusi.

345 729 378 757 C-
401 727 456 755 ΙΨ·
477 723 504 764 §·
525 734 551 762 9·
592 729 619 751 et
641 723 777 761 ‘laudam‘
797 722 923 755 [Ellam]
944 722 1126 748 temeritate·
1143 735 1181 740 -
1202 720 1235 748 C-
1258 720 1297 748 V.
1318 718 1344 758 §.
1370 721 1410 748 13.
1440 720 1485 746 αιί
1502 729 1537 745 ea
1558 721 1620 755 [te]
1640 726 1777 756 tempora
1797 725 1951 751 reuocatae.
1970 739 2008 745 —
2028 724 2062 752 C,
2084 723 2142 751 XI,

269 777 295 816 ς’
317 787 361 814 27.
382 776 433 803 llic
452 775 528 807 [4³⁸4]
549 773 645 806 (Ἧι-7η)
666 771 721 807 Ψιί
741 769 834 797 adal..
854 783 892 789 ·-··
913 768 946 796 C·
968 768 1112 796 XXXll.
1133 766 1160 807 §.
1183 771 1226 805 78.
1249 778 1323 795 nam
1342 768 1432 802 [lter]
1453 766 1575 805 quidem
1594 766 1738 796 abhorret
1758 779 1778 796 α
1798 771 1916 798 uirtute
1936 771 2070 799 uerbum.

1164 865 1191 906 §.
1222 871 1248 899 8.

346 925 437 955 Nihil
458 923 596 952 erebrius
618 922 650 950 in
670 921 728 949 hae
749 920 888 948 oratione
909 921 1022 949 sactum
1044 921 1197 955 uidemus,
1218 930 1307 958 quam
1327 926 1362 948 nt
1381 921 1406 948 B
1428 925 1459 948 et
1478 920 1504 947 E
1525 921 1620 948 uerba
1640 921 1766 956 addant,
1786 932 1863 960 quae
1882 921 2016 950 familiae
2035 924 2147 952 tertiae

270 976 391 1006 codices
413 982 518 1002 omnes
539 971 696 999 omittunt.
736 969 781 996 Ea
801 978 881 995 nunc
902 974 1087 1006 receperunt
1114 968 1267 1003 editores,
1295 979 1376 996 nune
1396 979 1452 1007 pro
1474 968 1582 1005 glossis
1611 967 1800 1004 habuerunt,
1838 981 1854 997 a
1881 981 1956 998 uero
1983 981 2046 998 non
2074 981 2145 1000 raro

269 1026 455 1053 aberrantes.
495 1020 567 1048 Non
589 1018 697 1046 dubito
719 1022 829 1051 autem,
851 1016 924 1054 quin
946 1017 1061 1044 rectius
1083 1017 1280 1051 iudicassent,
1299 1016 1324 1044 si
1345 1016 1417 1044 illut
1437 1015 1593 1054 explicare
1614 1015 1820 1051 studuissent,
1842 1018 1924 1055 quod
1945 1018 2062 1046 nemini
2083 1029 2145 1047 non

271 1072 470 1101 uehementer
490 1068 602 1095 mirum
624 1066 715 1093 debet
735 1064 852 1099 uideri,
883 1064 935 1101 qui
956 1065 1069 1092 sactum
1090 1065 1145 1099 sit,
1176 1070 1210 1092 ut
1230 1070 1290 1092 tani
1311 1064 1416 1092 multis
1444 1063 1477 1090 111
1503 1063 1579 1090 locis
1609 1063 1727 1101 aliquot
1756 1065 1850 1092 uerba
1878 1065 1910 1092 in
1938 1066 2007 1093 fam.
2034 1067 2147 1095 tertiae

269 1119 430 1149 codicibus
452 1117 555 1145 deesse
576 1114 780 1152 reperiantur,
803 1121 878 1149 quae
894 1112 1076 1150 plerumque
1093 1122 1193 1150 neque
1210 1112 1371 1140 oculorum
1393 1111 1586 1139 aberratione
1607 1122 1705 1149 neque
1726 1112 1786 1139 alio
1807 1112 1943 1150 procliui
1965 1113 2145 1143 describen-

269 1169 348 1196 tium
369 1175 473 1194 errore
502 1163 603 1191 omitti
624 1161 762 1200 potuisse
791 1165 968 1198 apertumst.
1008 1161 1054 1187 Ac
1083 1160 1208 1188 uidetur
1234 1160 1375 1198 profecto
1406 1158 1481 1187 hacc
1510 1169 1558 1186 res
1580 1159 1759 1187 Ernestium
1787 1164 1870 1187 certe
1898 1160 2076 1197 adduxisse,
2110 1168 2145 1191 ut

267 1216 364 1244 multa
384 1224 423 1241 ex
443 1212 547 1240 uerbis
569 1211 647 1245 illis,
676 1219 752 1248 quae
772 1219 806 1236 re
827 1208 993 1245 diligenter
1014 1208 1206 1236 considerata
1226 1218 1264 1235 ne
1285 1209 1389 1236 abesse
1411 1207 1533 1245 quidem
1555 1207 1637 1235 salna
1658 1207 1810 1235 sententia
1830 1213 1976 1245 possunt,
2004 1209 2146 1248 recipcre

268 1270 371 1292 tamen
391 1264 557 1289 recusaret.
596 1259 699 1295 Atque
727 1262 845 1295 egomet
874 1257 938 1294 ipse
966 1266 1073 1293 parum
1105 1257 1183 1284 afuit
1211 1256 1285 1294 quin
1315 1257 1347 1284 111
1375 1255 1506 1284 eundem
1535 1264 1672 1282 errorem
1692 1254 1887 1290 incidissem,
1914 1255 1975 1283 nisi
1995 1256 2146 1286 rationem

266 1310 468 1343 detexissem,
504 1318 561 1345 qua
581 1306 685 1334 multis
707 1311 789 1333 certe
811 1306 841 1332 in
862 1303 956 1337 10015,
985 1303 1037 1341 (1111
1058 1314 1198 1332 maxume
1227 1303 1325 1331 adhuc
1346 1307 1503 1331 torserunt
1523 1303 1677 1337 editores,
1707 1308 1791 1330 certo
1813 1308 1916 1340 posset
1936 1302 2057 1338 doceri,
2090 1314 2145 1332 cnr

269 1363 377 1387 auctor
397 1356 513 1384 codicis
535 1355 616 1389 eins,
653 1354 704 1391 (1111
732 1354 800 1381 sons
821 1352 928 1380 extitit
949 1352 1082 1379 familiae
1103 1352 1230 1387 tertiae,
1264 1362 1299 1379 ca
1320 1351 1474 1385 omiserit,
1501 1359 1577 1388 quae
1598 1350 1628 1377 111
1651 1351 1675 1377 Β
1697 1355 1727 1377 et
1748 1351 1774 1378 E
1802 1351 1916 1389 scripta
1935 1351 2144 1388 reperiuntur.

270 1406 344 1435 hon
364 1410 410 1432 est
431 1404 514 1431 enim
535 1402 677 1436 dubium,
699 1401 773 1439 quin
795 1400 827 1427 111
848 1400 953 1427 codice
975 1399 1135 1438 principe,
1156 1410 1195 1428 ex
1216 1410 1275 1437 quo
1295 1400 1366 1428 fam.
1386 1398 1518 1427 secunda
1539 1402 1569 1425 et
1589 1398 1682 1425 tertia
1702 1403 1787 1426 ortae
1807 1404 1888 1433 sunt,
1909 1398 2025 1436 glossae
2045 1399 2145 1428 inter-

267 1453 400 1481 lineares
422 1451 553 1489 scriptae
580 1449 707 1477 fuerint.
748 1448 828 1475 Eum
850 1447 891 1483 is,
926 1447 977 1485 (1111
1005 1447 1143 1475 codicem
1171 1447 1325 1482 exaranit,
1361 1456 1401 1474 ex
1421 1456 1480 1484 quo
1501 1446 1526 1473 B
1548 1451 1578 1473 ct
1598 1446 1623 1473 E
1645 1451 1716 1473 sunt
1736 1446 1813 1481 orti,
1842 1446 1883 1473 ita
1904 1445 2084 1485 descripsit,
2111 1453 2146 1476 ut

270 1502 381 1539 glossas
402 1500 470 1527 illas
491 1497 701 1526 interlinearis
723 1497 905 1534 plerumque
934 1506 993 1523 una
1015 1506 1082 1523 cnm
1110 1495 1231 1530 uerbis,
1259 1505 1389 1532 quorum
1411 1493 1612 1532 explicationi
1635 1493 1863 1529 inseruiebant,
1893 1493 2055 1521 Tullianae
2076 1504 2146 1523 ora-

270 1548 350 1577 tioni
370 1548 514 1581 inferret,
543 1557 612 1574 raro
633 1549 751 1573 tantum
773 1544 851 1571 solas
873 1544 985 1581 glossas
1006 1544 1160 1581 reciperet
1182 1542 1327 1570 omittens
1348 1541 1478 1579 genuina
1500 1541 1659 1569 Ciceronis
1680 1542 1792 1577 uerba,
1819 1552 1912 1579 super
1932 1540 2043 1578 quibus
2063 1542 2146 1579 glos-

272 1607 319 1624 sae
347 1600 433 1623 erant
460 1594 587 1632 positae.
626 1593 717 1620 Alter
742 1592 903 1627 librarius,
938 1591 990 1629 qui
1018 1591 1193 1628 exemplar,
1228 1600 1267 1617 ex
1294 1600 1353 1628 quo
1384 1589 1499 1618 familia
1524 1588 1615 1616 tertia
1641 1594 1724 1624 orta,
1760 1589 1901 1627 scripsit,
1938 1588 1982 1616 ita
2007 1590 2144 1620 codicem

272 1645 359 1672 illum
381 1641 559 1680 descripsit,
593 1645 628 1668 ut
653 1641 836 1678 plerumque
860 1640 972 1677 glossas
1001 1638 1173 1676 reciperet,
1208 1637 1274 1665 sine
1302 1638 1397 1665 dubio
1424 1648 1481 1676 pro
1510 1636 1606 1664 uariis
1633 1636 1820 1664 lectionibus
1848 1636 1980 1674 habens,
2013 1639 2145 1676 genuina

274 1697 389 1726 autem,
410 1700 502 1728 super
522 1688 633 1727 quibus
654 1693 739 1716 erant
761 1688 896 1726 positae,
918 1686 1013 1714 uerba
1035 1686 1201 1713 omitteret.
1242 1685 1416 1723 Utrumque
1437 1685 1566 1712 uerbum
1587 1689 1617 1711 et
1638 1685 1767 1721 glossam
1788 1689 1819 1711 et
1838 1694 1956 1720 uocem,
1976 1696 2068 1724 super
2087 1698 2145 1725 qua

275 1739 372 1777 glossa
392 1737 491 1776 posita
512 1741 592 1772 crat,
620 1736 783 1764 rarissume
804 1735 929 1762 uidetur
949 1733 1113 1771 recepisse.
1153 1732 1222 1760 Etsi
1243 1733 1385 1762 audaciae
1406 1733 1523 1761 crimen
1544 1742 1606 1759 non
1627 1732 1707 1760 solet
1733 1732 1880 1769 effugere,
1917 1732 1968 1770 qui
1996 1732 2034 1760 de
2060 1733 2144 1762 eius-

275 1785 357 1814 modi
377 1786 484 1819 rebus,
519 1793 594 1821 quae
616 1783 680 1811 sola
700 1783 842 1811 nituntur
864 1782 1058 1816 coniectura,
1093 1786 1178 1809 certo
1200 1781 1365 1809 decernere
1387 1781 1492 1815 audet,
1526 1785 1626 1808 tamen
1654 1790 1709 1817 ego
1736 1779 1814 1808 hanc
1840 1789 1937 1807 meam
1962 1781 2145 1810 sententiam

276 1832 449 1861 istiusmodi
470 1831 649 1859 confirmare
671 1831 854 1868 argumentis
876 1840 1009 1869 possum,
1030 1834 1063 1857 ut
1084 1829 1116 1856 in
1138 1829 1361 1857 dubitationem
1383 1829 1487 1856 uocari
1508 1838 1634 1866 prorsus
1654 1832 1795 1865 nequeat.
1830 1827 1933 1855 Unum
1954 1827 2026 1856 illut
2044 1830 2144 1857 ambi-

276 1891 367 1919 guum
388 1883 489 1917 potest
509 1888 587 1914 csse,
618 1883 693 1916 quot
712 1879 775 1907 loci
796 1880 827 1907 in
849 1879 930 1906 hunc
954 1888 1078 1906 censum
1098 1876 1229 1905 uocandi
1250 1876 1321 1905 sint.
1359 1877 1409 1904 De
1437 1875 1618 1914 quibusdam
1644 1874 1779 1903 dubitari
1805 1884 1897 1913 posse
1923 1885 2009 1913 nego.
2048 1877 2144 1907 Eius-

278 1927 359 1956 modi
381 1932 442 1961 cst,
468 1925 519 1963 11111
541 1926 574 1953 C.
594 1926 737 1954 XXVII.
757 1924 784 1965 §.
806 1926 851 1963 67.
871 1926 1002 1964 legitur:

351 1974 401 2002 Set
422 1980 456 2001 zet
475 1973 598 2001 redeam
617 1974 658 2001 acl
679 1974 862 2008 Plancium,
891 1984 1060 2012 numquam
1080 1984 1116 2001 ex
1135 1973 1208 2001 urhe
1229 1975 1255 2001 is
1275 1972 1378 2010 aficit,
1415 1973 1478 1999 nisi
1497 1977 1593 2004 sorte,
1621 1972 1703 2008 lege,
1729 1971 1929 2003 necessitate;
1959 1980 2021 1998 non
2040 1973 2145 2001 ualuit

279 2022 369 2051 rebus
388 2021 497 2053 isdem,
527 2019 636 2057 quibus
648 2020 786 2056 fortasse
807 2023 965 2050 nonnulli:
992 2027 1026 2049 at
1047 2022 1148 2049 ualuit
1170 2021 1380 2054 adsiduitate,
1407 2020 1509 2047 ualuit
1530 2018 1729 2047 obseruandis
1749 2019 1875 2050 anain-ix,
1907 2019 2010 2046 ualuit
2029 2019 2145 2049 libera-

278 2073 387 2102 litam
409 2068 480 2105 suit
500 2069 533 2095 in
554 2068 666 2097 oculis-,-
689 2071 867 2105 petiuit5
897 2082 939 2098 ea
966 2075 1024 2098 est
1052 2079 1147 2097 usus
1167 2071 1304 2096 ration
1317 2080 1348 2102 e,
1376 2078 1439 2106 qua
1458 2069 1598 2095 minuma
1617 2066 1740 2094 inuidia
1760 2066 1835 2092 noui
1853 2064 1989 2094 homines
2002 2069 2147 2104 plurumi

280 2117 396 2147 eosdem
416 2115 543 2143 honores
562 2117 714 2141 consec-uli
733 2123 812 2143 sunt.

355 2164 405 2191 sic
426 2162 507 2190 hunc
528 2162 646 2196 locum,
677 2167 758 2189 certe
779 2173 812 2191 ea
833 2165 943 2200 uerba,
972 2164 1008 2192 de
1029 2164 1139 2202 quibus
1159 2174 1240 2192 nunc
1262 2163 1377 2201 agitur,
1403 2162 1474 2190 inde
1495 2172 1511 2189 a
1530 2160 1699 2195 Lambino,
1734 2159 1787 2198 qui
1807 2159 1924 2198 primus
1944 2166 2015 2199 post
2028 2165 2145 2199 petiuit

281 2224 317 2242 ea
337 2211 472 2245 addidit,
493 2219 597 2238 omncs
618 2209 750 2237 editores
773 2221 865 2247 usquc
887 2212 922 2240 ad
945 2212 1145 2240 Garatonimn
1167 2213 1367 2251 scripserunt.
1405 2210 1434 2238 Is
1454 2210 1487 2237 in
1508 2209 1598 2237 Curis
1619 2208 1768 2236 Secundis
1789 2208 1826 2236 ad
1845 2207 1927 2237 hunc
1946 2208 2049 2237 locum
2069 2210 2144 2240 haec

281 2258 453 2289 adnotauit:

356 2305 543 2341 „Bauaricus
564 2305 708 2344 [quocum
728 2307 883 2335 consentit
902 2308 978 2346 ΕΓΗ]
999 2308 1127 2337 meliora
1147 2306 1222 2335 haec
1242 2307 1285 2334 ita
1304 2305 1393 2334 facit:
1411 2304 1484 2342 suit
1503 2306 1537 2332 in
1557 2304 1670 2337 oeulis,
1690 2302 1777 2340 filit,
1792 2305 1924 2340 petiuit,
1951 2313 1988 2331 ea
2007 2311 2052 2332 est
2071 2316 2145 2334 usus

284 2357 404 2383 ratione
431 2356 557 2388 uitae,
584 2364 646 2392 qna
670 2369 708 2373 —
734 2360 806 2381 sunt
835 2356 949 2383 eosdem
976 2356 1102 2385 honores
1130 2357 1291 2384 consecuti.
1330 2354 1392 2381 Iam
1412 2362 1447 2380 ea
1467 2362 1506 2379 ex
1525 2352 1587 2380 suis
1612 2351 1702 2379 libris
1722 2350 1890 2379 Lambinus
1910 2352 2084 2390 addiderat,
2112 2359 2144 2382 et

285 2402 376 2431 etiam
396 2402 427 2430 in
450 2401 574 2430 Oxonn.
596 2402 715 2431 duobus
737 2400 824 2439 [uno]
846 2406 899 2430 est.
938 2403 1029 2431 hunc
1053 2413 1129 2431 unus
1151 2402 1194 2441 [ct
1214 2401 1293 2440 Erf]
1314 2400 1365 2428 hic
1387 2399 1505 2437 egregie
1525 2399 1620 2429 adicit
1647 2401 1746 2432 uitae,
1779 2403 1813 2427 ut
1832 2409 1890 2438 pro
1911 2399 2032 2430 Cluent.
2052 2411 2077 2430 c.
2100 2402 2143 2430 14.
