2264 2746
274 85 327 112 126
923 77 1489 110 COMMEN‘rAnius.

273 159 416 186 matur
453 153 782 197 conspiratione
824 151 956 195 magis
1001 151 1257 194 iniquorum
1299 152 1511 195 iudicum,
1555 167 1678 198 quam
1718 155 1913 189 criminis
1955 159 2140 192 ueritate

275 207 517 240 conuictus.
558 209 719 239 ScuomA
741 205 1002 237 AMBRosiANA.
1046 204 1137 239 Uide
1159 205 1293 248 Proleg.
1317 206 1359 237 L.
1382 207 1442 238 111.
1466 208 1504 239 C.
1528 209 1588 240 III.
1617 210 1646 250 ἓ.
1670 209 1700 241 5.
1723 221 1757 252 p.
1780 211 1968 242 LXXIX..

361 260 390 301 §.
413 259 465 291 41.
495 261 577 293 Aron
601 259 692 290 enim
707 258 892 289 —idcirco
916 258 985 290 ista
1006 259 1111 290 editio
1128 270 1194 302 per
1217 271 1252 291 se
1274 271 1342 291 non
1363 259 1485 292 acerba
1503 262 1564 302 est)
1608 262 1915 294 Periculosius
1938 262 2056 304 aliqu
2066 275 2140 297 an-

273 319 359 344 tum
386 312 532 343 suerat
555 317 743 349 euectus,
773 315 818 340 ut
838 309 916 341 hoc
944 310 1138 351 dicendo,
1171 312 1357 344 uoluisti
1378 312 1614 353 Plancium,
1648 314 1920 355 Laterensis,
1949 322 2052 358 aput
2073 317 2142 348 in-

272 366 425 398 imicos
453 364 617 396 iudices
646 362 857 401 accusari,
893 362 1142 395 offenderet
1171 363 1340 397 animos
1372 377 1533 406 eorum,
1566 368 1639 408 qui
1669 373 1792 398 erant
1822 366 1870 397 de
1897 378 2021 400 causa
2042 380 2142 411 pro-

273 416 531 451 nuntiaturi.
577 415 834 458 Uigilanter
856 415 1007 458 itaque
1031 416 1159 448 illum
1183 417 1353 459 quidem
1376 418 1454 450 hoc
1475 419 1605 451 animi
1628 419 1832 452 habuisse
1855 426 2040 453 testatus
2065 428 2144 462 est,

272 478 317 503 ut
345 481 439 502 reus
469 468 630 510 iniquis
662 467 884 500 iudicibus
915 474 1136 510 uteretur,
1181 477 1244 502 set
1271 470 1498 503 fortunam
1531 472 1668 503 multo
1698 472 1957 515 prosperius
1987 485 2144 505 secun-

273 525 409 562 dasse,
451 528 491 554 ut
520 521 609 553 uiri
640 526 857 564 spectatae
886 520 1175 555 humanitatis
1212 530 1253 556 et
1280 524 1566 567 incorruptae
1596 524 1830 566 religionis
1862 524 1904 556 in
1936 526 2040 557 hanc
2070 538 2144 558 co-

273 576 516 619 gnitionem
539 574 759 612 uenirent,
795 585 900 616 quae
924 574 1148 607 innocenti
1172 587 1243 607 reo
1268 576 1419 609 obesse
1440 589 1527 610 non
1549 583 1705 620 posset.
1737 578 1918 615 ‚Iudices
1941 590 2040 620 ergo
2062 590 2145 611 non

272 628 413 666 laesit,
451 633 490 658 et
512 627 785 670 propositum
811 626 1033 659 malitiosi
1056 628 1323 661 accusatoris
1356 629 1555 661 ostendit.
1587 630 1748 662 Senomi
1771 631 2030 663 Annnosmxi.
2074 631 2146 663 Ea-

272 681 349 712 dem
372 686 442 711 arte
463 691 542 710 usus
565 685 615 710 est
638 679 754 710 Cicero
778 691 839 722 pro
864 679 957 711 Sulla
979 680 1150 719 XXXIII,
1175 692 1227 724 92.
1258 681 1327 713 Uos
1349 683 1531 716 reiectione
1553 684 1757 727 interposita
1778 685 1869 716 nihil
1890 684 2146 727 suspicantibus

271 733 367 766 nobis
390 732 562 776 repentini
588 733 624 763 in
642 745 702 764 nos
726 734 857 765 iudices
880 733 1094 772 consedistis,
1116 733 1158 765 ab
1176 736 1450 768 accussatoribus
1468 737 1590 769 delecti
1612 737 1660 769 ad
1680 748 1774 781 spem
1795 736 2007 775 acerbitatis,
2028 736 2146 781 afor-

271 794 357 820 tuna
379 786 474 819 nobis
497 786 544 817 ad
560 786 781 828 praesidium
804 787 1018 819 innocentiae
1041 788 1232 820 constituti.

356 840 417 873 Ad
440 837 636 881 carnifices)
682 839 760 871 Uno
791 839 930 870 nomine
962 839 1170 883 carnificum
1200 840 1445 884 conprehendit
1469 853 1553 885 quos
1582 841 1685 885 paulo
1713 846 1791 872 ante
1816 840 2058 880 inexorabilis,
2089 842 2146 875 in·-

270 893 456 929 humanos,
480 892 630 923 crudelis
655 891 799 925 dixerat.

355 945 492 979 Idcirco
524 946 593 976 ista
627 945 732 977 editio
760 957 824 989 per
853 959 889 980 se
921 957 987 977 non
1019 945 1189 988 acerbast)
1234 947 1274 977 In
1308 958 1376 980 uno
1407 947 1477 981 Ox.
1514 952 1564 978 est
1596 946 1759 980 conditio.
1801 947 1912 978 Immo
1948 944 2068 977 acerba
2096 952 2147 979 est

271 998 421 1031 conditio
439 1009 505 1041 per
529 1010 581 1037 se,
614 1009 682 1030 nou
705 998 898 1030 Laterensis
922 999 1051 1038 eclitio3
1084 1010 1145 1029 nec
1168 998 1336 1031 defensori
1360 1000 1459 1031 aliter
1481 1000 1600 1031 licebat
1624 999 1728 1042 loqui.
1764 999 2024 1031 GARATONIUS.
2068 998 2147 1030 Pri-

270 1063 366 1083 mum
403 1050 497 1081 nulla
535 1061 672 1092 prorsus
710 1050 809 1081 nnius
844 1051 923 1082 libri
956 1051 1025 1083 Ox.
1063 1051 1154 1083 illius
1195 1052 1373 1086 auctoritas
1410 1058 1470 1086 est.
1515 1053 1646 1084 Deinde
1683 1063 1764 1084 uero
1799 1050 1991 1082 rectissume
2021 1061 2056 1082 se
2082 1050 2147 1082 ha-

270 1104 327 1135 bet
349 1104 464 1135 editio.
509 1104 599 1134 Nam
622 1102 733 1133 uerbis
758 1104 826 1135 ista
850 1105 955 1136 editio
979 1104 1186 1146 significatur
1210 1105 1374 1138 eiusmodi
1397 1105 1545 1137 iudicum
1569 1105 1690 1144 editio,
1713 1111 1749 1136 ut
1771 1109 1954 1135 accussator
1977 1114 2060 1145 quos
2083 1115 2147 1135 ue-

271 1157 312 1188 lit
336 1155 461 1186 iudices
484 1167 527 1187 ex
551 1155 656 1186 tribus
679 1155 831 1186 tribubus
856 1156 972 1198 eligat,
1010 1168 1157 1199 quorum
1188 1171 1288 1191 nemo
1322 1159 1362 1190 ab
1386 1171 1444 1190 reo
1469 1158 1551 1191 reici
1573 1158 1689 1201 possit.
1735 1157 1820 1188 Eam
1843 1168 1910 1200 per
1932 1169 1967 1188 se
1986 1156 2145 1190 acerbam

272 1221 349 1241 cum
373 1208 469 1247 dicit,
494 1207 658 1249 significat
678 1206 833 1238 acerbam
857 1219 927 1240 esse
951 1210 1052 1242 etiam
1075 1223 1144 1242 non
1167 1211 1281 1242 habita
1302 1211 1433 1243 ratione
1455 1211 1554 1243 huius
1575 1221 1725 1249 caussae,
1749 1210 1785 1241 in
1807 1220 1873 1252 qua
1895 1208 1984 1241 forte
2009 1209 2146 1242 fortuna

272 1260 446 1300 acciderit,
473 1266 509 1292 ut
531 1259 655 1291 iudices
678 1271 748 1293 non
771 1267 881 1293 essent
907 1262 1092 1304 carnifices,
1126 1264 1233 1306 qualis
1257 1264 1354 1295 edere
1379 1263 1528 1295 uoluerit
1549 1262 1751 1296 Laterensis.

1043 1351 1071 1384 C
1098 1349 1130 1385 A
1155 1352 1201 1387 P.
1253 1352 1373 1386 XVII.

356 1421 413 1456 ‘An
438 1432 519 1453 uero
542 1432 652 1465 nuper
675 1421 872 1453 clarissumi
895 1422 986 1454 ciues
1010 1435 1130 1456 nomen
1155 1425 1205 1457 ed.
1231 1424 1303 1456 incl.
1326 1435 1392 1456 non
1420 1422 1589 1466 tulerunt)
1635 1422 1803 1466 Opinatus
1827 1421 1909 1454 olim
1932 1432 2025 1453 eram
2055 1428 2089 1454 et
2110 1422 2145 1454 in

275 1477 340 1508 hoc
362 1475 436 1506 loco
461 1479 493 1504 et
515 1473 550 1504 in
573 1484 633 1504 sex
658 1473 731 1504 aliis
755 1474 922 1505 Tullianis
946 1475 1163 1507 scribendum
1185 1477 1258 1509 Ain
1282 1479 1388 1509 uero?
1411 1488 1473 1520 pro
1496 1477 1555 1510 An
1579 1488 1660 1508 uero
1684 1487 1773 1515 esse,
1797 1476 1859 1507 hac
1881 1475 1998 1507 ductus
2023 1486 2146 1516 caussa,

273 1528 365 1571 quod
390 1538 473 1570 quae
504 1537 675 1569 proxume
703 1533 863 1558 secuntur
892 1527 1013 1567 uerba,
1036 1539 1146 1572 nuper
1168 1545 1211 1552 —
1237 1540 1303 1560 non
1327 1529 1502 1567 tulerunt,
1532 1542 1610 1561 cum
1631 1546 1673 1553 —
1692 1535 1875 1573 parerent,
1907 1528 2146 1572 interrogando

275 1581 397 1613 ecferri
421 1585 610 1621 nequeunt,
649 1591 725 1610 cum
755 1591 807 1611 res
830 1580 903 1623 ipsa
925 1580 1057 1620 doceat,
1095 1581 1251 1612 Tullium
1274 1581 1338 1612 1100
1362 1587 1393 1612 et
1415 1581 1504 1612 uelle
1528 1587 1561 1612 et
1585 1581 1706 1612 debere
1737 1593 1813 1613 cum
1836 1580 2069 1612 adfirmatione
2093 1581 2147 1614 di-

276 1645 367 1666 cere:
401 1633 526 1676 ZVuper
549 1632 633 1664 clar.
657 1633 748 1664 ciues
771 1645 891 1665 nomen
915 1634 1034 1667 editici
1056 1635 1183 1666 iudicis
1206 1647 1274 1666 non
1298 1634 1471 1673 tulerunt,
1495 1646 1571 1666 cum
1593 1651 1634 1658 --
1654 1641 1828 1678 parerent.
1871 1633 2026 1673 Accedit,
2057 1636 2146 1678 quod

280 1700 323 1719 ex
343 1692 509 1730 perpetuo
543 1684 601 1717 An
624 1685 809 1727 particulae
839 1698 918 1725 usu,
955 1686 983 1717 si
1006 1687 1110 1717 uerba
1139 1687 1197 1720 An
1226 1700 1308 1720 uero
1333 1705 1375 1712 —
1403 1699 1470 1720 non
1495 1687 1650 1718 tulerunt
1673 1693 1761 1718 arcte
1783 1687 1961 1719 cohaerere
1983 1693 2147 1730 putaren-

276 1747 350 1779 tur,
385 1738 564 1770 manifesto
588 1738 685 1778 haec,
720 1750 804 1780 quae
833 1739 1098 1778 alienissumast,
1133 1741 1297 1772 sententia
1323 1739 1496 1771 existeret:
1533 1738 1659 1782 ZVuper
1683 1741 1774 1772 ciues
1802 1752 1922 1773 nomen
1945 1741 1996 1773 ed.
2019 1742 2146 1775 iudicis

280 1794 444 1825 tulerunt.
488 1790 722 1822 Nihilominus
757 1803 869 1822 sanam
900 1803 989 1823 1111110
1025 1792 1125 1824 huius
1164 1794 1230 1825 loci
1264 1793 1466 1836 scripturam
1502 1792 1673 1834 uolgatam
1704 1793 1862 1824 arbitror.
1908 1793 2024 1825 Solent
2054 1795 2146 1828 enim

279 1854 534 1885 nonnumquam
557 1843 704 1875 Romani
726 1855 816 1875 nunc
838 1845 894 1878 An
919 1856 1008 1875 nunc
1030 1846 1088 1878 An
1111 1859 1192 1879 uero
1221 1845 1397 1890 particulis
1420 1845 1705 1885 enuntiationem,
1743 1857 1826 1888 quae
1848 1845 1975 1877 duobus
1997 1846 2060 1877 sibi
2083 1860 2146 1892 op-

280 1896 395 1940 positis
418 1896 579 1928 membris
602 1903 748 1936 constat,
772 1897 819 1928 ita
839 1897 1017 1937 incohare,
1041 1904 1079 1929 ut
1100 1900 1267 1941 posterius
1289 1906 1419 1932 tantum
1440 1898 1632 1931 membrum
1655 1911 1732 1931 cum
1753 1899 2014 1941 interrogatione
2037 1911 2146 1932 enun-

280 1950 399 1988 tietur,
432 1949 527 1992 prius
557 1961 639 1981 uero
669 1949 781 1992 aliqua
812 1956 889 1992 post
917 1951 1097 1993 particulas
1127 1952 1200 1984 illas
1229 1964 1332 1996 pausa
1361 1951 1447 1983 facta
1474 1962 1538 1994 pro
1567 1952 1731 1983 sententia
1758 1952 1815 1983 uel
1843 1951 2062 1984 condicionali
2090 1955 2146 1987 uel

284 2002 422 2033 caussali
443 2001 652 2044 proseratur,
690 2014 756 2045 qua
777 2003 923 2034 alterum
945 2003 1079 2035 nitatur.
1124 2005 1175 2037 Eo
1198 2006 1300 2038 modo
1323 2006 1382 2040 An
1405 2017 1487 2038 uero
1514 2004 1693 2047 particulas
1716 2004 1850 2036 Tullius
1873 2009 1906 2035 et
1928 2003 1982 2035 hic
2004 2016 2148 2049 usurpa-

285 2054 337 2084 uit
365 2060 398 2085 et
428 2054 466 2085 de
496 2061 580 2086 orat.
603 2055 640 2095 Ι,
671 2055 730 2095 58,
764 2056 835 2087 250.
865 2063 927 2098 pro
951 2056 1091 2088 Fonteio
1114 2058 1219 2099 VIII,
1255 2060 1303 2092 16.
1335 2070 1399 2102 pro
1424 2058 1462 2089 C.
1485 2057 1626 2089 Rabirio
1653 2058 1704 2097 V,
1736 2057 1784 2088 16.
1813 2056 1849 2087 in
1879 2055 1975 2087 Catil.
1999 2057 2032 2097 I,
2058 2069 2089 2098 1,
2114 2059 2144 2092 3,

285 2118 348 2149 pro
370 2107 462 2137 Sulla
484 2108 552 2148 XI,
577 2109 628 2140 52.
663 2109 704 2140 de
727 2110 771 2140 N.
795 2109 839 2140 D.
863 2110 913 2149 II,
937 2110 973 2149 6,
1002 2122 1068 2152 17..
1113 2111 1287 2143 Praeterea
1308 2111 1388 2143 uide
1410 2110 1620 2152 Maduigium
1645 2110 1680 2141 in
1703 2108 1887 2141 Emendatt·
1911 2108 1947 2140 in
1973 2109 2145 2144 Ciceronis

287 2159 391 2190 libros
415 2159 535 2201 philos.
558 2173 591 2204 p.
612 2161 758 2194 53—46.
784 2168 816 2192 et
837 2162 1014 2194 Handium
1037 2162 1078 2194 de
1099 2165 1233 2206 particc.
1257 2165 1325 2198 latt.
1348 2165 1390 2196 Τ.
1412 2165 1439 2196 Ι.
1462 2175 1496 2207 p.
1521 2163 1733 2206 549-552..

370 2211 428 2246 An
458 2225 537 2244 uero
569 2226 677 2258 nuper
699 2232 740 2239 —
767 2228 835 2247 non
858 2206 1031 2257 >tulerunt)
1076 2216 1226 2249 Adhuc
1259 2218 1445 2256 eandem,
1480 2222 1683 2258 quantum
1712 2214 1839 2246 rebus
1871 2212 1978 2257 ipsis
2011 2225 2146 2258 appa-

290 2271 367 2303 ret,
404 2263 589 2296 inculcat
620 2267 905 2309 iniquitatem
935 2268 1100 2308 iudicii,
1139 2270 1251 2312 quod
1280 2269 1537 2302 Laterensis
1573 2274 1616 2299 ut
1644 2279 1692 2299 ex
1723 2266 1914 2298 editiciis
1948 2266 2142 2308 haberet,

290 2316 474 2349 maxime
516 2316 802 2352 laborauerat.
864 2322 914 2354 Et
947 2322 1022 2353 hac
1057 2322 1101 2353 in
1134 2328 1253 2365 parte
1292 2321 1739 2353 commemorationem
1780 2319 1959 2351 uidetur
1996 2318 2143 2352 facere

292 2369 467 2401 Tullius
498 2369 585 2401 eius
620 2373 841 2415 temporis,
881 2385 960 2416 quo
990 2376 1173 2408 Seruius
1203 2375 1433 2419 Sulpicius
1456 2397 1484 2406 ..
1529 2373 1688 2405 SCHOLIA
1723 2374 1981 2406 AMBROSIANA.
