<?xml version="1.0" encoding="UTF-8"?>
<!DOCTYPE html PUBLIC "-//W3C//DTD XHTML 1.0 Transitional//EN"
    "http://www.w3.org/TR/xhtml1/DTD/xhtml1-transitional.dtd">
<html xmlns="http://www.w3.org/1999/xhtml" xml:lang="en" lang="en">
 <head>
  <title>
</title>
<meta http-equiv="Content-Type" content="text/html;charset=utf-8" />
  <meta name='ocr-system' content='tesseract 3.04.00' />
  <meta name='ocr-capabilities' content='ocr_page ocr_carea ocr_par ocr_line ocrx_word'/>
</head>
<body>
  <div class='ocr_page' id='page_1' title='image "./oratioprocnplan00ciceuoft_0361.png"; bbox 0 0 2264 2746; ppageno 0'>
   <div class='ocr_carea' id='block_1_1' title="bbox 771 95 1962 138">
    <p class='ocr_par' dir='ltr' id='par_1_1' title="bbox 771 95 1962 138">
     <span class='ocr_line' id='line_1_1' title="bbox 771 95 1962 138; baseline -0.001 -9"><span class='ocrx_word' id='word_1_1' title='bbox 771 100 875 129; x_wconf 81' lang='lat' dir='ltr'>CAP.</span> <span class='ocrx_word' id='word_1_2' title='bbox 914 98 1020 128; x_wconf 81' lang='lat' dir='ltr'>XLII.</span> <span class='ocrx_word' id='word_1_3' title='bbox 1052 95 1080 138; x_wconf 88' lang='lat'>§.</span> <span class='ocrx_word' id='word_1_4' title='bbox 1109 99 1288 131; x_wconf 75' lang='lat'>101.--104.</span> <span class='ocrx_word' id='word_1_5' title='bbox 1909 100 1962 132; x_wconf 63' lang='lat'>245</span> 
     </span>
    </p>
   </div>
   <div class='ocr_carea' id='block_1_2' title="bbox 97 171 1979 2327">
    <p class='ocr_par' dir='ltr' id='par_1_2' title="bbox 97 171 1966 376">
     <span class='ocr_line' id='line_1_2' title="bbox 98 171 1962 216; baseline -0.002 -8"><span class='ocrx_word' id='word_1_6' title='bbox 98 176 331 208; x_wconf 80' lang='lat' dir='ltr'>monendos</span> <span class='ocrx_word' id='word_1_7' title='bbox 369 175 548 208; x_wconf 86' lang='lat' dir='ltr'>iudices.</span> <span class='ocrx_word' id='word_1_8' title='bbox 593 173 912 208; x_wconf 84' lang='lat' dir='ltr'>Procliuiorem</span> <span class='ocrx_word' id='word_1_9' title='bbox 950 173 1055 205; x_wconf 85' lang='lat' dir='ltr'>facit</span> <span class='ocrx_word' id='word_1_10' title='bbox 1091 171 1338 216; x_wconf 87' lang='lat' dir='ltr'>inpetrandi</span> <span class='ocrx_word' id='word_1_11' title='bbox 1376 172 1651 213; x_wconf 74' lang='lat' dir='ltr'>facilitatem,</span> <span class='ocrx_word' id='word_1_12' title='bbox 1698 173 1962 205; x_wconf 80' lang='lat' dir='ltr'>constituens</span> 
     </span>
     <span class='ocr_line' id='line_1_3' title="bbox 97 225 1965 269; baseline -0.003 -8"><span class='ocrx_word' id='word_1_13' title='bbox 97 229 146 261; x_wconf 87' lang='lat' dir='ltr'>in</span> <span class='ocrx_word' id='word_1_14' title='bbox 175 240 321 260; x_wconf 87' lang='lat' dir='ltr'>eorum</span> <span class='ocrx_word' id='word_1_15' title='bbox 349 229 655 261; x_wconf 77' lang='lat' dir='ltr'>misericordia</span> <span class='ocrx_word' id='word_1_16' title='bbox 685 228 1010 260; x_wconf 84' lang='lat' dir='ltr'><strong>firmamentum</strong></span> <span class='ocrx_word' id='word_1_17' title='bbox 1044 226 1198 259; x_wconf 85' lang='lat' dir='ltr'>salutis</span> <span class='ocrx_word' id='word_1_18' title='bbox 1229 225 1300 257; x_wconf 86' lang='lat' dir='ltr'>Cn.</span> <span class='ocrx_word' id='word_1_19' title='bbox 1333 226 1515 265; x_wconf 88' lang='lat' dir='ltr'>Plancii‚</span> <span class='ocrx_word' id='word_1_20' title='bbox 1556 237 1629 269; x_wconf 88' lang='lat' dir='ltr'>per</span> <span class='ocrx_word' id='word_1_21' title='bbox 1660 238 1761 268; x_wconf 90' lang='lat' dir='ltr'>qnos</span> <span class='ocrx_word' id='word_1_22' title='bbox 1792 225 1883 268; x_wconf 88' lang='lat' dir='ltr'>ipse</span> <span class='ocrx_word' id='word_1_23' title='bbox 1911 226 1965 257; x_wconf 91' lang='lat' dir='ltr'>sit</span> 
     </span>
     <span class='ocr_line' id='line_1_4' title="bbox 98 278 1966 323; baseline -0.002 -11"><span class='ocrx_word' id='word_1_24' title='bbox 98 281 288 313; x_wconf 88' lang='lat' dir='ltr'>reditum</span> <span class='ocrx_word' id='word_1_25' title='bbox 312 288 580 313; x_wconf 86' lang='lat' dir='ltr'>consecutus.</span> <span class='ocrx_word' id='word_1_26' title='bbox 625 282 686 313; x_wconf 89' lang='lat' dir='ltr'>Ita</span> <span class='ocrx_word' id='word_1_27' title='bbox 709 281 933 323; x_wconf 80' lang='lat' dir='ltr'>eleganter</span> <span class='ocrx_word' id='word_1_28' title='bbox 959 287 999 311; x_wconf 87' lang='lat' dir='ltr'>et</span> <span class='ocrx_word' id='word_1_29' title='bbox 1022 291 1098 323; x_wconf 86' lang='lat' dir='ltr'>pro</span> <span class='ocrx_word' id='word_1_30' title='bbox 1122 290 1163 311; x_wconf 85' lang='lat' dir='ltr'>se</span> <span class='ocrx_word' id='word_1_31' title='bbox 1187 278 1351 321; x_wconf 78' lang='lat' dir='ltr'>gratias</span> <span class='ocrx_word' id='word_1_32' title='bbox 1375 278 1467 321; x_wconf 85' lang='lat' dir='ltr'>agit,</span> <span class='ocrx_word' id='word_1_33' title='bbox 1493 285 1530 310; x_wconf 89' lang='lat' dir='ltr'>et</span> <span class='ocrx_word' id='word_1_34' title='bbox 1553 279 1654 310; x_wconf 87' lang='lat' dir='ltr'>huic</span> <span class='ocrx_word' id='word_1_35' title='bbox 1675 291 1795 322; x_wconf 84' lang='lat' dir='ltr'>pares</span> <span class='ocrx_word' id='word_1_36' title='bbox 1818 279 1966 310; x_wconf 87' lang='lat' dir='ltr'>huma-</span> 
     </span>
     <span class='ocr_line' id='line_1_5' title="bbox 97 331 1964 376; baseline -0.001 -11"><span class='ocrx_word' id='word_1_37' title='bbox 97 334 211 365; x_wconf 87' lang='lat' dir='ltr'>nitat</span> <span class='ocrx_word' id='word_1_38' title='bbox 222 333 254 365; x_wconf 86' lang='lat' dir='ltr'>is</span> <span class='ocrx_word' id='word_1_39' title='bbox 278 346 352 365; x_wconf 89' lang='lat' dir='ltr'>ene</span> <span class='ocrx_word' id='word_1_40' title='bbox 364 341 457 366; x_wconf 87' lang='lat' dir='ltr'>ntus</span> <span class='ocrx_word' id='word_1_41' title='bbox 481 334 500 365; x_wconf 87' lang='lat' dir='ltr'>d</span> <span class='ocrx_word' id='word_1_42' title='bbox 512 345 587 376; x_wconf 86' lang='lat' dir='ltr'>epr</span> <span class='ocrx_word' id='word_1_43' title='bbox 598 340 715 365; x_wconf 88' lang='lat' dir='ltr'>ecatu</span> <span class='ocrx_word' id='word_1_44' title='bbox 724 345 752 365; x_wconf 87' lang='lat' dir='ltr'>r.</span> <span class='ocrx_word' id='word_1_45' title='bbox 770 335 932 365; x_wconf 73' lang='lat' dir='ltr'>ScnomA</span> <span class='ocrx_word' id='word_1_46' title='bbox 945 334 1204 366; x_wconf 74' lang='lat' dir='ltr'>AMBROSJANA.</span> <span class='ocrx_word' id='word_1_47' title='bbox 1230 331 1303 362; x_wconf 86' lang='lat' dir='ltr'>Cfr.</span> <span class='ocrx_word' id='word_1_48' title='bbox 1313 331 1410 362; x_wconf 82' lang='lat' dir='ltr'>etiam</span> <span class='ocrx_word' id='word_1_49' title='bbox 1431 344 1514 374; x_wconf 85' lang='lat' dir='ltr'>quae</span> <span class='ocrx_word' id='word_1_50' title='bbox 1534 332 1574 364; x_wconf 86' lang='lat' dir='ltr'>ad</span> <span class='ocrx_word' id='word_1_51' title='bbox 1589 334 1626 364; x_wconf 93' lang='lat' dir='ltr'>C.</span> <span class='ocrx_word' id='word_1_52' title='bbox 1639 333 1664 363; x_wconf 90' lang='lat' dir='ltr'>I.</span> <span class='ocrx_word' id='word_1_53' title='bbox 1679 333 1708 374; x_wconf 84' lang='lat'>§.</span> <span class='ocrx_word' id='word_1_54' title='bbox 1720 343 1748 363; x_wconf 80' lang='lat'>2.</span> <span class='ocrx_word' id='word_1_55' title='bbox 1759 332 1964 363; x_wconf 84' lang='lat' dir='ltr'>monuimus.</span> 
     </span>
    </p>

    <p class='ocr_par' dir='ltr' id='par_1_3' title="bbox 99 384 1967 471">
     <span class='ocr_line' id='line_1_6' title="bbox 181 384 1967 428; baseline -0.002 -9"><span class='ocrx_word' id='word_1_56' title='bbox 181 387 266 420; x_wconf 80' lang='lat' dir='ltr'>Non</span> <span class='ocrx_word' id='word_1_57' title='bbox 291 388 405 419; x_wconf 78' lang='lat' dir='ltr'>dicam</span> <span class='ocrx_word' id='word_1_58' title='bbox 426 399 578 419; x_wconf 80' lang='lat' dir='ltr'>meorum</span> <span class='ocrx_word' id='word_1_59' title='bbox 602 389 636 419; x_wconf 78' lang='lat' dir='ltr'>in</span> <span class='ocrx_word' id='word_1_60' title='bbox 661 388 761 420; x_wconf 76' lang='lat' dir='ltr'>bonos</span> <span class='ocrx_word' id='word_1_61' title='bbox 784 388 1006 425; x_wconf 75' lang='lat' dir='ltr'>meritormn,</span> <span class='ocrx_word' id='word_1_62' title='bbox 1042 392 1093 418; x_wconf 80' lang='lat' dir='ltr'>set</span> <span class='ocrx_word' id='word_1_63' title='bbox 1116 386 1280 418; x_wconf 75' lang='lat' dir='ltr'>bonorum</span> <span class='ocrx_word' id='word_1_64' title='bbox 1302 384 1338 416; x_wconf 80' lang='grc' dir='ltr'>ἰΙι</span> <span class='ocrx_word' id='word_1_65' title='bbox 1361 384 1427 428; x_wconf 76' lang='lat' dir='ltr'>me)</span> <span class='ocrx_word' id='word_1_66' title='bbox 1469 386 1614 417; x_wconf 88' lang='lat' dir='ltr'>Acutam</span> <span class='ocrx_word' id='word_1_67' title='bbox 1643 385 1751 417; x_wconf 82' lang='lat' dir='ltr'>inesse</span> <span class='ocrx_word' id='word_1_68' title='bbox 1779 385 1967 416; x_wconf 86' lang='lat' dir='ltr'>simulatio-</span> 
     </span>
     <span class='ocr_line' id='line_1_7' title="bbox 99 440 760 471; baseline -0.002 0"><span class='ocrx_word' id='word_1_69' title='bbox 99 451 177 471; x_wconf 86' lang='lat' dir='ltr'>nem</span> <span class='ocrx_word' id='word_1_70' title='bbox 201 440 383 471; x_wconf 83' lang='lat' dir='ltr'>modestiae</span> <span class='ocrx_word' id='word_1_71' title='bbox 407 440 611 471; x_wconf 82' lang='lat' dir='ltr'>Garatonius</span> <span class='ocrx_word' id='word_1_72' title='bbox 633 446 760 471; x_wconf 87' lang='lat' dir='ltr'>monet.</span> 
     </span>
    </p>

    <p class='ocr_par' dir='ltr' id='par_1_4' title="bbox 98 491 1970 691">
     <span class='ocr_line' id='line_1_8' title="bbox 183 491 1968 536; baseline -0.001 -12"><span class='ocrx_word' id='word_1_73' title='bbox 183 494 387 536; x_wconf 62' lang='lat' dir='ltr'>illes-umque</span> <span class='ocrx_word' id='word_1_74' title='bbox 410 505 471 524; x_wconf 79' lang='lat' dir='ltr'>uos</span> <span class='ocrx_word' id='word_1_75' title='bbox 494 493 600 524; x_wconf 73' lang='lat' dir='ltr'>simul</span> <span class='ocrx_word' id='word_1_76' title='bbox 620 494 676 524; x_wconf 76' lang='lat' dir='ltr'>hic</span> <span class='ocrx_word' id='word_1_77' title='bbox 698 493 912 524; x_wconf 74' lang='lat' dir='ltr'>miserrimus</span> <span class='ocrx_word' id='word_1_78' title='bbox 937 497 969 524; x_wconf 79' lang='lat' dir='ltr'>et</span> <span class='ocrx_word' id='word_1_79' title='bbox 993 493 1142 535; x_wconf 76' lang='lat' dir='ltr'>optimus</span> <span class='ocrx_word' id='word_1_80' title='bbox 1166 491 1357 523; x_wconf 76' lang='lat' dir='ltr'>obtestatur</span> <span class='ocrx_word' id='word_1_81' title='bbox 1384 491 1525 533; x_wconf 75' lang='lat' dir='ltr'>parens)</span> <span class='ocrx_word' id='word_1_82' title='bbox 1570 491 1710 523; x_wconf 85' lang='lat' dir='ltr'>Ualde</span> <span class='ocrx_word' id='word_1_83' title='bbox 1737 491 1968 534; x_wconf 83' lang='lat' dir='ltr'>copulatis</span> 
     </span>
     <span class='ocr_line' id='line_1_9' title="bbox 98 543 1968 587; baseline -0.001 -10"><span class='ocrx_word' id='word_1_84' title='bbox 98 545 325 587; x_wconf 82' lang='lat' dir='ltr'>utrimque</span> <span class='ocrx_word' id='word_1_85' title='bbox 354 546 551 586; x_wconf 84' lang='lat' dir='ltr'>personis</span> <span class='ocrx_word' id='word_1_86' title='bbox 584 552 625 577; x_wconf 88' lang='lat' dir='ltr'>et</span> <span class='ocrx_word' id='word_1_87' title='bbox 655 545 699 576; x_wconf 87' lang='grc'>111</span> <span class='ocrx_word' id='word_1_88' title='bbox 729 551 851 587; x_wconf 85' lang='lat' dir='ltr'>patre</span> <span class='ocrx_word' id='word_1_89' title='bbox 880 545 947 576; x_wconf 90' lang='lat' dir='ltr'>sin</span> <span class='ocrx_word' id='word_1_90' title='bbox 961 556 978 575; x_wconf 90' lang='lat' dir='ltr'>e</span> <span class='ocrx_word' id='word_1_91' title='bbox 1002 544 1130 575; x_wconf 88' lang='lat' dir='ltr'>dubio</span> <span class='ocrx_word' id='word_1_92' title='bbox 1154 544 1386 586; x_wconf 85' lang='lat' dir='ltr'>plurimum</span> <span class='ocrx_word' id='word_1_93' title='bbox 1416 543 1647 575; x_wconf 86' lang='lat' dir='ltr'>constituit</span> <span class='ocrx_word' id='word_1_94' title='bbox 1676 543 1968 575; x_wconf 85' lang='lat' dir='ltr'>miserationis</span> 
     </span>
     <span class='ocr_line' id='line_1_10' title="bbox 99 596 1970 641; baseline 0.001 -13"><span class='ocrx_word' id='word_1_95' title='bbox 99 604 137 628; x_wconf 89' lang='lat' dir='ltr'>et</span> <span class='ocrx_word' id='word_1_96' title='bbox 160 597 248 628; x_wconf 83' lang='lat' dir='ltr'>sibi</span> <span class='ocrx_word' id='word_1_97' title='bbox 279 596 451 628; x_wconf 87' lang='lat' dir='ltr'>eandem</span> <span class='ocrx_word' id='word_1_98' title='bbox 482 598 566 629; x_wconf 86' lang='lat' dir='ltr'>uim</span> <span class='ocrx_word' id='word_1_99' title='bbox 589 598 734 629; x_wconf 87' lang='lat' dir='ltr'><strong>sollici</strong></span> <span class='ocrx_word' id='word_1_100' title='bbox 749 597 908 628; x_wconf 88' lang='lat' dir='ltr'>tudinis</span> <span class='ocrx_word' id='word_1_101' title='bbox 938 609 960 628; x_wconf 94' lang='lat' dir='ltr'>u</span> <span class='ocrx_word' id='word_1_102' title='bbox 974 596 1208 637; x_wconf 79' lang='lat' dir='ltr'>indicauit,</span> <span class='ocrx_word' id='word_1_103' title='bbox 1244 596 1363 638; x_wconf 82' lang='lat' dir='ltr'>quasi</span> <span class='ocrx_word' id='word_1_104' title='bbox 1386 602 1504 638; x_wconf 86' lang='lat' dir='ltr'>uterq</span> <span class='ocrx_word' id='word_1_105' title='bbox 1518 608 1568 628; x_wconf 88' lang='lat' dir='ltr'>ue</span> <span class='ocrx_word' id='word_1_106' title='bbox 1593 598 1662 628; x_wconf 85' lang='lat' dir='ltr'>Cn.</span> <span class='ocrx_word' id='word_1_107' title='bbox 1688 597 1868 630; x_wconf 87' lang='lat' dir='ltr'>Plancio</span> <span class='ocrx_word' id='word_1_108' title='bbox 1898 610 1970 641; x_wconf 84' lang='lat' dir='ltr'>pa-</span> 
     </span>
     <span class='ocr_line' id='line_1_11' title="bbox 100 649 1655 691; baseline 0 -10"><span class='ocrx_word' id='word_1_109' title='bbox 100 650 260 687; x_wconf 75' lang='lat' dir='ltr'>tersit,</span> <span class='ocrx_word' id='word_1_110' title='bbox 285 649 394 680; x_wconf 79' lang='lat' dir='ltr'>alter</span> <span class='ocrx_word' id='word_1_111' title='bbox 418 655 589 688; x_wconf 85' lang='lat' dir='ltr'>natura,</span> <span class='ocrx_word' id='word_1_112' title='bbox 613 650 732 681; x_wconf 83' lang='lat' dir='ltr'>alter</span> <span class='ocrx_word' id='word_1_113' title='bbox 755 649 910 681; x_wconf 79' lang='lat' dir='ltr'>officio</span> <span class='ocrx_word' id='word_1_114' title='bbox 934 649 1164 691; x_wconf 78' lang='lat' dir='ltr'>gratiosus.</span> <span class='ocrx_word' id='word_1_115' title='bbox 1211 650 1371 681; x_wconf 68' lang='lat' dir='ltr'>Senotm</span> <span class='ocrx_word' id='word_1_116' title='bbox 1400 649 1655 681; x_wconf 23' lang='lat' dir='ltr'>Amnnosmxsx.</span> 
     </span>
    </p>

    <p class='ocr_par' dir='ltr' id='par_1_5' title="bbox 97 702 1972 851">
     <span class='ocr_line' id='line_1_12' title="bbox 187 702 1971 746; baseline 0.001 -13"><span class='ocrx_word' id='word_1_117' title='bbox 187 703 419 734; x_wconf 78' lang='lat' dir='ltr'>Miserrumns</span> <span class='ocrx_word' id='word_1_118' title='bbox 436 708 468 734; x_wconf 79' lang='lat' dir='ltr'>et</span> <span class='ocrx_word' id='word_1_119' title='bbox 485 702 658 746; x_wconf 71' lang='lat' dir='ltr'>optallius)</span> <span class='ocrx_word' id='word_1_120' title='bbox 684 704 726 735; x_wconf 93' lang='lat' dir='ltr'>Ut</span> <span class='ocrx_word' id='word_1_121' title='bbox 743 702 797 734; x_wconf 85' lang='lat' dir='ltr'>hic</span> <span class='ocrx_word' id='word_1_122' title='bbox 812 708 901 733; x_wconf 84' lang='lat' dir='ltr'>recte</span> <span class='ocrx_word' id='word_1_123' title='bbox 916 703 1078 734; x_wconf 85' lang='lat' dir='ltr'>adiectiua</span> <span class='ocrx_word' id='word_1_124' title='bbox 1093 704 1319 734; x_wconf 76' lang='lat' dir='ltr'>miserrumns</span> <span class='ocrx_word' id='word_1_125' title='bbox 1337 708 1365 732; x_wconf 89' lang='lat' dir='ltr'>et</span> <span class='ocrx_word' id='word_1_126' title='bbox 1383 708 1542 745; x_wconf 75' lang='lat' dir='ltr'>optumus·</span> <span class='ocrx_word' id='word_1_127' title='bbox 1558 703 1719 745; x_wconf 82' lang='lat' dir='ltr'>particula</span> <span class='ocrx_word' id='word_1_128' title='bbox 1734 703 1925 745; x_wconf 83' lang='lat' dir='ltr'>copulatiua</span> <span class='ocrx_word' id='word_1_129' title='bbox 1939 710 1971 735; x_wconf 74' lang='lat' dir='ltr'>et</span> 
     </span>
     <span class='ocr_line' id='line_1_13' title="bbox 98 754 1972 797; baseline 0.001 -11"><span class='ocrx_word' id='word_1_130' title='bbox 98 755 296 797; x_wconf 72' lang='lat' dir='ltr'>iun-guntur.</span> <span class='ocrx_word' id='word_1_131' title='bbox 321 755 366 785; x_wconf 87' lang='lat' dir='ltr'>ita</span> <span class='ocrx_word' id='word_1_132' title='bbox 384 755 636 786; x_wconf 84' lang='lat' dir='ltr'>sincerissmnus</span> <span class='ocrx_word' id='word_1_133' title='bbox 654 755 754 786; x_wconf 90' lang='lat' dir='ltr'>etiam</span> <span class='ocrx_word' id='word_1_134' title='bbox 770 756 828 786; x_wconf 86' lang='lat' dir='ltr'>ille</span> <span class='ocrx_word' id='word_1_135' title='bbox 844 756 935 786; x_wconf 87' lang='lat' dir='ltr'>locus</span> <span class='ocrx_word' id='word_1_136' title='bbox 952 767 1000 786; x_wconf 87' lang='lat' dir='ltr'>or.</span> <span class='ocrx_word' id='word_1_137' title='bbox 1018 756 1187 786; x_wconf 79' lang='lat' dir='ltr'>Sestianae</span> <span class='ocrx_word' id='word_1_138' title='bbox 1204 761 1262 793; x_wconf 86' lang='lat' dir='ltr'>est,</span> <span class='ocrx_word' id='word_1_139' title='bbox 1290 754 1347 796; x_wconf 87' lang='lat' dir='ltr'>qui</span> <span class='ocrx_word' id='word_1_140' title='bbox 1362 761 1452 785; x_wconf 79' lang='lat' dir='ltr'>extat</span> <span class='ocrx_word' id='word_1_141' title='bbox 1467 756 1504 786; x_wconf 88' lang='lat' dir='ltr'>C.</span> <span class='ocrx_word' id='word_1_142' title='bbox 1520 756 1578 786; x_wconf 90' lang='grc'><strong>111.</strong></span> <span class='ocrx_word' id='word_1_143' title='bbox 1600 757 1628 797; x_wconf 77' lang='lat'>§.</span> <span class='ocrx_word' id='word_1_144' title='bbox 1649 768 1677 797; x_wconf 64' lang='grc' dir='ltr'>γ.</span> <span class='ocrx_word' id='word_1_145' title='bbox 1700 757 1814 788; x_wconf 69' lang='lat' dir='ltr'>Duxit</span> <span class='ocrx_word' id='word_1_146' title='bbox 1831 769 1972 788; x_wconf 69' lang='lat' dir='ltr'>uxorem</span> 
     </span>
     <span class='ocr_line' id='line_1_14' title="bbox 97 808 1970 851; baseline 0 -12"><span class='ocrx_word' id='word_1_147' title='bbox 97 814 199 851; x_wconf 74' lang='lat' dir='ltr'>patre</span> <span class='ocrx_word' id='word_1_148' title='bbox 216 809 298 840; x_wconf 72' lang='lat' dir='ltr'>uiuo</span> <span class='ocrx_word' id='word_1_149' title='bbox 315 809 448 851; x_wconf 76' lang='lat' dir='ltr'>optumi</span> <span class='ocrx_word' id='word_1_150' title='bbox 463 814 494 840; x_wconf 76' lang='lat' dir='ltr'>et</span> <span class='ocrx_word' id='word_1_151' title='bbox 511 808 826 847; x_wconf 57' lang='lat' dir='ltr'>calamito-cissami,</span> <span class='ocrx_word' id='word_1_152' title='bbox 843 808 899 838; x_wconf 88' lang='lat' dir='ltr'>ubi</span> <span class='ocrx_word' id='word_1_153' title='bbox 917 808 1091 839; x_wconf 75' lang='lat' dir='ltr'>Ernestius</span> <span class='ocrx_word' id='word_1_154' title='bbox 1105 808 1230 849; x_wconf 81' lang='lat' dir='ltr'>aliique</span> <span class='ocrx_word' id='word_1_155' title='bbox 1247 814 1279 839; x_wconf 72' lang='lat' dir='ltr'>et</span> <span class='ocrx_word' id='word_1_156' title='bbox 1294 808 1329 838; x_wconf 89' lang='lat' dir='ltr'>in</span> <span class='ocrx_word' id='word_1_157' title='bbox 1346 814 1383 839; x_wconf 77' lang='lat' dir='ltr'>at</span> <span class='ocrx_word' id='word_1_158' title='bbox 1395 814 1511 839; x_wconf 85' lang='lat' dir='ltr'>eontra</span> <span class='ocrx_word' id='word_1_159' title='bbox 1528 808 1728 839; x_wconf 78' lang='lat' dir='ltr'>latinitatem</span> <span class='ocrx_word' id='word_1_160' title='bbox 1742 815 1970 840; x_wconf 73' lang='lat' dir='ltr'>mutauerant.</span> 
     </span>
    </p>

    <p class='ocr_par' dir='ltr' id='par_1_6' title="bbox 100 860 1979 2116">
     <span class='ocr_line' id='line_1_15' title="bbox 188 860 1973 905; baseline 0.001 -14"><span class='ocrx_word' id='word_1_161' title='bbox 188 861 218 902; x_wconf 54' lang='grc' dir='ltr'>ἕ.</span> <span class='ocrx_word' id='word_1_162' title='bbox 239 860 309 891; x_wconf 80' lang='grc'><strong>105.</strong></span> <span class='ocrx_word' id='word_1_163' title='bbox 334 861 468 899; x_wconf 78' lang='lat' dir='ltr'>Nolite,</span> <span class='ocrx_word' id='word_1_164' title='bbox 492 862 633 899; x_wconf 76' lang='lat' dir='ltr'>indices,</span> <span class='ocrx_word' id='word_1_165' title='bbox 651 873 716 904; x_wconf 75' lang='lat' dir='ltr'>pet·</span> <span class='ocrx_word' id='word_1_166' title='bbox 732 873 802 897; x_wconf 73' lang='lat' dir='ltr'>nos,</span> <span class='ocrx_word' id='word_1_167' title='bbox 824 860 1074 904; x_wconf 74' lang='lat' dir='ltr'>persortmlas,</span> <span class='ocrx_word' id='word_1_168' title='bbox 1092 873 1158 905; x_wconf 75' lang='lat' dir='ltr'>per</span> <span class='ocrx_word' id='word_1_169' title='bbox 1175 861 1298 892; x_wconf 72' lang='lat' dir='ltr'>liberos</span> <span class='ocrx_word' id='word_1_170' title='bbox 1315 860 1462 903; x_wconf 72' lang='lat' dir='ltr'>nostros)</span> <span class='ocrx_word' id='word_1_171' title='bbox 1489 862 1617 892; x_wconf 84' lang='lat' dir='ltr'>Locum</span> <span class='ocrx_word' id='word_1_172' title='bbox 1633 862 1734 901; x_wconf 82' lang='lat' dir='ltr'>hunc,</span> <span class='ocrx_word' id='word_1_173' title='bbox 1758 862 1890 898; x_wconf 68' lang='lat' dir='ltr'>Nolite,</span> <span class='ocrx_word' id='word_1_174' title='bbox 1917 863 1973 893; x_wconf 69' lang='lat' dir='ltr'>izz-</span> 
     </span>
     <span class='ocr_line' id='line_1_16' title="bbox 100 913 1973 956; baseline 0.001 -12"><span class='ocrx_word' id='word_1_175' title='bbox 100 913 192 944; x_wconf 70' lang='lat' dir='ltr'>cliees</span> <span class='ocrx_word' id='word_1_176' title='bbox 209 918 270 943; x_wconf 82' lang='lat' dir='ltr'>etc.</span> <span class='ocrx_word' id='word_1_177' title='bbox 284 914 428 954; x_wconf 85' lang='lat' dir='ltr'>protulit</span> <span class='ocrx_word' id='word_1_178' title='bbox 446 914 581 945; x_wconf 90' lang='lat' dir='ltr'>Cortius</span> <span class='ocrx_word' id='word_1_179' title='bbox 599 913 640 944; x_wconf 85' lang='lat' dir='ltr'>ad</span> <span class='ocrx_word' id='word_1_180' title='bbox 657 913 791 944; x_wconf 79' lang='lat' dir='ltr'>Sallust.</span> <span class='ocrx_word' id='word_1_181' title='bbox 808 913 877 954; x_wconf 85' lang='lat' dir='ltr'>lug.</span> <span class='ocrx_word' id='word_1_182' title='bbox 892 914 998 952; x_wconf 66' lang='lat' dir='ltr'>MV,</span> <span class='ocrx_word' id='word_1_183' title='bbox 1025 915 1086 945; x_wconf 74' lang='lat'>25..</span> <span class='ocrx_word' id='word_1_184' title='bbox 1111 915 1168 944; x_wconf 86' lang='lat' dir='ltr'>Set</span> <span class='ocrx_word' id='word_1_185' title='bbox 1182 913 1303 951; x_wconf 81' lang='lat' dir='ltr'>miror,</span> <span class='ocrx_word' id='word_1_186' title='bbox 1328 913 1566 953; x_wconf 66' lang='lat' dir='ltr'>elegantiarum</span> <span class='ocrx_word' id='word_1_187' title='bbox 1583 914 1857 956; x_wconf 79' lang='lat' dir='ltr'>inuestigatorem</span> <span class='ocrx_word' id='word_1_188' title='bbox 1874 914 1973 945; x_wconf 88' lang='lat' dir='ltr'>illum</span> 
     </span>
     <span class='ocr_line' id='line_1_17' title="bbox 102 964 1974 1008; baseline 0.001 -12"><span class='ocrx_word' id='word_1_189' title='bbox 102 966 268 996; x_wconf 72' lang='lat' dir='ltr'>eximium</span> <span class='ocrx_word' id='word_1_190' title='bbox 284 967 488 1008; x_wconf 77' lang='lat' dir='ltr'>suspicatum</span> <span class='ocrx_word' id='word_1_191' title='bbox 504 978 570 997; x_wconf 89' lang='lat' dir='ltr'>non</span> <span class='ocrx_word' id='word_1_192' title='bbox 586 966 706 1003; x_wconf 80' lang='lat' dir='ltr'>fuisse,</span> <span class='ocrx_word' id='word_1_193' title='bbox 735 965 823 1006; x_wconf 87' lang='lat' dir='ltr'>quod</span> <span class='ocrx_word' id='word_1_194' title='bbox 841 964 1001 1007; x_wconf 63' lang='lat' dir='ltr'>perfacile</span> <span class='ocrx_word' id='word_1_195' title='bbox 1018 966 1053 996; x_wconf 81' lang='lat' dir='ltr'>in</span> <span class='ocrx_word' id='word_1_196' title='bbox 1070 972 1219 996; x_wconf 79' lang='lat' dir='ltr'>mentem</span> <span class='ocrx_word' id='word_1_197' title='bbox 1240 966 1353 1003; x_wconf 77' lang='lat' dir='ltr'>uenit,</span> <span class='ocrx_word' id='word_1_198' title='bbox 1380 972 1576 1008; x_wconf 81' lang='lat' dir='ltr'>corruptum</span> <span class='ocrx_word' id='word_1_199' title='bbox 1596 967 1685 997; x_wconf 89' lang='lat' dir='ltr'>hunc</span> <span class='ocrx_word' id='word_1_200' title='bbox 1706 978 1775 997; x_wconf 83' lang='lat' dir='ltr'>csse</span> <span class='ocrx_word' id='word_1_201' title='bbox 1792 967 1903 997; x_wconf 86' lang='lat' dir='ltr'>locum</span> <span class='ocrx_word' id='word_1_202' title='bbox 1922 974 1974 998; x_wconf 87' lang='grc'>31-</span> 
     </span>
     <span class='ocr_line' id='line_1_18' title="bbox 103 1017 1974 1060; baseline 0.001 -12"><span class='ocrx_word' id='word_1_203' title='bbox 103 1029 169 1059; x_wconf 86' lang='lat' dir='ltr'>que</span> <span class='ocrx_word' id='word_1_204' title='bbox 186 1018 232 1049; x_wconf 84' lang='lat' dir='ltr'>ita</span> <span class='ocrx_word' id='word_1_205' title='bbox 250 1018 449 1060; x_wconf 83' lang='lat' dir='ltr'>legendum:</span> <span class='ocrx_word' id='word_1_206' title='bbox 480 1019 615 1056; x_wconf 60' lang='lat' dir='ltr'>ZN‘olite,</span> <span class='ocrx_word' id='word_1_207' title='bbox 639 1019 788 1055; x_wconf 74' lang='lat' dir='ltr'>iudices,</span> <span class='ocrx_word' id='word_1_208' title='bbox 806 1029 890 1060; x_wconf 76' lang='lat' dir='ltr'>per,</span> <span class='ocrx_word' id='word_1_209' title='bbox 914 1017 1198 1060; x_wconf 76' lang='lat' dir='ltr'>nos,sortzttms‚</span> <span class='ocrx_word' id='word_1_210' title='bbox 1219 1029 1282 1060; x_wconf 80' lang='lat' dir='ltr'>per</span> <span class='ocrx_word' id='word_1_211' title='bbox 1297 1017 1419 1049; x_wconf 74' lang='lat' dir='ltr'>liberos</span> <span class='ocrx_word' id='word_1_212' title='bbox 1438 1025 1590 1057; x_wconf 75' lang='lat' dir='ltr'>nostros,</span> <span class='ocrx_word' id='word_1_213' title='bbox 1616 1020 1766 1050; x_wconf 59' lang='lat' dir='ltr'>illinistis</span> <span class='ocrx_word' id='word_1_214' title='bbox 1793 1020 1877 1050; x_wconf 77' lang='lat' dir='ltr'>meis</span> <span class='ocrx_word' id='word_1_215' title='bbox 1901 1026 1974 1055; x_wconf 56' lang='lat' dir='ltr'>etc„</span> 
     </span>
     <span class='ocr_line' id='line_1_19' title="bbox 100 1069 1975 1114; baseline 0.001 -13"><span class='ocrx_word' id='word_1_216' title='bbox 100 1072 176 1102; x_wconf 86' lang='lat' dir='ltr'>uel:</span> <span class='ocrx_word' id='word_1_217' title='bbox 195 1083 272 1114; x_wconf 74' lang='lat' dir='ltr'>per,</span> <span class='ocrx_word' id='word_1_218' title='bbox 302 1084 375 1110; x_wconf 70' lang='lat'><strong><em>1103,</em></strong></span> <span class='ocrx_word' id='word_1_219' title='bbox 399 1072 534 1110; x_wconf 76' lang='lat' dir='ltr'>llberos,</span> <span class='ocrx_word' id='word_1_220' title='bbox 555 1070 794 1114; x_wconf 76' lang='lat' dir='ltr'>perfortzmas</span> <span class='ocrx_word' id='word_1_221' title='bbox 808 1075 954 1102; x_wconf 71' lang='lat' dir='ltr'>nostras.</span> <span class='ocrx_word' id='word_1_222' title='bbox 998 1070 1172 1100; x_wconf 85' lang='lat' dir='ltr'>Habemus</span> <span class='ocrx_word' id='word_1_223' title='bbox 1189 1069 1313 1100; x_wconf 84' lang='lat' dir='ltr'>etenim</span> <span class='ocrx_word' id='word_1_224' title='bbox 1331 1069 1560 1101; x_wconf 85' lang='lat' dir='ltr'>iustissumam</span> <span class='ocrx_word' id='word_1_225' title='bbox 1577 1071 1801 1101; x_wconf 77' lang='lat' dir='ltr'>existumaudi</span> <span class='ocrx_word' id='word_1_226' title='bbox 1816 1083 1975 1107; x_wconf 79' lang='lat' dir='ltr'>caussam,</span> 
     </span>
     <span class='ocr_line' id='line_1_20' title="bbox 103 1121 1976 1167; baseline 0.001 -13"><span class='ocrx_word' id='word_1_227' title='bbox 103 1124 246 1155; x_wconf 88' lang='lat' dir='ltr'>alterum</span> <span class='ocrx_word' id='word_1_228' title='bbox 262 1124 338 1154; x_wconf 82' lang='lat' dir='ltr'>illut</span> <span class='ocrx_word' id='word_1_229' title='bbox 352 1137 426 1167; x_wconf 73' lang='lat' dir='ltr'>per,</span> <span class='ocrx_word' id='word_1_230' title='bbox 450 1136 516 1165; x_wconf 89' lang='grc'><strong>(1110</strong></span> <span class='ocrx_word' id='word_1_231' title='bbox 532 1123 663 1154; x_wconf 86' lang='lat' dir='ltr'>sublato</span> <span class='ocrx_word' id='word_1_232' title='bbox 679 1122 863 1164; x_wconf 79' lang='lat' dir='ltr'>elegantior</span> <span class='ocrx_word' id='word_1_233' title='bbox 879 1121 993 1153; x_wconf 81' lang='lat' dir='ltr'>existit</span> <span class='ocrx_word' id='word_1_234' title='bbox 1011 1122 1129 1161; x_wconf 79' lang='lat' dir='ltr'>oratio,</span> <span class='ocrx_word' id='word_1_235' title='bbox 1153 1122 1325 1153; x_wconf 82' lang='lat' dir='ltr'>inuectum</span> <span class='ocrx_word' id='word_1_236' title='bbox 1342 1133 1521 1165; x_wconf 79' lang='lat' dir='ltr'>perperam</span> <span class='ocrx_word' id='word_1_237' title='bbox 1537 1123 1577 1153; x_wconf 84' lang='lat' dir='ltr'>ab</span> <span class='ocrx_word' id='word_1_238' title='bbox 1593 1122 1747 1165; x_wconf 79' lang='lat' dir='ltr'>inperitis</span> <span class='ocrx_word' id='word_1_239' title='bbox 1763 1123 1875 1163; x_wconf 83' lang='lat' dir='ltr'>fuisse,</span> <span class='ocrx_word' id='word_1_240' title='bbox 1901 1137 1976 1157; x_wconf 84' lang='grc'><strong>011111</strong></span> 
     </span>
     <span class='ocr_line' id='line_1_21' title="bbox 103 1175 1977 1220; baseline 0.002 -14"><span class='ocrx_word' id='word_1_241' title='bbox 103 1176 251 1207; x_wconf 72' lang='lat' dir='ltr'>solerent</span> <span class='ocrx_word' id='word_1_242' title='bbox 265 1176 350 1206; x_wconf 81' lang='lat' dir='ltr'>hanc</span> <span class='ocrx_word' id='word_1_243' title='bbox 366 1177 471 1218; x_wconf 81' lang='lat' dir='ltr'>ipsam</span> <span class='ocrx_word' id='word_1_244' title='bbox 485 1176 682 1214; x_wconf 77' lang='lat' dir='ltr'>formulam⁷</span> <span class='ocrx_word' id='word_1_245' title='bbox 708 1186 807 1216; x_wconf 87' lang='grc'><strong>(1113111</strong></span> <span class='ocrx_word' id='word_1_246' title='bbox 824 1186 893 1205; x_wconf 87' lang='grc'><strong>11011</strong></span> <span class='ocrx_word' id='word_1_247' title='bbox 910 1175 1156 1215; x_wconf 78' lang='lat' dir='ltr'>intellegebant,</span> <span class='ocrx_word' id='word_1_248' title='bbox 1180 1175 1298 1206; x_wconf 85' lang='lat' dir='ltr'>tollere</span> <span class='ocrx_word' id='word_1_249' title='bbox 1315 1175 1438 1217; x_wconf 84' lang='lat' dir='ltr'>passim</span> <span class='ocrx_word' id='word_1_250' title='bbox 1461 1181 1560 1216; x_wconf 84' lang='lat' dir='ltr'>atque</span> <span class='ocrx_word' id='word_1_251' title='bbox 1584 1186 1810 1217; x_wconf 87' lang='lat' dir='ltr'>corrumpere.</span> <span class='ocrx_word' id='word_1_252' title='bbox 1856 1179 1977 1220; x_wconf 74' lang='lat' dir='ltr'>Neque</span> 
     </span>
     <span class='ocr_line' id='line_1_22' title="bbox 101 1227 1977 1271; baseline 0.001 -12"><span class='ocrx_word' id='word_1_253' title='bbox 101 1228 288 1259; x_wconf 80' lang='grc'><strong>1111111151100</strong></span> <span class='ocrx_word' id='word_1_254' title='bbox 302 1233 456 1269; x_wconf 82' lang='lat' dir='ltr'>tempore</span> <span class='ocrx_word' id='word_1_255' title='bbox 472 1234 590 1259; x_wconf 86' lang='lat' dir='ltr'>testata</span> <span class='ocrx_word' id='word_1_256' title='bbox 603 1234 704 1269; x_wconf 76' lang='lat' dir='ltr'>atque</span> <span class='ocrx_word' id='word_1_257' title='bbox 719 1227 895 1257; x_wconf 84' lang='lat' dir='ltr'>inlustrata</span> <span class='ocrx_word' id='word_1_258' title='bbox 910 1227 1084 1257; x_wconf 83' lang='lat' dir='ltr'>doctorum</span> <span class='ocrx_word' id='word_1_259' title='bbox 1098 1227 1389 1259; x_wconf 86' lang='lat' dir='ltr'>obseruationibus</span> <span class='ocrx_word' id='word_1_260' title='bbox 1406 1227 1529 1258; x_wconf 79' lang='lat' dir='ltr'>isthaec</span> <span class='ocrx_word' id='word_1_261' title='bbox 1545 1227 1709 1269; x_wconf 77' lang='lat' dir='ltr'>elegantia</span> <span class='ocrx_word' id='word_1_262' title='bbox 1723 1235 1779 1268; x_wconf 78' lang='lat' dir='ltr'>est,</span> <span class='ocrx_word' id='word_1_263' title='bbox 1792 1242 1891 1271; x_wconf 83' lang='lat' dir='ltr'>quam</span> <span class='ocrx_word' id='word_1_264' title='bbox 1910 1232 1977 1262; x_wconf 78' lang='lat' dir='ltr'>sre-</span> 
     </span>
     <span class='ocr_line' id='line_1_23' title="bbox 102 1279 1978 1323; baseline 0.002 -11"><span class='ocrx_word' id='word_1_265' title='bbox 102 1281 235 1323; x_wconf 84' lang='lat' dir='ltr'>quentia</span> <span class='ocrx_word' id='word_1_266' title='bbox 254 1281 288 1311; x_wconf 92' lang='grc'>111</span> <span class='ocrx_word' id='word_1_267' title='bbox 305 1291 342 1310; x_wconf 89' lang='lat' dir='ltr'>ea</span> <span class='ocrx_word' id='word_1_268' title='bbox 358 1279 588 1309; x_wconf 81' lang='lat' dir='ltr'>submouenda</span> <span class='ocrx_word' id='word_1_269' title='bbox 606 1280 759 1310; x_wconf 87' lang='lat' dir='ltr'>Msorum</span> <span class='ocrx_word' id='word_1_270' title='bbox 774 1286 906 1321; x_wconf 85' lang='lat' dir='ltr'>peccata</span> <span class='ocrx_word' id='word_1_271' title='bbox 922 1286 1083 1322; x_wconf 79' lang='lat' dir='ltr'>conperta</span> <span class='ocrx_word' id='word_1_272' title='bbox 1098 1280 1175 1311; x_wconf 87' lang='lat' dir='ltr'>sint.</span> <span class='ocrx_word' id='word_1_273' title='bbox 1221 1282 1332 1312; x_wconf 89' lang='lat' dir='ltr'>Locus</span> <span class='ocrx_word' id='word_1_274' title='bbox 1352 1288 1463 1312; x_wconf 86' lang='lat' dir='ltr'>autem</span> <span class='ocrx_word' id='word_1_275' title='bbox 1487 1281 1532 1311; x_wconf 89' lang='lat' dir='ltr'>sic</span> <span class='ocrx_word' id='word_1_276' title='bbox 1554 1280 1748 1312; x_wconf 81' lang='lat' dir='ltr'>emendatus</span> <span class='ocrx_word' id='word_1_277' title='bbox 1773 1282 1978 1315; x_wconf 85' lang='lat' dir='ltr'>simillumus</span> 
     </span>
     <span class='ocr_line' id='line_1_24' title="bbox 104 1331 1976 1379; baseline 0.001 -14"><span class='ocrx_word' id='word_1_278' title='bbox 104 1334 199 1365; x_wconf 87' lang='lat' dir='ltr'>fieret</span> <span class='ocrx_word' id='word_1_279' title='bbox 214 1340 287 1364; x_wconf 86' lang='lat' dir='ltr'>tum</span> <span class='ocrx_word' id='word_1_280' title='bbox 304 1331 506 1363; x_wconf 84' lang='lat' dir='ltr'>Sallustiano</span> <span class='ocrx_word' id='word_1_281' title='bbox 521 1332 583 1370; x_wconf 83' lang='lat' dir='ltr'>illi,</span> <span class='ocrx_word' id='word_1_282' title='bbox 609 1343 709 1373; x_wconf 85' lang='lat' dir='ltr'>quem</span> <span class='ocrx_word' id='word_1_283' title='bbox 723 1332 888 1363; x_wconf 76' lang='lat' dir='ltr'>diximus:</span> <span class='ocrx_word' id='word_1_284' title='bbox 913 1334 1040 1365; x_wconf 78' lang='lat' dir='ltr'>Patres</span> <span class='ocrx_word' id='word_1_285' title='bbox 1054 1335 1250 1378; x_wconf 72' lang='lat' dir='ltr'>conscripti,</span> <span class='ocrx_word' id='word_1_286' title='bbox 1268 1347 1345 1378; x_wconf 68' lang='lat' dir='ltr'>per,</span> <span class='ocrx_word' id='word_1_287' title='bbox 1368 1347 1441 1372; x_wconf 73' lang='lat' dir='ltr'>nos,</span> <span class='ocrx_word' id='word_1_288' title='bbox 1465 1333 1588 1365; x_wconf 77' lang='lat' dir='ltr'>liberos</span> <span class='ocrx_word' id='word_1_289' title='bbox 1602 1339 1704 1376; x_wconf 74' lang='lat' dir='ltr'>atque</span> <span class='ocrx_word' id='word_1_290' title='bbox 1714 1341 1890 1376; x_wconf 70' lang='lat' dir='ltr'>parentes,</span> <span class='ocrx_word' id='word_1_291' title='bbox 1910 1349 1976 1379; x_wconf 73' lang='lat' dir='ltr'>per</span> 
     </span>
     <span class='ocr_line' id='line_1_25' title="bbox 103 1383 1977 1428; baseline 0.002 -14"><span class='ocrx_word' id='word_1_292' title='bbox 103 1388 319 1419; x_wconf 69' lang='lat' dir='ltr'>maiestatem</span> <span class='ocrx_word' id='word_1_293' title='bbox 330 1383 457 1427; x_wconf 70' lang='lat' dir='ltr'>populi</span> <span class='ocrx_word' id='word_1_294' title='bbox 470 1385 643 1423; x_wconf 74' lang='lat' dir='ltr'>Romani,</span> <span class='ocrx_word' id='word_1_295' title='bbox 667 1384 844 1417; x_wconf 74' lang='lat' dir='ltr'>subuenite</span> <span class='ocrx_word' id='word_1_296' title='bbox 858 1386 982 1417; x_wconf 73' lang='lat' dir='ltr'>misero</span> <span class='ocrx_word' id='word_1_297' title='bbox 999 1386 1104 1424; x_wconf 64' lang='lat' dir='ltr'>milli:</span> <span class='ocrx_word' id='word_1_298' title='bbox 1136 1392 1209 1417; x_wconf 88' lang='lat' dir='ltr'>tum</span> <span class='ocrx_word' id='word_1_299' title='bbox 1225 1387 1371 1417; x_wconf 88' lang='lat' dir='ltr'>Liuiano</span> <span class='ocrx_word' id='word_1_300' title='bbox 1387 1386 1480 1417; x_wconf 83' lang='lat' dir='ltr'>alteri</span> <span class='ocrx_word' id='word_1_301' title='bbox 1499 1386 1727 1416; x_wconf 76' lang='lat' dir='ltr'>celeberrumo</span> <span class='ocrx_word' id='word_1_302' title='bbox 1743 1386 1886 1426; x_wconf 71' lang='lat' dir='ltr'><strong>XXIX,</strong></span> <span class='ocrx_word' id='word_1_303' title='bbox 1917 1389 1977 1428; x_wconf 61' lang='lat'>18„</span> 
     </span>
     <span class='ocr_line' id='line_1_26' title="bbox 104 1436 1977 1484; baseline 0.001 -14"><span class='ocrx_word' id='word_1_304' title='bbox 104 1439 162 1481; x_wconf 86' lang='lat' dir='ltr'>qui</span> <span class='ocrx_word' id='word_1_305' title='bbox 188 1450 306 1469; x_wconf 87' lang='lat' dir='ltr'>manus</span> <span class='ocrx_word' id='word_1_306' title='bbox 326 1437 408 1467; x_wconf 78' lang='lat' dir='ltr'>item</span> <span class='ocrx_word' id='word_1_307' title='bbox 435 1436 660 1478; x_wconf 85' lang='lat' dir='ltr'>inperitorum</span> <span class='ocrx_word' id='word_1_308' title='bbox 676 1449 744 1468; x_wconf 88' lang='grc'><strong>11011</strong></span> <span class='ocrx_word' id='word_1_309' title='bbox 763 1437 940 1480; x_wconf 80' lang='lat' dir='ltr'>effugerat:</span> <span class='ocrx_word' id='word_1_310' title='bbox 976 1438 1109 1478; x_wconf 74' lang='lat' dir='ltr'>Quibit-s·</span> <span class='ocrx_word' id='word_1_311' title='bbox 1122 1451 1206 1482; x_wconf 73' lang='lat' dir='ltr'>per,</span> <span class='ocrx_word' id='word_1_312' title='bbox 1232 1452 1309 1477; x_wconf 79' lang='lat' dir='ltr'>uos,</span> <span class='ocrx_word' id='word_1_313' title='bbox 1325 1439 1438 1482; x_wconf 69' lang='lat' dir='ltr'>sidem</span> <span class='ocrx_word' id='word_1_314' title='bbox 1455 1445 1624 1476; x_wconf 65' lang='lat' dir='ltr'>llos-tram,</span> <span class='ocrx_word' id='word_1_315' title='bbox 1642 1444 1763 1481; x_wconf 72' lang='lat' dir='ltr'>patre-s·</span> <span class='ocrx_word' id='word_1_316' title='bbox 1781 1442 1977 1484; x_wconf 70' lang='lat' dir='ltr'>conscripti,</span> 
     </span>
     <span class='ocr_line' id='line_1_27' title="bbox 100 1491 1978 1536; baseline 0 -13"><span class='ocrx_word' id='word_1_317' title='bbox 100 1492 309 1535; x_wconf 75' lang='lat' dir='ltr'>priusquam</span> <span class='ocrx_word' id='word_1_318' title='bbox 330 1501 447 1521; x_wconf 77' lang='lat' dir='ltr'>eorum</span> <span class='ocrx_word' id='word_1_319' title='bbox 469 1491 578 1522; x_wconf 69' lang='lat' dir='ltr'>scelus</span> <span class='ocrx_word' id='word_1_320' title='bbox 600 1491 756 1533; x_wconf 71' lang='lat' dir='ltr'>expietis,</span> <span class='ocrx_word' id='word_1_321' title='bbox 784 1504 890 1534; x_wconf 74' lang='lat' dir='ltr'>neque</span> <span class='ocrx_word' id='word_1_322' title='bbox 912 1492 946 1522; x_wconf 76' lang='lat' dir='ltr'>in</span> <span class='ocrx_word' id='word_1_323' title='bbox 964 1492 1074 1522; x_wconf 74' lang='lat' dir='ltr'>Italia</span> <span class='ocrx_word' id='word_1_324' title='bbox 1101 1504 1208 1535; x_wconf 68' lang='lat' dir='ltr'>neque</span> <span class='ocrx_word' id='word_1_325' title='bbox 1231 1494 1265 1524; x_wconf 76' lang='lat' dir='ltr'>in</span> <span class='ocrx_word' id='word_1_326' title='bbox 1280 1492 1406 1536; x_wconf 52' lang='lat' dir='ltr'>,alfrico</span> <span class='ocrx_word' id='word_1_327' title='bbox 1423 1493 1605 1535; x_wconf 76' lang='lat' dir='ltr'>quicquam</span> <span class='ocrx_word' id='word_1_328' title='bbox 1628 1492 1679 1523; x_wconf 80' lang='lat' dir='ltr'>rei</span> <span class='ocrx_word' id='word_1_329' title='bbox 1696 1494 1892 1534; x_wconf 70' lang='lat' dir='ltr'>gesseritis,</span> <span class='ocrx_word' id='word_1_330' title='bbox 1919 1494 1978 1524; x_wconf 84' lang='lat' dir='ltr'>ubi</span> 
     </span>
     <span class='ocr_line' id='line_1_28' title="bbox 105 1542 1977 1586; baseline 0.002 -12"><span class='ocrx_word' id='word_1_331' title='bbox 105 1554 221 1574; x_wconf 89' lang='lat' dir='ltr'>omnes</span> <span class='ocrx_word' id='word_1_332' title='bbox 236 1543 311 1574; x_wconf 87' lang='lat' dir='ltr'>libri</span> <span class='ocrx_word' id='word_1_333' title='bbox 323 1542 515 1585; x_wconf 73' lang='lat' dir='ltr'>fidemque,</span> <span class='ocrx_word' id='word_1_334' title='bbox 539 1555 624 1574; x_wconf 88' lang='lat' dir='ltr'>unus</span> <span class='ocrx_word' id='word_1_335' title='bbox 640 1549 766 1574; x_wconf 89' lang='lat' dir='ltr'>tantum</span> <span class='ocrx_word' id='word_1_336' title='bbox 784 1550 815 1575; x_wconf 76' lang='lat' dir='ltr'>et</span> <span class='ocrx_word' id='word_1_337' title='bbox 824 1543 948 1586; x_wconf 74' lang='lat' dir='ltr'>fidem.</span> <span class='ocrx_word' id='word_1_338' title='bbox 980 1543 1064 1575; x_wconf 85' lang='lat' dir='ltr'>Uide</span> <span class='ocrx_word' id='word_1_339' title='bbox 1083 1550 1190 1575; x_wconf 81' lang='lat' dir='ltr'>tamen</span> <span class='ocrx_word' id='word_1_340' title='bbox 1208 1545 1255 1575; x_wconf 90' lang='lat' dir='ltr'>ibi</span> <span class='ocrx_word' id='word_1_341' title='bbox 1273 1546 1376 1576; x_wconf 84' lang='lat' dir='ltr'>Drak.</span> <span class='ocrx_word' id='word_1_342' title='bbox 1397 1551 1429 1575; x_wconf 87' lang='lat' dir='ltr'>et</span> <span class='ocrx_word' id='word_1_343' title='bbox 1449 1545 1490 1574; x_wconf 90' lang='lat' dir='ltr'>ad</span> <span class='ocrx_word' id='word_1_344' title='bbox 1508 1544 1667 1581; x_wconf 70' lang='grc'><strong>5111111111,</strong></span> <span class='ocrx_word' id='word_1_345' title='bbox 1691 1544 1775 1582; x_wconf 65' lang='lat'>658„</span> <span class='ocrx_word' id='word_1_346' title='bbox 1801 1546 1857 1586; x_wconf 81' lang='lat' dir='ltr'>qui</span> <span class='ocrx_word' id='word_1_347' title='bbox 1879 1547 1977 1578; x_wconf 80' lang='lat' dir='ltr'>etiam</span> 
     </span>
     <span class='ocr_line' id='line_1_29' title="bbox 104 1593 1979 1631; baseline 0.002 -4"><span class='ocrx_word' id='word_1_348' title='bbox 104 1596 167 1627; x_wconf 83' lang='lat' dir='ltr'>Siti</span> <span class='ocrx_word' id='word_1_349' title='bbox 182 1596 274 1626; x_wconf 83' lang='lat' dir='ltr'>locus</span> <span class='ocrx_word' id='word_1_350' title='bbox 291 1602 324 1626; x_wconf 90' lang='lat' dir='ltr'>et</span> <span class='ocrx_word' id='word_1_351' title='bbox 337 1595 488 1627; x_wconf 84' lang='lat' dir='ltr'>adfertur</span> <span class='ocrx_word' id='word_1_352' title='bbox 505 1607 523 1627; x_wconf 81' lang='lat' dir='ltr'>a</span> <span class='ocrx_word' id='word_1_353' title='bbox 534 1595 648 1627; x_wconf 88' lang='lat' dir='ltr'>Cortio</span> <span class='ocrx_word' id='word_1_354' title='bbox 665 1602 696 1627; x_wconf 87' lang='lat' dir='ltr'>et</span> <span class='ocrx_word' id='word_1_355' title='bbox 712 1597 753 1627; x_wconf 87' lang='lat' dir='ltr'>ad</span> <span class='ocrx_word' id='word_1_356' title='bbox 764 1593 1036 1628; x_wconf 72' lang='lat' dir='ltr'>emendationem</span> <span class='ocrx_word' id='word_1_357' title='bbox 1054 1597 1153 1628; x_wconf 89' lang='lat' dir='ltr'>huius</span> <span class='ocrx_word' id='word_1_358' title='bbox 1172 1597 1279 1628; x_wconf 86' lang='lat' dir='ltr'>nostri</span> <span class='ocrx_word' id='word_1_359' title='bbox 1296 1598 1510 1628; x_wconf 81' lang='lat' dir='ltr'>muniendam</span> <span class='ocrx_word' id='word_1_360' title='bbox 1529 1608 1605 1627; x_wconf 87' lang='lat' dir='ltr'>cum</span> <span class='ocrx_word' id='word_1_361' title='bbox 1619 1597 1749 1628; x_wconf 88' lang='lat' dir='ltr'>duobus</span> <span class='ocrx_word' id='word_1_362' title='bbox 1763 1597 1881 1630; x_wconf 83' lang='lat' dir='ltr'>adlatis</span> <span class='ocrx_word' id='word_1_363' title='bbox 1897 1607 1979 1631; x_wconf 88' lang='lat' dir='ltr'>esset</span> 
     </span>
     <span class='ocr_line' id='line_1_30' title="bbox 103 1649 1978 1694; baseline 0.002 -15"><span class='ocrx_word' id='word_1_364' title='bbox 103 1649 325 1691; x_wconf 78' lang='lat' dir='ltr'>aptissumus3</span> <span class='ocrx_word' id='word_1_365' title='bbox 351 1661 553 1691; x_wconf 82' lang='lat' dir='ltr'>quamquam</span> <span class='ocrx_word' id='word_1_366' title='bbox 569 1649 728 1691; x_wconf 81' lang='lat' dir='ltr'>pluruma</span> <span class='ocrx_word' id='word_1_367' title='bbox 743 1657 821 1682; x_wconf 89' lang='lat' dir='ltr'>suut</span> <span class='ocrx_word' id='word_1_368' title='bbox 838 1650 907 1681; x_wconf 85' lang='lat' dir='ltr'>eius</span> <span class='ocrx_word' id='word_1_369' title='bbox 923 1652 1064 1692; x_wconf 85' lang='lat' dir='ltr'>generis,</span> <span class='ocrx_word' id='word_1_370' title='bbox 1088 1661 1106 1680; x_wconf 83' lang='lat' dir='ltr'>a</span> <span class='ocrx_word' id='word_1_371' title='bbox 1123 1650 1243 1692; x_wconf 89' lang='lat' dir='ltr'>quibus</span> <span class='ocrx_word' id='word_1_372' title='bbox 1263 1651 1417 1681; x_wconf 86' lang='lat' dir='ltr'>omnibus</span> <span class='ocrx_word' id='word_1_373' title='bbox 1434 1650 1515 1680; x_wconf 83' lang='lat' dir='ltr'>haec</span> <span class='ocrx_word' id='word_1_374' title='bbox 1533 1650 1720 1681; x_wconf 82' lang='lat' dir='ltr'>emendatio</span> <span class='ocrx_word' id='word_1_375' title='bbox 1737 1650 1844 1681; x_wconf 87' lang='lat' dir='ltr'>ferme</span> <span class='ocrx_word' id='word_1_376' title='bbox 1860 1659 1978 1694; x_wconf 85' lang='lat' dir='ltr'>postu-</span> 
     </span>
     <span class='ocr_line' id='line_1_31' title="bbox 102 1701 1978 1745; baseline 0.002 -14"><span class='ocrx_word' id='word_1_377' title='bbox 102 1702 204 1732; x_wconf 83' lang='lat' dir='ltr'>latur.</span> <span class='ocrx_word' id='word_1_378' title='bbox 221 1701 480 1733; x_wconf 66' lang='lat' dir='ltr'>GARATole’s.</span> <span class='ocrx_word' id='word_1_379' title='bbox 525 1702 580 1733; x_wconf 88' lang='lat' dir='ltr'>Tu</span> <span class='ocrx_word' id='word_1_380' title='bbox 598 1709 780 1744; x_wconf 79' lang='lat' dir='ltr'>praeterea,</span> <span class='ocrx_word' id='word_1_381' title='bbox 799 1703 825 1734; x_wconf 85' lang='lat' dir='ltr'>si</span> <span class='ocrx_word' id='word_1_382' title='bbox 841 1703 946 1740; x_wconf 84' lang='lat' dir='ltr'>lubet,</span> <span class='ocrx_word' id='word_1_383' title='bbox 969 1701 1029 1732; x_wconf 84' lang='lat' dir='ltr'>cfr.</span> <span class='ocrx_word' id='word_1_384' title='bbox 1048 1703 1150 1744; x_wconf 85' lang='lat' dir='ltr'>Uerg.</span> <span class='ocrx_word' id='word_1_385' title='bbox 1163 1702 1252 1734; x_wconf 83' lang='lat' dir='ltr'>Aen.</span> <span class='ocrx_word' id='word_1_386' title='bbox 1268 1704 1313 1740; x_wconf 78' lang='lat' dir='ltr'>X,</span> <span class='ocrx_word' id='word_1_387' title='bbox 1337 1704 1420 1745; x_wconf 61' lang='lat'>569„</span> <span class='ocrx_word' id='word_1_388' title='bbox 1445 1704 1600 1734; x_wconf 80' lang='lat' dir='ltr'>Gronou.</span> <span class='ocrx_word' id='word_1_389' title='bbox 1617 1704 1657 1733; x_wconf 88' lang='lat' dir='ltr'>ad</span> <span class='ocrx_word' id='word_1_390' title='bbox 1675 1703 1753 1734; x_wconf 84' lang='lat' dir='ltr'>Liu.</span> <span class='ocrx_word' id='word_1_391' title='bbox 1769 1704 1906 1741; x_wconf 77' lang='lat' dir='ltr'>XXIX,</span> <span class='ocrx_word' id='word_1_392' title='bbox 1930 1704 1978 1736; x_wconf 77' lang='grc'>18.</span> 
     </span>
     <span class='ocr_line' id='line_1_32' title="bbox 104 1752 1978 1798; baseline 0.002 -15"><span class='ocrx_word' id='word_1_393' title='bbox 104 1752 141 1783; x_wconf 82' lang='grc'>111</span> <span class='ocrx_word' id='word_1_394' title='bbox 160 1752 211 1783; x_wconf 90' lang='lat' dir='ltr'>ed.</span> <span class='ocrx_word' id='word_1_395' title='bbox 227 1753 332 1784; x_wconf 85' lang='lat' dir='ltr'>Drak.</span> <span class='ocrx_word' id='word_1_396' title='bbox 348 1754 389 1785; x_wconf 91' lang='lat' dir='ltr'>T.</span> <span class='ocrx_word' id='word_1_397' title='bbox 408 1755 486 1787; x_wconf 88' lang='lat' dir='ltr'>VH.</span> <span class='ocrx_word' id='word_1_398' title='bbox 500 1766 533 1797; x_wconf 85' lang='lat' dir='ltr'>p.</span> <span class='ocrx_word' id='word_1_399' title='bbox 554 1755 634 1796; x_wconf 68' lang='lat'>187..</span> <span class='ocrx_word' id='word_1_400' title='bbox 661 1755 816 1786; x_wconf 81' lang='lat' dir='ltr'>Oudend.</span> <span class='ocrx_word' id='word_1_401' title='bbox 834 1756 872 1786; x_wconf 82' lang='lat' dir='ltr'>ad</span> <span class='ocrx_word' id='word_1_402' title='bbox 887 1755 1018 1797; x_wconf 82' lang='lat' dir='ltr'>Appul.</span> <span class='ocrx_word' id='word_1_403' title='bbox 1036 1755 1096 1786; x_wconf 86' lang='lat' dir='ltr'>IV.</span> <span class='ocrx_word' id='word_1_404' title='bbox 1116 1766 1148 1797; x_wconf 84' lang='lat' dir='ltr'>p.</span> <span class='ocrx_word' id='word_1_405' title='bbox 1166 1756 1254 1793; x_wconf 54' lang='lat'>505„</span> <span class='ocrx_word' id='word_1_406' title='bbox 1281 1756 1464 1787; x_wconf 85' lang='lat' dir='ltr'>Ruhnken.</span> <span class='ocrx_word' id='word_1_407' title='bbox 1486 1755 1524 1786; x_wconf 82' lang='lat' dir='ltr'>ad</span> <span class='ocrx_word' id='word_1_408' title='bbox 1538 1756 1643 1786; x_wconf 84' lang='lat' dir='ltr'>Rutil.</span> <span class='ocrx_word' id='word_1_409' title='bbox 1658 1757 1748 1798; x_wconf 85' lang='lat' dir='ltr'>Lup.</span> <span class='ocrx_word' id='word_1_410' title='bbox 1767 1767 1799 1798; x_wconf 87' lang='lat' dir='ltr'>p.</span> <span class='ocrx_word' id='word_1_411' title='bbox 1820 1767 1909 1798; x_wconf 58' lang='lat'>209„</span> <span class='ocrx_word' id='word_1_412' title='bbox 1937 1757 1978 1787; x_wconf 86' lang='lat' dir='ltr'>ad</span> 
     </span>
     <span class='ocr_line' id='line_1_33' title="bbox 105 1805 1978 1852; baseline 0.004 -17"><span class='ocrx_word' id='word_1_413' title='bbox 105 1806 245 1836; x_wconf 85' lang='lat' dir='ltr'>Terent.</span> <span class='ocrx_word' id='word_1_414' title='bbox 266 1805 377 1837; x_wconf 88' lang='lat' dir='ltr'>Andr.</span> <span class='ocrx_word' id='word_1_415' title='bbox 395 1807 453 1843; x_wconf 82' lang='lat' dir='ltr'>Ill,</span> <span class='ocrx_word' id='word_1_416' title='bbox 480 1807 508 1844; x_wconf 83' lang='lat'>5,</span> <span class='ocrx_word' id='word_1_417' title='bbox 535 1809 575 1845; x_wconf 80' lang='grc'>6.,</span> <span class='ocrx_word' id='word_1_418' title='bbox 605 1809 758 1839; x_wconf 83' lang='lat' dir='ltr'>Huschk.</span> <span class='ocrx_word' id='word_1_419' title='bbox 777 1808 817 1839; x_wconf 84' lang='lat' dir='ltr'>ad</span> <span class='ocrx_word' id='word_1_420' title='bbox 834 1808 963 1839; x_wconf 83' lang='lat' dir='ltr'>Tibull.</span> <span class='ocrx_word' id='word_1_421' title='bbox 982 1808 1006 1846; x_wconf 85' lang='lat' dir='ltr'>l,</span> <span class='ocrx_word' id='word_1_422' title='bbox 1025 1808 1054 1845; x_wconf 83' lang='lat'>5,</span> <span class='ocrx_word' id='word_1_423' title='bbox 1078 1819 1124 1847; x_wconf 79' lang='lat'>7..</span> <span class='ocrx_word' id='word_1_424' title='bbox 1169 1809 1222 1839; x_wconf 88' lang='lat' dir='ltr'>De</span> <span class='ocrx_word' id='word_1_425' title='bbox 1238 1809 1374 1840; x_wconf 84' lang='lat' dir='ltr'>Graecis</span> <span class='ocrx_word' id='word_1_426' title='bbox 1394 1821 1426 1840; x_wconf 89' lang='lat' dir='ltr'>u.</span> <span class='ocrx_word' id='word_1_427' title='bbox 1447 1820 1473 1839; x_wconf 87' lang='grc'>0.</span> <span class='ocrx_word' id='word_1_428' title='bbox 1491 1809 1674 1850; x_wconf 83' lang='lat' dir='ltr'>Sophocles</span> <span class='ocrx_word' id='word_1_429' title='bbox 1693 1809 1815 1840; x_wconf 80' lang='lat' dir='ltr'>Trach.</span> <span class='ocrx_word' id='word_1_430' title='bbox 1830 1810 1902 1841; x_wconf 70' lang='lat'>436.</span> <span class='ocrx_word' id='word_1_431' title='bbox 1929 1810 1978 1852; x_wconf 69' lang='grc' dir='ltr'><em>μή</em></span> 
     </span>
     <span class='ocr_line' id='line_1_34' title="bbox 105 1855 1978 1906; baseline 0.001 -14"><span class='ocrx_word' id='word_1_432' title='bbox 105 1855 189 1901; x_wconf 74' lang='grc' dir='ltr'>πρός</span> <span class='ocrx_word' id='word_1_433' title='bbox 209 1871 243 1889; x_wconf 69' lang='grc' dir='ltr'>σε</span> <span class='ocrx_word' id='word_1_434' title='bbox 259 1859 320 1891; x_wconf 74' lang='grc' dir='ltr'>τοῦ</span> <span class='ocrx_word' id='word_1_435' title='bbox 337 1858 406 1892; x_wconf 80' lang='grc' dir='ltr'><strong><em>κατ’</em></strong></span> <span class='ocrx_word' id='word_1_436' title='bbox 422 1857 526 1901; x_wconf 70' lang='grc' dir='ltr'>ι’ἶκρον</span> <span class='ocrx_word' id='word_1_437' title='bbox 541 1862 684 1894; x_wconf 71' lang='grc' dir='ltr'>Οἰταῖον</span> <span class='ocrx_word' id='word_1_438' title='bbox 698 1859 807 1897; x_wconf 67' lang='grc' dir='ltr'>α’(ἱςῑος</span> <span class='ocrx_word' id='word_1_439' title='bbox 820 1860 896 1897; x_wconf 77' lang='grc' dir='ltr'>Διὸς</span> <span class='ocrx_word' id='word_1_440' title='bbox 912 1859 1228 1903; x_wconf 72' lang='grc' dir='ltr'><strong>κατιεσῖριὲπτο1’τος</strong></span> <span class='ocrx_word' id='word_1_441' title='bbox 1244 1862 1405 1906; x_wconf 52' lang='grc' dir='ltr'>ἐκκλὸψῃς</span> <span class='ocrx_word' id='word_1_442' title='bbox 1419 1859 1530 1905; x_wconf 67' lang='grc' dir='ltr'><strong>λόγον.</strong></span> <span class='ocrx_word' id='word_1_443' title='bbox 1577 1862 1647 1893; x_wconf 83' lang='lat' dir='ltr'>Cfr.</span> <span class='ocrx_word' id='word_1_444' title='bbox 1665 1862 1757 1893; x_wconf 90' lang='lat' dir='ltr'>Pors.</span> <span class='ocrx_word' id='word_1_445' title='bbox 1768 1886 1776 1900; x_wconf 89' lang='lat'>,</span> <span class='ocrx_word' id='word_1_446' title='bbox 1806 1862 1978 1901; x_wconf 81' lang='lat' dir='ltr'>Matthiae,</span> 
     </span>
     <span class='ocr_line' id='line_1_35' title="bbox 107 1911 1979 1958; baseline 0.003 -17"><span class='ocrx_word' id='word_1_447' title='bbox 107 1917 138 1942; x_wconf 92' lang='lat' dir='ltr'>et</span> <span class='ocrx_word' id='word_1_448' title='bbox 154 1911 335 1943; x_wconf 86' lang='lat' dir='ltr'>Elmsleius</span> <span class='ocrx_word' id='word_1_449' title='bbox 359 1913 401 1943; x_wconf 86' lang='lat' dir='ltr'>ad</span> <span class='ocrx_word' id='word_1_450' title='bbox 416 1913 535 1956; x_wconf 88' lang='lat' dir='ltr'>Eurip.</span> <span class='ocrx_word' id='word_1_451' title='bbox 552 1914 709 1946; x_wconf 84' lang='lat' dir='ltr'>Medeam</span> <span class='ocrx_word' id='word_1_452' title='bbox 736 1915 808 1946; x_wconf 83' lang='lat'>518.</span> <span class='ocrx_word' id='word_1_453' title='bbox 830 1927 855 1946; x_wconf 87' lang='lat' dir='ltr'>s.</span> <span class='ocrx_word' id='word_1_454' title='bbox 872 1915 961 1953; x_wconf 61' lang='lat'>525„</span> <span class='ocrx_word' id='word_1_455' title='bbox 986 1914 1105 1946; x_wconf 88' lang='lat' dir='ltr'>Monk.</span> <span class='ocrx_word' id='word_1_456' title='bbox 1125 1914 1165 1945; x_wconf 84' lang='lat' dir='ltr'>ad</span> <span class='ocrx_word' id='word_1_457' title='bbox 1192 1914 1312 1957; x_wconf 84' lang='lat' dir='ltr'>Eurip.</span> <span class='ocrx_word' id='word_1_458' title='bbox 1334 1916 1516 1958; x_wconf 68' lang='lat' dir='ltr'>Hippolyt.</span> <span class='ocrx_word' id='word_1_459' title='bbox 1538 1915 1627 1953; x_wconf 57' lang='lat'>605„</span> <span class='ocrx_word' id='word_1_460' title='bbox 1652 1915 1914 1947; x_wconf 49' lang='lat' dir='ltr'>⁷&amp;Vuestemamh</span> <span class='ocrx_word' id='word_1_461' title='bbox 1937 1916 1979 1947; x_wconf 82' lang='lat' dir='ltr'>ad</span> 
     </span>
     <span class='ocr_line' id='line_1_36' title="bbox 106 1964 1979 2010; baseline 0.002 -14"><span class='ocrx_word' id='word_1_462' title='bbox 106 1965 191 1996; x_wconf 84' lang='lat' dir='ltr'>Eur.</span> <span class='ocrx_word' id='word_1_463' title='bbox 205 1964 332 1996; x_wconf 88' lang='lat' dir='ltr'>Alcest.</span> <span class='ocrx_word' id='word_1_464' title='bbox 351 1977 384 2008; x_wconf 87' lang='lat' dir='ltr'>p.</span> <span class='ocrx_word' id='word_1_465' title='bbox 401 1967 471 1998; x_wconf 81' lang='lat'>56..</span> <span class='ocrx_word' id='word_1_466' title='bbox 497 1968 699 1999; x_wconf 60' lang='lat' dir='ltr'>ORELLIFS.</span> <span class='ocrx_word' id='word_1_467' title='bbox 743 1967 909 2009; x_wconf 86' lang='lat' dir='ltr'>Equidem</span> <span class='ocrx_word' id='word_1_468' title='bbox 930 1978 968 1998; x_wconf 90' lang='lat' dir='ltr'>eo</span> <span class='ocrx_word' id='word_1_469' title='bbox 986 1967 1098 1998; x_wconf 89' lang='lat' dir='ltr'>minus</span> <span class='ocrx_word' id='word_1_470' title='bbox 1117 1968 1284 2010; x_wconf 78' lang='lat' dir='ltr'>egregiam</span> <span class='ocrx_word' id='word_1_471' title='bbox 1299 1968 1463 1999; x_wconf 81' lang='lat' dir='ltr'>Garatoni</span> <span class='ocrx_word' id='word_1_472' title='bbox 1486 1967 1726 1999; x_wconf 82' lang='lat' dir='ltr'>correctionem</span> <span class='ocrx_word' id='word_1_473' title='bbox 1741 1968 1891 2010; x_wconf 85' lang='lat' dir='ltr'>recipere</span> <span class='ocrx_word' id='word_1_474' title='bbox 1915 1968 1979 2000; x_wconf 91' lang='lat' dir='ltr'>du-</span> 
     </span>
     <span class='ocr_line' id='line_1_37' title="bbox 107 2016 1978 2063; baseline 0.003 -15"><span class='ocrx_word' id='word_1_475' title='bbox 107 2016 224 2055; x_wconf 87' lang='lat' dir='ltr'>bitaui,</span> <span class='ocrx_word' id='word_1_476' title='bbox 249 2028 315 2058; x_wconf 85' lang='lat' dir='ltr'>quo</span> <span class='ocrx_word' id='word_1_477' title='bbox 332 2019 436 2060; x_wconf 81' lang='lat' dir='ltr'>magis</span> <span class='ocrx_word' id='word_1_478' title='bbox 451 2019 602 2062; x_wconf 89' lang='lat' dir='ltr'>ineptum</span> <span class='ocrx_word' id='word_1_479' title='bbox 620 2026 712 2062; x_wconf 85' lang='lat' dir='ltr'>patet</span> <span class='ocrx_word' id='word_1_480' title='bbox 727 2031 807 2059; x_wconf 87' lang='lat' dir='ltr'>esse,</span> <span class='ocrx_word' id='word_1_481' title='bbox 833 2019 921 2061; x_wconf 90' lang='lat' dir='ltr'>quod</span> <span class='ocrx_word' id='word_1_482' title='bbox 937 2021 1038 2062; x_wconf 76' lang='lat' dir='ltr'>uolgo</span> <span class='ocrx_word' id='word_1_483' title='bbox 1054 2021 1223 2060; x_wconf 79' lang='lat' dir='ltr'>scribitur,</span> <span class='ocrx_word' id='word_1_484' title='bbox 1241 2032 1308 2063; x_wconf 72' lang='lat' dir='ltr'>per</span> <span class='ocrx_word' id='word_1_485' title='bbox 1326 2034 1396 2053; x_wconf 74' lang='lat' dir='ltr'>nos.</span> <span class='ocrx_word' id='word_1_486' title='bbox 1438 2020 1579 2052; x_wconf 68' lang='lat' dir='ltr'>Uostros</span> <span class='ocrx_word' id='word_1_487' title='bbox 1594 2025 1704 2050; x_wconf 87' lang='lat' dir='ltr'>autem</span> <span class='ocrx_word' id='word_1_488' title='bbox 1719 2025 1832 2051; x_wconf 88' lang='lat' dir='ltr'>utrum</span> <span class='ocrx_word' id='word_1_489' title='bbox 1847 2033 1865 2052; x_wconf 89' lang='lat' dir='ltr'>a</span> <span class='ocrx_word' id='word_1_490' title='bbox 1881 2021 1978 2053; x_wconf 85' lang='lat' dir='ltr'>Cice-</span> 
     </span>
     <span class='ocr_line' id='line_1_38' title="bbox 108 2069 1915 2116; baseline 0.002 -15"><span class='ocrx_word' id='word_1_491' title='bbox 108 2080 192 2101; x_wconf 88' lang='lat' dir='ltr'>rone</span> <span class='ocrx_word' id='word_1_492' title='bbox 207 2080 247 2099; x_wconf 85' lang='lat' dir='ltr'>an</span> <span class='ocrx_word' id='word_1_493' title='bbox 262 2069 301 2100; x_wconf 85' lang='lat' dir='ltr'>ab</span> <span class='ocrx_word' id='word_1_494' title='bbox 316 2071 500 2114; x_wconf 82' lang='lat' dir='ltr'>interprete</span> <span class='ocrx_word' id='word_1_495' title='bbox 517 2073 709 2115; x_wconf 81' lang='lat' dir='ltr'>profectum</span> <span class='ocrx_word' id='word_1_496' title='bbox 726 2072 785 2110; x_wconf 86' lang='lat' dir='ltr'>sit,</span> <span class='ocrx_word' id='word_1_497' title='bbox 812 2072 958 2104; x_wconf 84' lang='lat' dir='ltr'>dubitari</span> <span class='ocrx_word' id='word_1_498' title='bbox 974 2080 1093 2116; x_wconf 86' lang='lat' dir='ltr'>potest.</span> <span class='ocrx_word' id='word_1_499' title='bbox 1133 2073 1222 2106; x_wconf 85' lang='lat' dir='ltr'>Uide</span> <span class='ocrx_word' id='word_1_500' title='bbox 1238 2073 1369 2115; x_wconf 86' lang='lat' dir='ltr'>Proleg.</span> <span class='ocrx_word' id='word_1_501' title='bbox 1388 2073 1429 2104; x_wconf 93' lang='lat' dir='ltr'>L.</span> <span class='ocrx_word' id='word_1_502' title='bbox 1448 2073 1489 2103; x_wconf 92' lang='grc' dir='ltr'>ΙΙ.</span> <span class='ocrx_word' id='word_1_503' title='bbox 1511 2073 1547 2103; x_wconf 92' lang='lat' dir='ltr'>C.</span> <span class='ocrx_word' id='word_1_504' title='bbox 1563 2073 1588 2103; x_wconf 87' lang='lat' dir='ltr'>I.</span> <span class='ocrx_word' id='word_1_505' title='bbox 1609 2073 1637 2113; x_wconf 77' lang='lat'>§.</span> <span class='ocrx_word' id='word_1_506' title='bbox 1658 2073 1705 2103; x_wconf 86' lang='lat'>15.</span> <span class='ocrx_word' id='word_1_507' title='bbox 1728 2084 1762 2115; x_wconf 88' lang='lat' dir='ltr'>p.</span> <span class='ocrx_word' id='word_1_508' title='bbox 1779 2074 1828 2104; x_wconf 94' lang='lat' dir='ltr'>LI</span> <span class='ocrx_word' id='word_1_509' title='bbox 1847 2085 1894 2116; x_wconf 85' lang='lat' dir='ltr'>sq.</span> <span class='ocrx_word' id='word_1_510' title='bbox 1907 2097 1915 2105; x_wconf 94' lang='lat'>.</span> 
     </span>
    </p>

    <p class='ocr_par' dir='ltr' id='par_1_7' title="bbox 108 2123 1977 2267">
     <span class='ocr_line' id='line_1_39' title="bbox 194 2123 1977 2168; baseline 0.002 -14"><span class='ocrx_word' id='word_1_511' title='bbox 194 2123 239 2154; x_wconf 76' lang='lat' dir='ltr'>Id</span> <span class='ocrx_word' id='word_1_512' title='bbox 256 2135 277 2155; x_wconf 83' lang='lat' dir='ltr'>a</span> <span class='ocrx_word' id='word_1_513' title='bbox 294 2123 388 2155; x_wconf 74' lang='lat' dir='ltr'>uobis</span> <span class='ocrx_word' id='word_1_514' title='bbox 403 2125 434 2155; x_wconf 84' lang='lat' dir='ltr'>ei</span> <span class='ocrx_word' id='word_1_515' title='bbox 443 2126 656 2167; x_wconf 79' lang='lat' dir='ltr'>persoluere)</span> <span class='ocrx_word' id='word_1_516' title='bbox 684 2125 865 2167; x_wconf 80' lang='lat' dir='ltr'>Eleganter</span> <span class='ocrx_word' id='word_1_517' title='bbox 882 2136 899 2155; x_wconf 89' lang='lat' dir='ltr'>e</span> <span class='ocrx_word' id='word_1_518' title='bbox 915 2137 952 2156; x_wconf 90' lang='lat' dir='ltr'>re</span> <span class='ocrx_word' id='word_1_519' title='bbox 968 2126 1170 2168; x_wconf 83' lang='lat' dir='ltr'>pecuniaria,</span> <span class='ocrx_word' id='word_1_520' title='bbox 1193 2126 1228 2156; x_wconf 89' lang='lat' dir='ltr'>in</span> <span class='ocrx_word' id='word_1_521' title='bbox 1245 2137 1309 2167; x_wconf 87' lang='lat' dir='ltr'>qua</span> <span class='ocrx_word' id='word_1_522' title='bbox 1324 2126 1456 2157; x_wconf 79' lang='lat' dir='ltr'>soluere</span> <span class='ocrx_word' id='word_1_523' title='bbox 1469 2125 1511 2157; x_wconf 78' lang='lat' dir='ltr'>ab</span> <span class='ocrx_word' id='word_1_524' title='bbox 1524 2125 1641 2168; x_wconf 75' lang='lat' dir='ltr'>aliquo</span> <span class='ocrx_word' id='word_1_525' title='bbox 1658 2124 1787 2164; x_wconf 85' lang='lat' dir='ltr'>dicitur,</span> <span class='ocrx_word' id='word_1_526' title='bbox 1815 2137 1891 2157; x_wconf 89' lang='lat' dir='ltr'>cum</span> <span class='ocrx_word' id='word_1_527' title='bbox 1908 2139 1977 2158; x_wconf 87' lang='lat' dir='ltr'>non</span> 
     </span>
     <span class='ocr_line' id='line_1_40' title="bbox 108 2176 1977 2221; baseline 0.002 -14"><span class='ocrx_word' id='word_1_528' title='bbox 108 2176 181 2219; x_wconf 88' lang='lat' dir='ltr'>ipse</span> <span class='ocrx_word' id='word_1_529' title='bbox 193 2186 235 2206; x_wconf 81' lang='lat' dir='ltr'>ex</span> <span class='ocrx_word' id='word_1_530' title='bbox 251 2186 326 2207; x_wconf 84' lang='lat' dir='ltr'>arca</span> <span class='ocrx_word' id='word_1_531' title='bbox 338 2187 406 2215; x_wconf 87' lang='lat' dir='ltr'>sua⁷</span> <span class='ocrx_word' id='word_1_532' title='bbox 430 2183 480 2208; x_wconf 92' lang='lat' dir='ltr'>set</span> <span class='ocrx_word' id='word_1_533' title='bbox 498 2189 540 2208; x_wconf 80' lang='lat' dir='ltr'>ex</span> <span class='ocrx_word' id='word_1_534' title='bbox 557 2177 694 2209; x_wconf 88' lang='lat' dir='ltr'>alterius</span> <span class='ocrx_word' id='word_1_535' title='bbox 710 2178 810 2208; x_wconf 87' lang='lat' dir='ltr'>soluit</span> <span class='ocrx_word' id='word_1_536' title='bbox 823 2189 885 2220; x_wconf 86' lang='lat' dir='ltr'>per</span> <span class='ocrx_word' id='word_1_537' title='bbox 899 2178 1174 2217; x_wconf 86' lang='lat' dir='ltr'>adtributionem,</span> <span class='ocrx_word' id='word_1_538' title='bbox 1198 2178 1279 2218; x_wconf 79' lang='lat' dir='ltr'>siue,</span> <span class='ocrx_word' id='word_1_539' title='bbox 1293 2185 1327 2209; x_wconf 88' lang='lat' dir='ltr'>ut</span> <span class='ocrx_word' id='word_1_540' title='bbox 1344 2190 1404 2209; x_wconf 84' lang='lat' dir='ltr'>nos</span> <span class='ocrx_word' id='word_1_541' title='bbox 1419 2178 1519 2219; x_wconf 86' lang='lat' dir='ltr'>uolgo</span> <span class='ocrx_word' id='word_1_542' title='bbox 1533 2177 1684 2218; x_wconf 87' lang='lat' dir='ltr'>dicimus,</span> <span class='ocrx_word' id='word_1_543' title='bbox 1707 2189 1767 2221; x_wconf 88' lang='lat' dir='ltr'>per</span> <span class='ocrx_word' id='word_1_544' title='bbox 1780 2179 1977 2221; x_wconf 85' lang='lat' dir='ltr'>assignatio-</span> 
     </span>
     <span class='ocr_line' id='line_1_41' title="bbox 109 2228 1558 2267; baseline 0.001 -7"><span class='ocrx_word' id='word_1_545' title='bbox 109 2240 208 2267; x_wconf 77' lang='lat' dir='ltr'>nem3</span> <span class='ocrx_word' id='word_1_546' title='bbox 233 2240 266 2259; x_wconf 84' lang='lat' dir='ltr'>u.</span> <span class='ocrx_word' id='word_1_547' title='bbox 285 2228 379 2259; x_wconf 88' lang='lat' dir='ltr'>Clau.</span> <span class='ocrx_word' id='word_1_548' title='bbox 395 2229 430 2259; x_wconf 89' lang='lat' dir='ltr'>in</span> <span class='ocrx_word' id='word_1_549' title='bbox 447 2231 589 2262; x_wconf 77' lang='lat' dir='ltr'>soluere.</span> <span class='ocrx_word' id='word_1_550' title='bbox 632 2231 838 2263; x_wconf 66' lang='lat' dir='ltr'>Per-soluere</span> <span class='ocrx_word' id='word_1_551' title='bbox 850 2231 897 2262; x_wconf 92' lang='lat' dir='ltr'>sic</span> <span class='ocrx_word' id='word_1_552' title='bbox 912 2231 1011 2262; x_wconf 83' lang='lat' dir='ltr'>etiam</span> <span class='ocrx_word' id='word_1_553' title='bbox 1030 2238 1075 2263; x_wconf 87' lang='lat' dir='ltr'>est</span> <span class='ocrx_word' id='word_1_554' title='bbox 1094 2231 1200 2262; x_wconf 80' lang='lat' dir='ltr'>Flacc.</span> <span class='ocrx_word' id='word_1_555' title='bbox 1219 2242 1268 2263; x_wconf 81' lang='lat'>20.</span> <span class='ocrx_word' id='word_1_556' title='bbox 1280 2254 1287 2261; x_wconf 91' lang='lat'>.</span> <span class='ocrx_word' id='word_1_557' title='bbox 1333 2232 1558 2262; x_wconf 72' lang='lat' dir='ltr'>ERNESTIUS.</span> 
     </span>
    </p>

    <p class='ocr_par' dir='ltr' id='par_1_8' title="bbox 197 2281 1974 2327">
     <span class='ocr_line' id='line_1_42' title="bbox 197 2281 1974 2327; baseline 0.002 -16"><span class='ocrx_word' id='word_1_558' title='bbox 197 2282 227 2322; x_wconf 57' lang='grc' dir='ltr'>ξ.</span> <span class='ocrx_word' id='word_1_559' title='bbox 250 2281 320 2311; x_wconf 69' lang='lat'>104.</span> <span class='ocrx_word' id='word_1_560' title='bbox 345 2281 379 2313; x_wconf 86' lang='lat' dir='ltr'>C.</span> <span class='ocrx_word' id='word_1_561' title='bbox 394 2281 517 2324; x_wconf 78' lang='lat' dir='ltr'>Flaue)</span> <span class='ocrx_word' id='word_1_562' title='bbox 542 2283 595 2313; x_wconf 89' lang='lat' dir='ltr'>Sic</span> <span class='ocrx_word' id='word_1_563' title='bbox 616 2294 657 2313; x_wconf 77' lang='lat' dir='ltr'>ex</span> <span class='ocrx_word' id='word_1_564' title='bbox 674 2284 910 2315; x_wconf 75' lang='lat' dir='ltr'>emendatiolie</span> <span class='ocrx_word' id='word_1_565' title='bbox 926 2284 1090 2316; x_wconf 83' lang='lat' dir='ltr'>Garatoni</span> <span class='ocrx_word' id='word_1_566' title='bbox 1103 2296 1165 2326; x_wconf 88' lang='lat' dir='ltr'>pro</span> <span class='ocrx_word' id='word_1_567' title='bbox 1182 2284 1317 2326; x_wconf 84' lang='lat' dir='ltr'>uolgato</span> <span class='ocrx_word' id='word_1_568' title='bbox 1336 2284 1370 2316; x_wconf 82' lang='lat' dir='ltr'>C.</span> <span class='ocrx_word' id='word_1_569' title='bbox 1383 2285 1492 2316; x_wconf 81' lang='lat' dir='ltr'>Flaui</span> <span class='ocrx_word' id='word_1_570' title='bbox 1504 2284 1711 2327; x_wconf 87' lang='lat' dir='ltr'>scripsimus.</span> <span class='ocrx_word' id='word_1_571' title='bbox 1755 2285 1974 2326; x_wconf 82' lang='lat' dir='ltr'>Argumenta,</span> 
     </span>
    </p>
   </div>
   <div class='ocr_carea' id='block_1_3' title="bbox 110 2333 1976 2432">
    <p class='ocr_par' dir='ltr' id='par_1_9' title="bbox 110 2333 1976 2432">
     <span class='ocr_line' id='line_1_43' title="bbox 111 2333 1976 2380; baseline 0.002 -15"><span class='ocrx_word' id='word_1_572' title='bbox 111 2334 231 2377; x_wconf 88' lang='lat' dir='ltr'>quibus</span> <span class='ocrx_word' id='word_1_573' title='bbox 251 2333 369 2364; x_wconf 89' lang='lat' dir='ltr'>ductus</span> <span class='ocrx_word' id='word_1_574' title='bbox 392 2333 437 2365; x_wconf 86' lang='lat' dir='ltr'>ita</span> <span class='ocrx_word' id='word_1_575' title='bbox 452 2334 506 2365; x_wconf 85' lang='lat' dir='ltr'>uir</span> <span class='ocrx_word' id='word_1_576' title='bbox 522 2336 741 2368; x_wconf 89' lang='lat' dir='ltr'>doctissumus</span> <span class='ocrx_word' id='word_1_577' title='bbox 765 2337 976 2368; x_wconf 88' lang='lat' dir='ltr'>scribendum</span> <span class='ocrx_word' id='word_1_578' title='bbox 995 2337 1137 2380; x_wconf 68' lang='lat' dir='ltr'>putarit,</span> <span class='ocrx_word' id='word_1_579' title='bbox 1165 2337 1269 2380; x_wconf 88' lang='lat' dir='ltr'>ipsius</span> <span class='ocrx_word' id='word_1_580' title='bbox 1290 2337 1401 2368; x_wconf 88' lang='lat' dir='ltr'>uerbis</span> <span class='ocrx_word' id='word_1_581' title='bbox 1418 2348 1495 2368; x_wconf 88' lang='lat' dir='ltr'>cum</span> <span class='ocrx_word' id='word_1_582' title='bbox 1518 2337 1700 2369; x_wconf 89' lang='lat' dir='ltr'>lectoribus</span> <span class='ocrx_word' id='word_1_583' title='bbox 1722 2337 1976 2369; x_wconf 84' lang='lat' dir='ltr'>conmunicaui-</span> 
     </span>
     <span class='ocr_line' id='line_1_44' title="bbox 110 2387 870 2432; baseline 0 -13"><span class='ocrx_word' id='word_1_584' title='bbox 110 2399 185 2419; x_wconf 88' lang='lat' dir='ltr'>mus</span> <span class='ocrx_word' id='word_1_585' title='bbox 203 2387 334 2428; x_wconf 85' lang='lat' dir='ltr'>Proleg.</span> <span class='ocrx_word' id='word_1_586' title='bbox 354 2387 395 2418; x_wconf 89' lang='lat' dir='ltr'>L.</span> <span class='ocrx_word' id='word_1_587' title='bbox 413 2387 473 2418; x_wconf 90' lang='lat' dir='ltr'>III.</span> <span class='ocrx_word' id='word_1_588' title='bbox 494 2388 531 2420; x_wconf 88' lang='lat' dir='ltr'>C.</span> <span class='ocrx_word' id='word_1_589' title='bbox 549 2391 591 2421; x_wconf 93' lang='lat' dir='ltr'>II.</span> <span class='ocrx_word' id='word_1_590' title='bbox 610 2402 642 2432; x_wconf 85' lang='lat' dir='ltr'>p.</span> <span class='ocrx_word' id='word_1_591' title='bbox 660 2390 763 2421; x_wconf 63' lang='lat' dir='ltr'>Lxx</span> <span class='ocrx_word' id='word_1_592' title='bbox 779 2401 851 2431; x_wconf 82' lang='lat' dir='ltr'>sqq.</span> <span class='ocrx_word' id='word_1_593' title='bbox 863 2412 870 2420; x_wconf 91' lang='lat'>.</span> 
     </span>
    </p>
   </div>
  </div>
 </body>
</html>
