2264 2746
604 75 629 104 C
648 74 677 104 A
696 75 737 104 P.
774 73 969 104 XXXVIII.
995 72 1020 113 ᾗ.
1040 78 1085 106 93.
1106 89 1144 95 -
1169 73 1331 102 XXXIX.
1358 72 1385 113 §.
1406 80 1450 106 94.
1894 80 1948 107 233

177 150 285 183 ZVunc
313 149 418 181 etiam
446 154 604 189 senatus,
643 149 700 182 cui
721 162 774 182 me
796 161 926 193 semper
953 149 1087 190 addixi)
1133 149 1263 181 callide
1285 149 1413 181 senatui
1435 160 1523 180 nunc
1546 147 1664 180 tribuit
1687 148 1821 190 Cicero,
1859 155 1949 182 certe

89 213 111 234 a
135 208 250 234 senatu
272 213 307 234 se
329 201 532 234 adsentiente
554 202 601 234 ait
623 201 767 243 factum,
791 202 882 245 quod
904 208 1034 234 senatus
1056 208 1191 233 auctore
1215 202 1376 234 Cicerone
1397 201 1620 244 potissumum
1642 200 1776 233 fecerat.
1819 203 1949 234 Decre-

87 254 142 287 uit
163 255 254 286 enim
271 254 399 294 Cicero,
424 261 461 287 ut
483 255 563 286 dicit
586 255 621 286 in
643 266 691 288 or.
713 255 755 286 de
777 267 875 298 prou.
899 266 988 286 cons.
1013 254 1051 286 C.
1072 254 1136 286 XI.
1168 255 1198 296 ς.
1223 256 1295 295 26.,
1323 254 1455 286 Caesari
1476 253 1735 298 supplicationes
1759 255 1946 298 quindecim

88 307 237 346 dierum,
260 308 482 351 stipendium,
513 313 547 339 et
569 307 682 339 decem
704 308 839 350 legatos.

180 361 272 393 Tum
285 362 422 393 hercule
437 373 489 393 me
503 360 683 404 confitear)
704 361 791 394 Uide
809 372 893 403 quae
913 359 952 389 de
966 358 1030 390 hoc
1047 358 1120 390 loco
1138 359 1270 402 Proleg.
1285 361 1326 392 L.
1343 361 1385 392 II.
1409 362 1446 393 C.
1467 362 1492 392 Ι.
1509 362 1538 403 §.
1560 362 1606 392 16.
1623 372 1657 402 p.
1674 360 1752 392 LV.
1769 360 1948 404 disputaui.

178 414 208 455 §.
232 413 283 455 94.
329 413 453 457 ZVeque
475 415 564 446 enim
586 415 812 446 inconstantis
829 419 928 458 puto,
954 413 1154 444 sententiam
1180 419 1356 457 tamquam
1377 415 1521 459 aliquod
1541 413 1725 456 nauigium
1747 419 1849 457 atque
1871 426 1950 445 cm·-

88 479 166 498 sum
188 479 229 498 ex
252 466 349 509 reip.
373 472 572 509 tempestate
595 468 783 509 moderari)
827 468 866 498 111
890 465 1028 497 eandem
1052 466 1250 497 sententiam
1276 467 1397 506 uerbis,
1426 478 1509 508 quae
1532 467 1612 498 haec
1634 465 1845 505 antecedunt,
1869 477 1949 497 con-

86 518 232 557 mutatis,
262 524 301 549 ut
327 529 389 560 pro
412 530 470 549 sua
494 519 644 551 ubertate
675 520 835 562 copiaque
867 525 980 550 orator
1003 519 1102 558 solet,
1136 519 1171 549 in
1195 519 1306 551 eadem
1330 520 1381 551 1111
1404 519 1525 561 insigni
1547 518 1588 549 ad
1610 519 1646 549 P.
1670 519 1853 549 Lentulum
1876 518 1950 561 epi-

86 571 175 602 stula
197 571 242 602 ita
264 571 433 612 loquitur:
469 572 674 617 Numquam
695 573 784 605 ellim
809 571 1065 616 praestantibus
1089 572 1124 603 [Ιι
1148 584 1183 603 ,re
1200 585 1237 616 p.
1259 573 1487 616 gubernanda
1509 573 1597 603 uiris
1620 572 1798 603 Iamlatast
1821 572 1857 602 itz
1880 584 1950 603 nna

87 624 259 655 sententia
275 630 449 667 perpetua
470 627 687 668 permansio3
716 631 765 656 set
788 631 826 656 nt
849 626 885 656 in
907 625 1108 667 manigaudo
1132 627 1327 668 tempestati
1350 625 1485 668 obsequi
1506 626 1594 656 artis
1616 630 1684 662 est,
1712 625 1848 656 etiamsi
1867 637 1949 668 por-

89 682 164 708 tum
187 681 299 708 tenere
323 689 389 707 noa
412 689 534 719 queas,
565 692 666 722 quom
688 690 768 710 uero
791 679 829 710 iel
846 678 960 721 possis
983 683 1118 708 mutata
1144 678 1379 721 aelfficatione
1400 679 1560 722 adsequi,
1599 678 1776 708 stultumst
1800 690 1876 709 enm
1899 683 1948 708 te-

87 740 168 760 nere
189 741 266 760 cum
286 729 443 772 periculo
467 742 605 762 cursum
625 744 723 774 quem
744 731 871 774 ceperis
889 731 1027 774 potius,
1052 743 1154 773 quam
1177 744 1213 762 eo
1237 738 1449 770 conmutato,
1473 744 1536 775 quo
1560 730 1647 762 uelis
1671 731 1807 762 taudem
1826 742 1949 773 perue-

87 780 172 812 nire.
214 780 271 812 Ad
303 793 380 813 eum
409 782 520 813 locum
549 783 722 815 Manutius
752 795 828 814 cum
850 790 1004 815 nostrum
1034 784 1124 815 hunc
1146 783 1327 823 recitasset,
1363 784 1472 822 cuius,
1508 782 1634 825 inquit,
1668 782 1734 813 loci
1764 789 1950 813 extremam

85 838 219 874 partem
241 832 348 865 isdem
371 834 482 865 uerbis
506 835 655 866 iteratam
679 836 778 867 uideo
802 837 837 868 in
861 838 1010 869 oratione
1033 849 1096 879 pro
1112 837 1228 868 Balbo.
1273 838 1403 868 Extant
1421 849 1503 867 uero
1529 836 1611 867 haec
1631 835 1744 865 eadem
1768 835 1812 865 ibi
1837 846 1863 865 0.
1880 846 1948 876 27..

87 884 212 916 Facere
237 885 271 916 id
294 899 372 918 sane
396 888 513 918 Cicero
539 893 609 918 tum
632 888 705 919 iure
735 902 795 920 suo
818 896 890 920 111111
911 891 1057 921 aliorum
1081 889 1238 931 exemplo
1264 896 1404 931 poterat.
1445 890 1620 924 Isocrates,
1658 888 1723 919 nisi
1752 887 1848 918 ualde
1876 899 1951 918 1110-

86 938 196 969 moria
221 950 310 969 nunc
332 939 444 979 labor,
471 945 504 970 et
525 940 719 983 Xenophon
744 943 903 973 fecerunt.
949 943 1006 973 Set
1028 954 1096 973 11011
1119 942 1264 979 solebat3
1297 949 1382 981 tam,
1414 942 1566 983 inquam,
1597 942 1636 972 ad
1659 942 1816 972 amussim
1839 941 1952 972 onmia

89 1003 161 1022 non
183 991 326 1023 solebat:
361 998 429 1023 erat
452 992 540 1022 enim
565 994 771 1034 quarundam
794 995 1002 1026 locutionum
1025 995 1158 1025 iteratio
1185 995 1369 1026 necessaria
1394 994 1607 1036 saepissume.
1652 995 1774 1035 Neque
1796 1005 1877 1024 uero
1905 993 1953 1024 se-

90 1045 189 1083 cisse,
214 1051 331 1076 testem
353 1044 555 1086 iampridem
577 1047 679 1078 habui
701 1059 814 1079 meum
838 1048 994 1086 codicem,
1018 1047 1052 1077 111
1077 1059 1143 1088 (1110
1168 1053 1264 1077 extra
1287 1047 1434 1077 ordinem
1460 1047 1585 1077 adiecta
1609 1047 1671 1077 ista
1693 1052 1770 1077 sunt
1794 1057 1868 1076 011111
1891 1045 1952 1077 hac

87 1097 373 1140 praescriptione,
396 1099 493 1130 Idem.
508 1111 576 1142 pro
599 1100 753 1132 Cornelio
774 1101 895 1133 Balbo.
939 1101 1059 1142 Neque
1083 1106 1187 1138 certe,
1215 1100 1303 1142 quod
1327 1105 1395 1130 erat
1418 1105 1494 1130 ante
1520 1100 1652 1138 oculos,
1687 1111 1755 1130 11011
1781 1099 1951 1130 admonui.

86 1150 252 1182 Euolauit
281 1149 420 1181 fortasse
451 1151 626 1191 schedula,
662 1165 746 1195 quae
766 1153 950 1184 maioribus
975 1153 1062 1183 male
1092 1152 1304 1185 adhaereret:
1338 1152 1568 1194 typographus
1592 1153 1704 1194 itaque
1726 1153 1786 1183 sub
1810 1152 1881 1189 dio,
1916 1158 1953 1183 ut

83 1202 123 1234 fit
143 1201 307 1244 Neapoli,
336 1208 441 1241 stans,
470 1209 528 1234 aut
549 1204 590 1234 ad
615 1203 796 1236 fenestram
822 1205 856 1235 in
881 1211 1001 1243 uento,
1034 1216 1102 1235 11011
1125 1204 1244 1243 sensit3
1282 1206 1338 1246 qui
1362 1205 1555 1247 corrigendo
1580 1212 1774 1248 praeerant,
1803 1204 1953 1236 animad-

83 1261 216 1287 uertere
246 1266 314 1285 non
344 1261 537 1297 potuerunt.
579 1259 634 1288 Ne
673 1257 744 1299 ipse
776 1257 910 1298 quidem
938 1257 1180 1297 animaduerti,
1217 1258 1281 1289 uisi
1306 1270 1380 1289 011111
1404 1258 1437 1288 111
1461 1269 1578 1289 manus
1611 1258 1755 1289 codicem
1786 1257 1951 1299 resumpsi

85 1319 212 1340 meum.
255 1307 294 1337 Id
318 1318 393 1338 cum
416 1308 545 1338 Romae
567 1320 635 1339 non
658 1308 808 1347 fecerim,
833 1309 872 1339 de
896 1309 966 1339 cod.
990 1309 1172 1340 Barberino
1196 1310 1358 1352 editisque
1380 1317 1474 1349 uolt„
1500 1323 1581 1352 quos
1605 1318 1677 1342 tum
1700 1310 1872 1349 habebam,
1897 1309 1952 1340 ni—

84 1361 136 1393 hil
158 1359 264 1390 audeo
289 1359 498 1391 confirmare.
545 1362 600 1393 Set
622 1362 703 1393 haec
725 1362 760 1392 in
785 1368 857 1393 octo
882 1362 1019 1393 Oxoun.
1044 1362 1154 1393 deesse
1177 1363 1274 1394 uideo
1298 1369 1331 1394 et
1353 1369 1434 1405 aput
1452 1364 1577 1395 Aldum
1602 1364 1730 1407 ipsum,
1766 1362 1855 1404 quod
1879 1373 1952 1392 cer-

84 1421 158 1446 tum
185 1412 345 1444 indicium
369 1418 434 1451 est,
472 1413 506 1444 in
530 1415 759 1457 superioribus
789 1414 915 1455 aliquot
939 1415 1155 1454 editionibus,
1190 1415 1218 1446 si
1241 1428 1309 1447 non
1334 1416 1369 1446 111
1397 1417 1550 1448 omnibus
1578 1416 1730 1447 defuisse.
1776 1415 1950 1446 Postremo

86 1466 177 1510 quod
200 1471 299 1508 caput
322 1472 388 1504 est,
422 1466 458 1497 in
478 1467 559 1498 Bau.
583 1468 718 1505 desunt,
753 1466 809 1508 qui
832 1467 916 1497 inihi
940 1467 1006 1498 iam
1030 1467 1066 1498 fit
1089 1474 1202 1499 auctor
1225 1468 1382 1507 idoneus,
1414 1475 1451 1499 ut
1475 1481 1515 1500 110
1539 1470 1573 1500 111
1598 1468 1789 1500 Erfurtensi
1814 1468 1951 1510 quidem

84 1520 177 1552 illius
205 1518 327 1550 comite
358 1518 460 1550 fuisse
491 1520 622 1551 credam
654 1520 789 1561 [desunt
818 1520 851 1550 in
883 1520 957 1551 ErF.
987 1520 1171 1562 multisque
1200 1522 1300 1563 aliis].
1347 1522 1527 1563 Quomodo
1556 1522 1618 1553 ista
1641 1522 1705 1553 11110
1735 1521 1948 1563 inrepserint,

85 1571 263 1605 manifesto
295 1577 467 1611 tenemus3
507 1585 607 1615 quam
636 1585 842 1615 superuacua
871 1573 951 1611 sint,
993 1579 1024 1604 et
1055 1585 1107 1604 res
1131 1573 1201 1615 ipsa
1233 1580 1265 1604 et
1287 1575 1377 1606 illius
1402 1575 1564 1618 epistulae
1590 1573 1782 1616 conparatio
1807 1573 1950 1604 docebit.

83 1625 182 1659 Paria
205 1624 329 1655 etenim
352 1625 402 1656 his
425 1625 574 1657 abscissis
598 1625 777 1666 utrobique
797 1631 874 1656 sunt
892 1626 1024 1665 omnia3
1050 1626 1132 1658 ordo
1157 1628 1383 1658 tantummodo
1408 1628 1561 1660 inuersus
1578 1634 1635 1659 est.
1680 1628 1767 1658 Nam
1791 1637 1874 1668 quae
1896 1625 1951 1657 hic

83 1679 201 1723 priora
221 1683 316 1709 sunt:
340 1678 397 1710 Alz
417 1692 494 1710 cum.
516 1680 653 1711 uideam
667 1697 709 1702 --
724 1679 945 1722 obtemperem
969 1685 1001 1711 et
1022 1682 1191 1722 paream?
1215 1680 1304 1719 haec,
1329 1680 1476 1722 inquam,
1500 1681 1721 1723 posteriorem
1747 1679 1782 1710 in
1808 1678 1949 1721 epistula

85 1733 200 1764 locum
224 1730 392 1770 obtinent3
418 1744 501 1774 quae
524 1743 603 1762 uero
627 1731 673 1762 ibi
696 1732 805 1774 primo
829 1738 907 1762 sunt
929 1732 1046 1774 posita,
1075 1732 1128 1762 hic
1151 1734 1258 1764 multo
1279 1734 1433 1776 pluribus
1458 1746 1615 1777 expressa
1641 1740 1750 1775 atque,
1774 1739 1811 1763 ut
1823 1731 1948 1763 oratio·-

85 1797 166 1818 nem
199 1783 332 1815 decebat
359 1785 546 1827 publicam,
587 1783 701 1815 addito
735 1784 912 1827 splendore
941 1796 977 1815 ac
998 1796 1124 1827 pompa
1153 1793 1322 1817 secuntur.
1367 1787 1446 1830 Ego
1478 1800 1558 1819 uero
1585 1788 1666 1819 haec
1691 1786 1798 1817 didici
1823 1802 1864 1807 —
1881 1797 1947 1827 po-

85 1839 245 1876 stularet,
268 1850 338 1870 esse
360 1838 530 1882 defensas.
575 1837 657 1868 Satis
681 1837 746 1868 iam
769 1837 807 1867 de
830 1837 983 1880 nauigio;
1010 1838 1095 1869 nihil
1115 1838 1193 1868 addi
1217 1839 1355 1869 sanioris
1381 1840 1588 1881 eloquentiae
1612 1839 1697 1870 ratio
1721 1845 1751 1869 et
1776 1837 1946 1869 Ciceronis

86 1890 288 1924 consuetudo
312 1890 437 1932 patitur
459 1890 526 1921 iam
548 1889 740 1929 consularis,
765 1891 823 1932 qui
845 1892 1072 1922 maturitatem
1099 1892 1131 1922 in
1145 1891 1281 1922 dicendo
1306 1891 1377 1933 ipse
1399 1904 1493 1923 suam
1516 1892 1683 1935 praetoria
1705 1898 1775 1922 arte
1800 1890 1946 1922 definiat.

86 1945 180 1977 Haec
201 1948 331 1981 autem,
370 1943 448 1986 Ego
475 1957 555 1976 nero
583 1949 644 1975 etc.
673 1942 919 1984 superioribus,
956 1945 1014 1977 Aa
1039 1958 1115 1976 eum
1145 1945 1282 1976 uideam
1312 1950 1370 1977 010.
1397 1956 1435 1976 eo
1467 1946 1585 1976 melius
1617 1945 1707 1977 illico
1738 1944 1944 1981 referuntur,

87 2008 154 2040 quo
177 1994 344 2026 incitatius
369 2002 399 2026 et
420 1996 619 2038 promptius.
666 1995 758 2037 Quin
781 1996 882 2037 igitur
904 1997 1014 2028 inedia
1036 1998 1094 2028 illa
1116 1998 1203 2028 male
1227 2004 1321 2040 capto
1347 1998 1387 2028 de
1410 1999 1483 2030 loco
1507 1998 1680 2037 eiciamus,
1711 1997 1863 2028 futurum
1886 1996 1943 2038 qui

85 2047 267 2082 intercedat
289 2048 457 2079 neminem
482 2056 576 2092 puto.
622 2049 690 2090 Qui
719 2049 812 2091 prior
835 2050 964 2089 intulit,
987 2062 1028 2081 ne
1053 2051 1130 2082 illut
1158 2051 1293 2093 quidem
1317 2051 1415 2089 uidit,
1451 2052 1551 2083 satius
1573 2050 1690 2088 fuisse,
1725 2050 1848 2093 ,Neque
1873 2062 1943 2082 esse

87 2101 311 2136 inconstantis
332 2107 437 2144 puto,
477 2108 515 2133 ut
544 2108 593 2134 est
625 2102 661 2132 in
686 2102 859 2141 Balbiana,
898 2103 1104 2144 relinquere,
1135 2105 1190 2135 uel
1212 2104 1342 2147 potius,
1374 2116 1472 2146 quam
1497 2117 1567 2136 rem
1592 2110 1718 2146 ageret,
1748 2103 1939 2145 ignorabatg.

87 2161 177 2187 certe
198 2164 259 2194 pro
283 2165 351 2185 esse
372 2154 483 2196 posuit
497 2157 598 2195 enim,
625 2153 714 2197 quod
737 2154 824 2186 infra
846 2167 907 2198 pro
932 2169 1011 2188 uero
1033 2167 1159 2198 ponere
1183 2158 1344 2200 oportuit.
1386 2158 1444 2189 Set
1459 2157 1585 2189 fraudis
1606 2157 1761 2188 indicium
1785 2167 1852 2187 non
1868 2168 1942 2187 sus-

86 2207 200 2240 tulisse
230 2205 374 2247 gaudeo:
418 2218 497 2238 nam
528 2208 620 2250 quasi
652 2208 855 2240 aduersantis
889 2215 937 2240 est
959 2221 1021 2252 ego
1045 2221 1141 2248 uero,
1185 2221 1253 2240 non
1276 2209 1512 2242 confirmantis.
1555 2211 1811 2242 GARATONIUS.
1855 2209 1942 2242 Uide

90 2271 173 2303 quae
196 2258 311 2289 monui
335 2259 373 2289 de
395 2259 458 2292 hoc
482 2261 555 2292 loco
581 2261 711 2302 Proleg.
735 2262 775 2293 L.
800 2263 843 2294 H.
869 2263 905 2294 C.
930 2263 955 2293 l.
981 2263 1010 2303 ς.
1038 2274 1064 2292 1.
1095 2273 1127 2304 p.
1151 2263 1291 2294 XXX..

171 2311 268 2344 Haec
299 2312 339 2343 de
369 2314 640 2356 sapientissnmis
669 2320 700 2346 et
727 2316 939 2348 clarissmnis
970 2315 1059 2346 uiris
1088 2329 1129 2339 —-
1160 2323 1377 2349 monumenta
1406 2317 1501 2349 nobis
1531 2317 1667 2349 litterae
1689 2314 1939 2360 prodiderunt)

84 2366 236 2398 Pronum
259 2369 306 2394 est
327 2375 403 2395 cum
425 2366 505 2398 uiris
529 2366 632 2398 doctis
653 2368 821 2411 corrigere
843 2370 1051 2402 litterarmn.
1090 2368 1235 2399 Frustra.
1277 2368 1425 2403 Tantum
1448 2370 1702 2412 interpungatur
1724 2374 1800 2412 post
1826 2367 1941 2405 nohis-3

1492 2427 1527 2454 42
