2264 2746
835 117 873 146 L.
902 116 926 145 1.
972 117 1005 145 C.
1034 117 1089 145 III.
1137 116 1164 157 §.
1193 118 1292 147 3—8.
1925 127 2010 156 XXI

132 193 164 220 111
185 192 267 226 dieo,
288 201 378 230 quam
399 191 483 224 (lieo,
513 191 539 219 si
559 191 669 220 fnisset
689 202 705 219 a
726 192 833 220 Tullio
854 192 1007 230 positum,
1038 193 1069 220 in
1092 193 1194 221 dicam
1216 193 1385 221 conmutari
1415 194 1526 232 potuit.
1576 195 1719 225 Eundem
1741 208 1878 227 errorem
1899 202 2008 232 librari

131 241 164 268 111
185 251 229 268 or.
251 240 287 268 de
317 239 439 278 inperio
461 239 516 267 Cn.
538 239 666 277 Pompei
695 240 727 268 C.
749 240 826 268 XX.
857 239 883 279 5.
906 241 949 269 60.
978 241 1203 276 commiserunt,
1238 252 1297 278 quo
1327 241 1358 268 111
1390 241 1455 269 loco
1478 242 1550 270 item
1577 253 1634 281 pro
1655 244 1738 278 ‹lis-o,
1771 256 1847 283 quae
1875 250 2008 287 uolgaris

131 289 329 327 scriptumst,
351 286 541 315 Ersurtensis
562 288 635 315 libri
658 289 840 316 auctoritate
862 289 1048 325 granissnma
1067 289 1167 316 (licam
1189 288 1384 316 scribendum
1407 300 1481 325 csse,
1503 291 1535 318 in
1556 291 1654 319 Pracf.
1676 292 1712 320 ad
1737 293 1823 323 Uarr.
1845 296 1946 326 Lectt,
1970 310 2007 328 QX

132 337 198 365 cod.
228 337 294 364 Erf.
321 341 401 363 enot.
429 345 458 373 p.
480 335 620 364 LXXII.
649 336 816 364 docuimus,
857 337 986 364 Prorsus
1016 337 1189 373 ambiguum
1216 340 1315 363 autem
1340 336 1462 365 uidetur
1484 348 1563 374 esse,
1602 344 1703 367 utrum
1727 341 1837 370 Cicero
1860 344 1893 372 C.
1915 345 2007 376 XIV.

131 384 159 425 §.
179 386 224 413 33.
244 387 277 412 in
297 384 395 411 medio
412 383 504 420 Jbro,
535 394 594 420 qno
616 384 724 411 ordine
744 384 769 411 A
793 383 888 410 uerba
909 383 981 411 llaec
1004 385 1161 419 conlocat,
1188 392 1225 410 an
1246 383 1343 410 medio
1364 385 1398 410 in
1409 385 1501 421 foro,
1529 397 1618 424 quem
1644 388 1784 418 ordinem
1811 393 1906 420 ceteri
1933 394 2007 424 libri

131 437 273 468 tuentur,
295 436 325 459 et
345 431 378 458 (’.
400 430 528 458 XXXI.
550 429 577 469 §.
600 433 643 468 75.
667 437 793 468 poterat
815 430 892 458 haee
913 442 974 458 esse
995 432 1137 464 inuidia,
1167 430 1421 469 quemadmodum
1442 432 1466 458 A
1491 433 1615 469 scribit,
1651 446 1688 463 an
1709 436 1786 465 haee
1800 445 1927 475 potrrat
1947 454 2008 472 esse

131 481 272 514 inuidia,
308 489 384 517 quae
409 479 600 516 reliquorum
630 479 770 507 codicum
806 478 945 514 lcctiost,
983 479 1151 517 scripserit.
1199 478 1277 506 Nam
1314 484 1447 515 utroque
1479 481 1569 508 modo
1598 483 1691 511 uerba
1720 485 1881 515 conlocare
1907 489 2007 520 licuit,

132 527 325 566 Sequendum
346 532 447 554 tamen
469 526 707 554 Ambrosianum
729 527 822 561 duxi,
859 526 911 564 qui
933 532 963 554 et
983 526 1158 564 antiquiore
1180 536 1256 554 aeuo
1278 537 1366 564 quam
1389 527 1460 561 ille,
1488 528 1539 565 qui
1561 529 1629 557 fons
1651 531 1785 560 familiae
1806 537 1956 565 secundae
1977 544 2008 567 ct

130 576 239 604 tertiae
260 575 382 610 extitit,
403 575 536 613 scriptus
557 584 639 609 csse,
661 579 691 601 et
711 585 749 602 cx
771 574 940 611 integriore
960 575 1055 609 sonte,
1076 573 1107 600 id
1129 573 1209 611 qnod
1231 574 1265 602 C.
1288 574 1327 601 ΙΙ.
1348 572 1374 612 5,
1399 584 1421 602 1.
1445 575 1731 613 demoustrauinms,
1752 580 1879 611 fluxisse
1900 586 2007 615 uidea-

130 629 190 652 tur.
218 624 321 652 Aliter
342 628 441 651 tamen
463 622 566 650 indico
589 623 625 650 de
646 623 817 661 scripturae
838 621 1026 656 diuersitate,
1048 631 1124 658 quae
1147 621 1180 649 C.
1199 622 1241 649 X.
1261 620 1288 660 §.
1306 623 1350 650 25.
1373 627 1403 649 ct
1425 622 1458 649 (¹.
1474 622 1617 650 XXVII.
1639 623 1665 662 5.
1687 626 1731 654 66.
1753 628 2006 667 deprehenditur,

130 672 272 699 Alterum
300 670 410 698 horum
439 671 578 698 locorum
600 670 736 698 familiae
757 670 907 698 secundae
929 674 958 696 et
979 668 1088 695 tertiae
1116 669 1239 696 codices
1267 669 1309 697 ita
1332 669 1480 707 scriptum
1503 669 1667 707 exhibent:
1705 674 1790 703 *Nam
1811 685 1846 705 ut
1866 684 2007 712 omittam

129 720 220 752 illul,
249 720 331 757 quod
350 730 402 756 ego
418 729 476 755 pro
498 729 529 746 en
554 718 749 753 laborabam,
780 719 834 755 qui
854 716 977 744 ualebat
1007 718 1071 753 ipse
1095 726 1153 752 per
1173 727 1251 750 sese,
1284 719 1406 755 rogalia
1434 719 1525 753 ipsa
1553 728 1669 755 semper
1697 728 1739 748 es!
1757 728 2007 766 gratiosis-suma,

129 777 208 805 quae
228 773 269 794 esc
297 768 396 804 ostI‹·io
419 767 652 795 nccesxsilzldinls
672 767 836 793 coniuncta
857 774 1006 791 maxume.
1047 764 1191 791 Discedit
1212 765 1249 792 ab
1272 765 1310 792 iis
1331 765 1555 793 Ambrosianus
1577 776 1629 801 eo,
1661 768 1743 804 quod
1762 779 1818 807 pro
1840 776 1908 810 ipsa
1928 779 2007 806 scri-

128 815 175 842 bit
196 814 279 842 lzaec.
318 815 417 841 hemo
441 824 500 841 uon
522 814 683 851 intellegit,
703 813 850 840 alterutra
871 811 1025 849 scriptura
1046 811 1080 845 si,
1103 811 1139 838 de
1162 822 1221 849 quo
1243 823 1320 850 nego
1342 813 1477 840 dubitari
1498 824 1597 851 posse,
1619 823 1635 841 a
1657 814 1764 843 Tullio
1786 823 1912 855 putetur
1932 833 2006 860 pro-

129 863 225 897 fecta,
246 863 372 890 alteram
393 862 563 890 necessario
584 871 645 889 non
667 871 705 888 ex
724 860 833 887 librari
854 869 960 887 errore
982 864 1027 886 set
1050 860 1246 888 correctione
1276 860 1388 888 debere
1417 866 1513 888 ortam
1535 861 1724 891 existumari.
1764 863 1801 892 Id
1821 872 1919 897 autem
1938 870 2007 900 fieri

129 911 220 938 ctiam
241 911 277 937 ab
299 920 334 937 eo
355 910 473 948 potuit,
495 909 545 946 qui
566 908 771 945 antiquiorem
792 907 930 935 codicem
951 907 1191 935 Ambrosianum
1213 908 1355 946 scripsit3
1377 909 1490 936 factum
1512 919 1586 944 esse,
1608 919 1646 937 ex
1667 910 1728 938 loci
1749 916 1901 943 sententia
1922 924 2005 947 certo

131 962 205 995 puto
235 958 347 994 conligi
374 968 480 996 posse,
516 956 565 984 0111
593 955 693 994 primo
721 961 845 993 aspectu
874 956 950 983 llaec
976 965 1148 993 pronomen
1176 961 1306 993 propter
1334 966 1465 994 sequens
1493 957 1657 985 rclatiuom
1686 970 1765 996 quae
1785 962 1883 991 multo
1905 967 2004 1003 aptius

130 1015 218 1043 quam
238 1007 307 1041 ipsa
334 1004 520 1042 respondere
540 1003 691 1031 uideatur.
733 1003 849 1031 Contra
875 1005 944 1040 ipsa
972 1014 1151 1041 quamquam
1173 1003 1372 1041 aptissumum
1394 1015 1515 1033 sensum
1536 1006 1681 1043 praebet,
1712 1007 1743 1035 id
1765 1011 1847 1047 quod
1867 1012 1899 1039 in
1922 1024 2005 1043 00111-

129 1053 277 1081 mentario
308 1052 413 1086 docui,
439 1057 540 1079 tamen
569 1051 697 1079 multost
724 1051 885 1078 obscurius
913 1050 1045 1086 dictum,
1075 1062 1164 1089 quam
1192 1056 1227 1079 ut
1256 1052 1291 1079 ab
1322 1052 1451 1080 librario
1478 1063 1535 1090 pro
1565 1053 1641 1081 haee
1663 1064 1727 1082 esse
1755 1057 1892 1093 positum
1913 1060 2005 1089 ullam

129 1100 237 1127 habeat
264 1099 490 1137 probabilitatis
518 1098 660 1137 speciem.
701 1099 805 1136 ltaque
835 1103 865 1126 ct
893 1098 1041 1126 hocloco
1073 1098 1188 1127 codicis
1208 1098 1410 1127 Ambrosiaui
1430 1101 1644 1130 auctoritatem
1675 1104 1893 1141 neglegendam
1921 1108 2006 1144 duxi,

127 1152 158 1174 ct
177 1147 274 1174 altero
294 1146 349 1174 1110
371 1147 416 1185 (C.
438 1147 581 1175 XXVH.
602 1144 628 1185 5.
650 1144 725 1183 (ist),
746 1146 778 1173 in
799 1156 859 1184 quo
880 1157 936 1185 pro
958 1147 1079 1184 uolgata
1108 1147 1270 1185 scriptura,
1291 1148 1369 1175 hant
1389 1150 1460 1183 scio,
1482 1160 1521 1176 (ιη
1539 1150 1613 1185 plus
1634 1151 1713 1179 milei
1729 1152 1901 1190 proficerit,
1922 1156 2004 1184 solus

126 1194 233 1231 habet,
253 1195 342 1223 hand
358 1197 436 1230 seio,
458 1205 500 1222 an
514 1196 620 1232 pluris
640 1193 718 1221 mihi
729 1194 856 1232 fueri&
877 1204 953 1232 quae
974 1195 1128 1233 scriptura
1147 1205 1164 1223 a
1184 1205 1275 1223 sensu
1296 1196 1356 1223 loci
1378 1196 1612 1225 alienissumast.

1022 1301 1048 1342 ς.
1075 1309 1101 1334 7.

198 1375 371 1403 Deficiente
391 1374 589 1403 Ambrosiani
611 1374 811 1410 auctoritate,
832 1375 885 1413 qui
905 1385 1018 1414 paucos
1039 1381 1158 1404 tantum
1178 1375 1270 1404 11111115
1292 1376 1440 1405 orationis
1462 1378 1546 1406 locos
1568 1378 1724 1415 seruauit,
1745 1389 1885 1410 maxuma
1905 1383 2002 1411 Baua-

124 1423 182 1452 rici
203 1429 233 1451 et
253 1423 444 1451 Erfurtensis
466 1423 631 1451 auctoritas
653 1428 705 1450 est,
747 1423 809 1459 Qui
830 1423 883 1451 ubi
905 1424 1105 1451 consentiunt
1133 1435 1201 1452 011111
1222 1424 1358 1452 familiae
1379 1425 1487 1452 tertiae
1509 1425 1668 1454 codicibus
1690 1428 1853 1466 omnibus,
1886 1436 2002 1459 tantum

125 1471 347 1508 intelleguntur
364 1472 555 1500 auctoritatis
574 1471 697 1505 habere,
719 1477 865 1508 quantum
882 1472 979 1499 codex
1000 1472 1156 1510 prinecps,
1179 1472 1230 1510 (1111
1252 1473 1321 1500 sons
1337 1473 1470 1501 familiae
1492 1474 1642 1502 secundae
1664 1480 1694 1503 et
1714 1477 1824 1504 tertiae
1841 1478 1956 1512 extitit,
1977 1479 2001 1505 si

126 1524 262 1546 seruatus
283 1524 379 1554 esset,
399 1518 535 1547 haberet.
576 1519 656 1547 Eum
677 1523 777 1546 autem
799 1518 936 1546 codicem
957 1519 1016 1547 iam
1039 1530 1132 1557 supra
1154 1520 1186 1548 C.
1210 1520 1265 1547 ΙΙΙ.
1287 1519 1313 1559 5.
1339 1531 1360 1548 1.
1383 1520 1542 1549 docuimus
1565 1524 1751 1561 corruptelis
1772 1525 1889 1562 aliquot
1909 1525 2003 1553 fuisse

126 1566 331 1605 deprauatum.
370 1567 476 1605 Itaque
496 1568 562 1595 solo
584 1567 638 1594 illo
660 1576 812 1594 consensu
833 1576 999 1604 numquam
1020 1568 1131 1596 adduci
1151 1579 1328 1606 possumus,
1350 1574 1383 1596 ut
1405 1569 1606 1608 scripturam,
1635 1581 1723 1609 quam
1744 1582 1848 1600 omncs
1869 1573 2002 1600 familiae

126 1613 275 1642 secundae
296 1619 326 1641 et
344 1614 453 1642 tertiae
474 1615 595 1642 codices
615 1615 780 1653 praebent,
809 1614 848 1640 ob
870 1624 934 1642 eam
955 1616 1052 1654 ipsam
1074 1626 1208 1644 caussam
1229 1616 1392 1653 genuinam
1415 1618 1572 1646 credamus
1594 1629 1668 1647 esse.
1710 1621 1898 1658 Quamquam
1929 1621 2001 1649 illut

125 1662 228 1699 negari
250 1661 375 1689 omnino
395 1663 517 1700 nequit,
539 1674 587 1691 eas
608 1663 792 1702 seriphum,
820 1661 852 1689 in
873 1673 945 1700 quas
976 1663 1110 1691 familiae
1138 1664 1290 1691 secundae
1317 1669 1347 1692 et
1376 1665 1486 1693 tertiae
1515 1666 1636 1695 codices
1665 1678 1768 1695 omnes
1796 1669 2000 1704 consentiant,

124 1720 295 1738 maxumam
314 1714 432 1748 partem
453 1710 603 1738 eiusmodi
623 1720 705 1746 esse,
735 1720 810 1748 quae
831 1711 906 1748 quin
925 1722 942 1738 a
963 1711 1071 1740 Tullio
1093 1712 1160 1750 ipso
1181 1711 1339 1749 profectae
1360 1712 1422 1740 sint
1443 1713 1578 1742 dubitari
1599 1725 1662 1743 non
1682 1716 1790 1754 possit.

1019 1828 1046 1869 ς.
1073 1834 1100 1861 ε.

198 1902 296 1929 Porro
317 1911 366 1928 eas
387 1911 508 1939 quoque
528 1900 710 1938 scripturas,
744 1911 816 1939 quas
837 1903 861 1930 B
882 1908 913 1931 et
932 1903 959 1930 E
981 1912 1050 1930 cum
1070 1902 1222 1940 plurumis
1250 1909 1302 1932 aut
1322 1904 1428 1932 multis
1449 1910 1532 1932 certe
1553 1905 1686 1934 familiae
1706 1906 1816 1934 tertiae
1837 1906 1996 1934 codicibus

124 1949 273 1985 habeant,
299 1949 364 1976 sere
385 1958 505 1986 semper
525 1949 558 1976 111
579 1948 684 1976 codice
705 1949 760 1976 illo
780 1950 923 1988 principe
944 1951 1100 1986 extitisse,
1131 1951 1263 1989 ideoque
1290 1953 1417 1987 alteras,
1451 1963 1526 1990 quae
1547 1953 1578 1979 in
1599 1953 1703 1991 paucis
1725 1953 1889 1983 deterioris
1909 1954 1995 1982 illius

125 1996 256 2025 familiae
276 1996 364 2024 libris
385 1996 597 2024 tmitummodo
618 2001 706 2031 sunt,
741 2001 793 2024 aut
813 2007 851 2025 ex
872 1999 1066 2026 correctione
1087 2005 1139 2027 aut
1161 2010 1199 2027 ex
1221 2000 1413 2037 neglegentia
1432 2001 1539 2029 librari
1562 2006 1643 2028 ortas
1665 2010 1744 2036 esse,
1778 2001 1845 2030 iure
1865 2002 1995 2030 merito·-

125 2055 183 2083 que
203 2044 294 2073 statui
314 2049 426 2082 potest.
467 2044 665 2072 Contrarium
686 2044 767 2071 enim
788 2044 813 2071 si
833 2055 941 2074 uerum
961 2051 1148 2084 putaremus,
1171 2047 1417 2075 existumandum
1441 2052 1534 2083 esset,
1556 2053 1586 2076 et
1606 2049 1642 2076 ab
1664 2058 1700 2076 eo
1723 2049 1862 2085 librario,
1883 2049 1935 2088 qui
1955 2059 1994 2077 ex

124 2092 229 2120 codice
248 2091 389 2130 principe
410 2091 481 2119 illut
502 2091 664 2129 descripsit
685 2091 860 2130 exemplar,
889 2103 927 2120 ex
948 2105 1007 2131 quo
1028 2095 1053 2123 B
1075 2100 1106 2123 et
1125 2095 1151 2122 E
1172 2100 1243 2122 suut
1265 2095 1341 2130 orti,
1372 2100 1401 2122 et
1424 2096 1460 2122 ab
1482 2095 1519 2123 iis
1541 2096 1700 2132 omnibus,
1729 2097 1780 2134 qui
1802 2097 1898 2125 libros
1919 2106 1993 2125 exa-

124 2145 244 2175 rarunt,
265 2140 297 2167 111
318 2139 426 2177 quibus
448 2138 552 2167 eadem
573 2143 662 2176 atque
684 2138 716 2165 111
737 2139 761 2166 Β
783 2144 812 2166 et
832 2139 858 2165 E
879 2140 1032 2178 scriptura
1052 2147 1152 2177 extat,
1173 2143 1303 2171 fortuito
1325 2153 1475 2171 consensu
1495 2144 1605 2179 uerba,
1627 2155 1704 2183 quae
1725 2145 1757 2172 in
1778 2145 1883 2173 codiee
1902 2144 1992 2183 prin-

128 2188 194 2226 cipe
213 2188 327 2226 scripta
347 2192 450 2223 erant,
470 2187 503 2215 111
523 2186 653 2215 eundem
674 2185 797 2214 modum
820 2192 994 2217 conmutata
1014 2199 1087 2217 esse.
1130 2190 1222 2226 Quod
1243 2200 1310 2218 cnm
1330 2200 1455 2228 prorsus
1476 2191 1515 2218 sit
1535 2191 1750 2229 inprobabile,
1771 2192 1851 2220 nihil
1873 2192 1990 2226 dubito,

127 2235 199 2272 quin
219 2235 377 2263 mendosas
399 2244 519 2272 quoque
539 2234 724 2272 scripturas,
752 2244 824 2271 quas
845 2234 963 2272 aliquot
983 2236 1016 2264 in
1036 2237 1112 2265 locis
1133 2238 1157 2265 B
1180 2242 1211 2265 ct
1231 2238 1257 2264 E
1288 2247 1356 2265 cum
1375 2237 1525 2276 plurumis
1545 2239 1680 2268 familiae
1700 2240 1810 2268 tertiae
1831 2239 1989 2267 codicibus

128 2280 255 2317 habent,
274 2282 339 2310 fere
358 2281 473 2319 ubique
494 2292 532 2310 ex
553 2282 658 2310 codice
678 2281 821 2320 principe
840 2288 1036 2321 propagatas,
1066 2294 1230 2321 uerasque,
1261 2295 1333 2322 quas
1353 2285 1442 2323 pauci
1462 2286 1596 2315 familiae
1616 2287 1704 2316 istius
1725 2287 1846 2315 codices
1866 2286 1988 2321 habent,

128 2339 145 2356 a
164 2335 336 2357 correctore
355 2330 509 2368 profectas
540 2340 604 2358 csse
635 2330 826 2358 contendam.
866 2331 1055 2359 Paucissumi
1076 2337 1194 2359 tantum
1215 2332 1276 2360 loci
1298 2338 1384 2367 sunt,
1420 2333 1453 2360 in
1474 2334 1584 2371 quibus
1606 2345 1674 2363 cum
1694 2344 1834 2363 maxume
1853 2333 1986 2373 procliui

128 2386 233 2404 errore
252 2386 325 2404 uera
344 2377 495 2415 scriptura
515 2388 532 2405 a
551 2377 693 2416 pluribus
713 2378 804 2406 simul
824 2378 959 2407 librariis
979 2379 1013 2406 in
1034 2380 1164 2407 eundem
1184 2380 1308 2408 modum
1328 2380 1490 2418 deprauari
1510 2387 1632 2419 posset,
1653 2383 1794 2420 equidem
1813 2393 1876 2410 11011
1895 2391 1985 2411 recu-

128 2432 207 2460 sem,
235 2423 308 2462 quin
327 2425 456 2462 genuina
476 2425 629 2463 scriptura
649 2435 688 2454 ex
708 2425 814 2454 codice
834 2426 977 2465 principe
997 2426 1178 2466 deprompta
1198 2432 1228 2456 et
1247 2437 1302 2466 per
1332 2438 1445 2467 paucos
1464 2434 1583 2459 tantum
1602 2430 1746 2459 librarios
1772 2434 1891 2459 seruata
1917 2428 1986 2457 exi-
