2264 2746
269 68 374 107 XX'X
932 70 1460 103 PROLEGOMENA.

272 164 309 182 ex
325 153 386 181 alio
400 153 486 181 sonte
502 152 634 180 familiae
650 151 758 180 tertiae
778 149 896 177 codices
913 159 999 186 quam
1016 149 1039 176 E
1058 153 1087 175 et
1102 148 1128 176 E
1148 154 1231 176 ortos
1248 159 1312 177 esse
1328 149 1530 186 docuerimus,
1549 151 1588 186 ei,
1609 151 1660 189 qui
1676 152 1771 179 uerba
1786 152 1838 179 illa
1857 153 1987 189 genuina
2002 159 2135 192 putaret,

272 201 431 239 plurumos
458 200 600 227 librarios
627 199 817 227 statuendum
848 202 925 223 esset
946 196 1075 224 fortuito
1097 206 1246 224 consensu
1275 197 1377 225 eadem
1404 199 1499 226 uerba
1526 199 1680 234 mnis-isse,
1712 210 1786 237 quae
1814 200 1865 237 qui
1895 200 2005 228 factum
2034 201 2075 229 sit
2100 206 2135 229 ut

273 249 505 283 omitterentur,
535 248 616 275 nulla
643 246 811 284 probabilis
837 245 923 272 reddi
951 244 1030 272 ratio
1059 248 1171 281 potest.
1218 243 1309 279 Quod
1336 255 1402 273 cum
1431 247 1598 274 uerendum
1620 257 1680 274 non
1701 247 1756 282 sit,
1792 253 1825 275 ut
1848 248 2004 285 quisquam
2024 254 2135 278 statuat

271 295 362 323 homo
383 306 487 329 sanus,
508 295 603 321 solum
626 294 715 321 istum
736 294 948 331 plurnmornm
971 293 1110 320 codicum
1131 302 1311 320 consensum
1332 299 1459 331 apparet
1484 300 1599 322 certum
1617 295 1764 332 praebere
1781 295 2031 333 interpolationis
2052 297 2134 325 indi-

272 343 362 378 cium,
384 342 499 370 etiamsi
522 342 581 368 loci
603 341 753 368 sententia
773 351 834 368 non
857 351 890 368 ea
911 341 958 368 sit.
981 350 1054 377 quae
1076 340 1187 367 additis
1208 341 1312 368 uerbis
1333 341 1395 368 illis
1416 352 1541 379 prorsus
1563 348 1785 380 corrumpatur.
1820 344 1925 381 Itaque
1948 344 2025 372 nihil
2047 345 2135 383 equi-

272 390 339 417 dem
360 389 495 417 dubitaui
517 389 647 426 primum
669 388 701 415 in
721 388 769 416 his
790 388 866 416 locis
886 388 1129 416 adsentientibus
1151 387 1320 415 Garatonio
1342 393 1372 416 et
1393 388 1514 416 Orc-llio
1535 399 1569 417 ea
1589 390 1746 428 expellere
1767 391 1877 427 uerba,
1899 402 1974 429 quae
1994 392 2135 430 plerique

272 438 344 466 libri
367 448 433 465 cum
455 438 478 463 B
499 441 529 462 et
549 435 574 462 E
597 436 756 463 omittunt:

346 501 378 529 C.
401 500 438 526 V.
458 497 484 537 §.
509 499 549 526 13.
588 498 666 526 mila·
685 500 783 535 paulo
810 505 904 527 ante
932 499 1113 536 diligentins
1140 500 1335 536 szzppli‹·a›·e;
1368 508 1436 527 cum
1456 500 1482 527 B
1502 504 1533 527 et
1552 500 1595 536 E,
1621 501 1787 540 multisque
1814 503 1883 531 sam.
1913 504 2022 531 tertiae
2048 502 2134 531 codd.

271 554 357 580 ante,
378 546 456 584 quod
478 546 538 573 loci
559 547 740 574 sententiam
763 547 891 581 euertit,
911 545 1009 573 omisi.

346 596 378 623 C.
398 594 506 621 XXII.
526 592 552 632 §.
574 595 618 622 54.
657 594 720 623 Sezl
737 600 837 621 lamen
860 601 892 621 ln
914 604 954 621 (m
975 594 1130 628 Plotium,
1156 596 1260 622 uirum
1281 597 1538 628 ornczlz'sszcnzum,
1569 597 1602 623 in
1622 597 1702 623 idem
1722 599 1836 625 crimen
1856 598 2031 626 noc-andam
2051 598 2136 626 incli-

271 642 347 671 (τῖε.)
366 652 412 669 an
435 641 555 675 ‹lici-9,
577 652 642 669 eum
664 648 693 669 te
713 644 900 678 arripuisse,
935 652 953 668 (ι
974 652 1032 678 quo
1052 652 1110 669 non
1132 644 1175 670 sis
1195 643 1350 679 regulus?

345 689 394 716 Sic
415 693 484 716 ante
506 688 706 717 Garatonium
728 689 778 717 1110
798 690 884 717 locus
904 689 1105 717 scribebatur.
1144 690 1235 717 sidit
1262 696 1363 718 autem
1384 690 1436 717 ille
1457 690 1590 728 primus,
1626 691 1721 719 uerba
1741 702 1783 719 aa
1803 692 1896 725 ‹liz-is,
1926 705 2002 733 qnae
2023 704 2090 722 011111
2110 694 2135 721 Β

269 742 300 765 et
319 737 344 764 E
367 746 471 764 omnes
491 736 555 763 fere
576 737 644 764 sam.
665 737 774 764 tertiae
795 736 915 764 codices
936 738 1098 773 omittunt,
1134 743 1295 777 postquam
1323 739 1477 772 nor-ando,
1512 739 1593 776 quod
1619 739 1795 777 postulante
1823 742 1974 769 sententia
2003 752 2041 769 ex
2059 742 2084 769 B
2106 746 2136 768 et

268 785 294 812 Ε
314 783 539 812 restituendum
561 789 641 819 erat,
661 784 693 811 in
714 785 888 812 novandum
907 789 1055 813 mutatum
1077 792 1169 822 essct,
1191 787 1226 814 ab
1248 787 1417 825 interprete
1438 786 1514 814 male
1535 786 1640 814 sedulo
1662 787 1763 814 addita
1784 797 1856 814 esse.
1894 788 2135 817 Adnotationem

269 831 334 859 eius
355 831 387 859 in
408 832 627 859 commentario
649 842 716 860 011111
736 832 905 859 lectoribus
926 834 1219 862 eonmuuicauimus.

343 879 376 907 C.
397 879 561 907 XXXIX.
581 878 608 918 §.
629 880 673 917 94.
713 880 911 916 obtemperem
931 887 959 909 et
974 883 1131 918 paream?
1150 885 1286 922 ivoque
1307 886 1408 912 emim
1439 884 1725 910 inconstanlis
1748 889 1864 920 puto,
1891 886 2140 912 sententiam

268 933 470 964 tamqnam
502 928 677 966 aliquod
705 929 919 965 nauigium
951 936 1074 968 atque
1104 942 1264 960 cursum
1298 943 1340 960 ex
1375 933 1496 967 reip.
1535 935 1779 966 tempestate
1813 931 2026 961 moderari.
2071 933 2139 971 Ego

268 985 340 1004 uero
361 980 418 1003 etc.

341 1023 404 1051 Hic
425 1033 545 1061 qnoque
564 1023 682 1062 primus
704 1025 889 1053 Garatonius
910 1025 1004 1054 sensit
1024 1031 1122 1054 totum
1143 1028 1313 1055 membrum
1333 1026 1442 1064 Jquzce
1462 1025 1542 1053 enim
1561 1040 1599 1046 —-
1618 1025 1786 1061 moderari,
1816 1027 1897 1064 quod
1924 1037 1993 1056 cum
2013 1028 2037 1055 B
2059 1033 2090 1056 et
2108 1028 2135 1056 E

267 1070 403 1109 plurumi
423 1071 492 1099 fam.
514 1077 534 1099 t.
557 1072 676 1100 codices
696 1084 758 1101 non
779 1074 981 1111 adgnoscunt,
1012 1074 1227 1113 depromptum
1249 1086 1287 1103 ex
1307 1080 1382 1103 orat.
1404 1074 1489 1102 Ball).
1511 1082 1536 1100 0.
1556 1082 1601 1106 27.
1622 1073 1657 1100 ab
1679 1073 1850 1112 interprete
1870 1075 2001 1113 margini
2020 1075 2136 1105 adseri*

267 1123 353 1157 111-11111
374 1124 404 1146 et
424 1120 459 1147 ab
482 1119 707 1148 indoctioribus
727 1121 862 1149 librariis
883 1121 913 1149 in
934 1126 1053 1150 textum
1073 1127 1233 1160 receptum
1254 1133 1328 1150 esse.

342 1167 457 1195 Eadem
478 1167 514 1194 de
535 1178 637 1195 caussa
657 1169 824 1207 eodemque
846 1169 912 1197 iure
934 1169 967 1197 C.
989 1170 1044 1197 VI.
1065 1168 1091 1208 §.
1114 1171 1156 1198 15.
1177 1173 1209 1198 ιή
1232 1169 1421 1209 praepositio
1443 1174 1513 1197 ante
1534 1174 1621 1196 tanto
1641 1180 1695 1197 nos
1715 1171 1822 1207 inpetu
1841 1170 2015 1199 studiorum
2035 1171 2137 1203 omitti

268 1213 413 1251 debebat,
434 1215 466 1242 id
486 1215 568 1253 quod
588 1225 642 1253 ego
662 1217 779 1254 primus
801 1226 839 1244 cx
860 1217 1026 1245 eorundem
1047 1217 1188 1246 codicum
1210 1218 1392 1247 auctoritate
1413 1217 1483 1245 soci.

341 1272 444 1311 Atque
465 1274 568 1302 eadem
591 1285 692 1303 caussa
713 1275 923 1313 inpedimento
944 1275 1021 1310 fuit,
1056 1277 1218 1313 quominus
1246 1277 1342 1305 uerba
1367 1276 1527 1314 quaedam,
1558 1285 1633 1313 quae
1659 1275 1692 1303 111
1712 1286 1775 1304 11110
1796 1276 1934 1305 alteroue
1955 1276 2061 1304 codice
2081 1287 2136 1314 ego

267 1319 384 1357 primns
405 1321 508 1350 addita
527 1323 612 1358 uidi,
639 1323 714 1351 licet
734 1333 788 1360 per
809 1333 840 1350 se
861 1328 996 1360 spectata
1016 1334 1031 1351 a
1051 1323 1113 1351 loci
1133 1325 1286 1352 sententia
1306 1336 1369 1353 11011
1390 1330 1491 1352 essent
1511 1323 1626 1358 aliena,
1654 1323 1795 1361 recipere
1815 1325 1966 1352 auderem.
2007 1323 2055 1352 Ita
2073 1334 2136 1353 non

267 1377 334 1395 sum
354 1368 517 1398 obsecutus
539 1371 597 1398 soli
617 1370 826 1398 Laurentiano
847 1371 1002 1406 secundo,
1024 1371 1075 1408 qui
1097 1371 1130 1399 C.
1153 1371 1211 1399 IX.
1231 1370 1258 1410 ᾗ.
1279 1382 1322 1400 22.
1362 1383 1419 1410 pro
1440 1373 1592 1409 legatione
1612 1373 1800 1404 testimonio,
1828 1382 1903 1410 quae
1922 1373 2136 1409 plurumorum

268 1415 419 1445 librorum
439 1418 638 1456 scriptumst,
658 1420 810 1456 legatione
831 1421 1077 1456 testimonioque,
1098 1424 1128 1446 et
1149 1420 1182 1448 C.
1203 1420 1291 1448 VIII.
1312 1418 1339 1459 ᾗ.
1359 1429 1403 1448 20.
1424 1430 1480 1458 pro
1502 1420 1580 1457 quid
1597 1430 1651 1457 ego
1672 1420 1708 1448 cle
1727 1430 1789 1454 me,
1824 1421 1860 1447 cle
1879 1420 1988 1457 sralre
2007 1431 2071 1449 meo
2090 1422 2136 1449 lo-

269 1464 374 1501 quar?
393 1475 469 1502 quae
489 1467 680 1504 reliquorum
702 1468 838 1495 omnium
860 1467 1058 1504 scripturast,
1079 1468 1157 1504 qnid
1175 1478 1227 1505 ego
1248 1468 1284 1496 de
1303 1479 1365 1504 me,
1386 1467 1485 1505 qaid
1503 1468 1538 1496 cle
1559 1468 1669 1505 fratre
1688 1477 1752 1495 meo
1771 1467 1920 1504 [σφω’-,9,
1941 1468 2138 1505 quemadmo-

269 1510 341 1540 dum
362 1512 497 1542 Graeuio
518 1514 593 1542 olim
613 1525 651 1542 ex
672 1515 849 1542 coniectura
876 1514 1073 1542 scribendum
1100 1514 1280 1550 uidebatur,
1315 1515 1433 1543 scribit.
1472 1515 1597 1544 Etenim
1625 1525 1751 1554 prorsus
1778 1514 2008 1550 incredibilest,
2043 1516 2139 1545 uerba

268 1559 337 1596 illa,
365 1560 390 1588 si
411 1561 442 1588 in
465 1561 570 1589 codice
590 1562 731 1600 principe
752 1563 883 1590 fuissent
902 1562 1032 1600 scripta,
1070 1567 1099 1589 et
1119 1562 1155 1589 ab
1177 1572 1212 1589 eo
1235 1562 1378 1597 librario,
1409 1562 1460 1599 qui
1482 1562 1646 1601 diligenter
1667 1563 1805 1591 codicem
1824 1563 1998 1600 principem
2019 1563 2139 1592 descri-

270 1607 344 1644 psit,
366 1613 397 1636 et
416 1619 432 1636 a
451 1613 498 1636 tot
517 1609 651 1637 familiae
672 1610 781 1638 tertiae
802 1610 941 1638 codicum
963 1609 1099 1637 librariis
1129 1609 1238 1637 omissa
1257 1610 1333 1638 fore.
1373 1610 1563 1647 Accedebat,
1598 1611 1680 1650 quod
1699 1611 1943 1638 Laurentiannm
1970 1611 2136 1639 secundum

271 1665 358 1693 saepe
383 1667 506 1684 manum
533 1656 810 1695 interpolatricem,
843 1668 898 1685 nec
928 1668 992 1685 eam
1012 1657 1102 1695 plane
1128 1657 1281 1687 indoctam
1309 1664 1473 1698 expertum
1493 1659 1624 1687 sciebam
1646 1668 1720 1686 esse.
1758 1658 1911 1696 Exempla
1937 1658 2008 1686 uide
2028 1659 2060 1686 in
2081 1659 2137 1687 de-

273 1702 441 1740 scriptione
462 1704 552 1732 istius
573 1705 638 1732 cod.
660 1705 731 1733 Lib.
754 1706 775 1733 Ι.
798 1716 822 1733 0.
844 1706 866 1733 I.
887 1703 914 1744 §.
935 1706 959 1734 3.

347 1759 430 1789 Idem
449 1762 532 1789 ualet
553 1762 589 1790 de
609 1763 740 1791 Francio
760 1764 861 1802 primo
874 1786 880 1798 ,
910 1773 949 1791 ex
970 1774 1029 1802 quo
1050 1768 1166 1792 temere
1187 1763 1366 1792 Schutzium
1387 1764 1420 1793 C.
1442 1764 1484 1792 X.
1513 1761 1540 1802 §.
1560 1763 1605 1792 26.
1635 1763 1810 1801 confec-mm
1835 1768 1906 1801 post
1921 1763 2136 1803 fluctibusque

274 1807 442 1845 recepisse,
463 1810 562 1846 quiuis
582 1810 643 1838 iam
662 1817 772 1849 sponte
793 1812 956 1850 intellegit.

1165 1900 1192 1941 §.
1213 1907 1238 1932 2.

351 1955 457 1993 Longe
477 1957 535 1985 alia
556 1968 660 1987 eorum
679 1961 818 1988 locorum
845 1961 970 1996 ratiost,
1004 1961 1037 1988 111
1058 1960 1168 1998 quibus
1188 1971 1283 1988 unum
1309 1963 1361 1987 ant
1380 1959 1469 1997 plura
1488 1960 1581 1988 uerba
1601 1959 1734 1998 procliui
1756 1968 1860 1986 errore
1881 1968 1897 1985 a
1916 1958 2020 1986 multis
2040 1959 2135 1988 libra-

275 2002 332 2031 riis
354 2004 581 2032 consentienter
602 2007 700 2034 omitti
720 2008 858 2045 potuisse
886 2008 1101 2045 intellegimus.
1142 2007 1304 2035 Eiusmodi
1330 2007 1425 2034 uerba
1453 2017 1521 2035 cum
1542 2018 1558 2034 a
1577 2008 1601 2035 B
1622 2012 1652 2035 et
1671 2007 1696 2034 E
1718 2006 1932 2034 accedentibus
1959 2007 2010 2034 1101
2030 2009 2135 2037 multis

275 2050 328 2079 uel
347 2051 451 2088 paucis
471 2052 603 2080 familiae
624 2055 731 2082 tertiae
753 2055 910 2083 codicibus
938 2055 1048 2084 omissa
1074 2055 1230 2091 uidemus,
1264 2055 1324 2083 nisi
1353 2055 1504 2083 sententia
1532 2055 1593 2082 loci
1621 2054 1723 2092 spuria
1751 2054 1859 2081 clamet
1885 2063 1966 2088 esse,
2000 2055 2136 2084 minume

278 2098 390 2126 debent
410 2099 446 2125 ab
474 2099 643 2137 interprete
669 2102 807 2138 profecta
834 2103 1020 2131 existumari.
1060 2103 1166 2141 Itaque
1194 2103 1261 2131 iure
1281 2102 1453 2140 meritoque
1481 2107 1586 2130 contra
1605 2102 1630 2129 B
1659 2107 1690 2129 et
1709 2101 1735 2129 E
1765 2101 2039 2139 plurumorumque
2065 2103 2134 2131 fam.

277 2145 386 2174 tertiae
413 2146 553 2174 codicum
580 2148 790 2177 auctoritatem
816 2150 848 2178 in
876 2156 1020 2189 quattuor
1046 2150 1096 2179 his
1121 2151 1199 2179 locis
1225 2151 1488 2190 paucissumorum
1517 2149 1669 2178 librorum
1704 2148 1885 2186 scripturam
1918 2159 1934 2176 a
1966 2159 2014 2177 me
2046 2160 2135 2179 rece—

276 2197 359 2231 ptam
379 2193 479 2221 credo.

352 2240 386 2269 C.
408 2240 501 2268 XXI.
521 2238 548 2278 §
569 2241 613 2268 52.
652 2242 734 2271 nihil
752 2250 795 2271 est
815 2247 912 2280 enim,
932 2247 1010 2274 mihi
1029 2247 1131 2279 erede,
1150 2247 1346 2279 Laterensis,
1373 2246 1409 2274 de
1429 2251 1458 2272 ie
1476 2244 1666 2274 detractam:
1695 2244 1930 2272 detractum
1956 2245 2050 2273 dico?
2078 2251 2135 2275 etc.

352 2287 423 2324 Quo
444 2287 476 2315 in
496 2288 564 2316 loco
586 2299 654 2316 cum
673 2289 698 2316 B
720 2295 749 2317 et
769 2291 794 2317 E
817 2302 919 2320 omncs
939 2294 1004 2321 fere
1024 2294 1093 2322 fam.
1114 2294 1222 2322 tertiae
1243 2293 1364 2322 codices
1383 2293 1476 2321 semel
1496 2297 1614 2320 tantum
1633 2290 1763 2319 uerbum
1783 2290 1955 2318 detractum
1975 2291 2097 2322 habent.

353 2335 387 2364 C.
406 2335 534 2364 XXIII.
552 2334 579 2374 §.
599 2337 644 2371 57.
684 2343 718 2364 ut
738 2348 785 2365 au
797 2344 808 2365 t
829 2341 999 2377 neglegatis
1019 2349 1073 2370 ant
1094 2342 1300 2370 dissimuletis.

352 2383 438 2412 Idem
455 2384 521 2412 fere
541 2383 615 2411 libri
634 2383 685 2412 hic
711 2391 767 2413 aut
794 2390 863 2413 ante
891 2389 1064 2425 neglegatis
1089 2389 1252 2426 omitttuit,
1288 2387 1370 2428 quod
1395 2386 1648 2427 quemadmodum
1675 2396 1730 2415 cur
1758 2385 1900 2414 excidere
1918 2387 2074 2426 potuerit,
2101 2387 2133 2416 in
