2264 2746
783 132 807 160 c
828 131 854 159 A
877 133 917 160 P.
956 131 1084 159 xxxi.
1109 129 1136 169 §.
1158 136 1203 162 τῦ.
1223 135 1268 161 το.
1911 135 1963 162 191

86 206 215 239 etiamsi
237 208 325 239 mihi
346 205 613 245 correxeriinus3
637 217 705 237 non
728 206 855 249 patitur
879 219 988 249 quem.
1012 206 1236 237 Eiixias'ru's.
1283 204 1391 236 Miror
1411 214 1608 246 pei-uersum
1636 202 1770 233 Ernesti
1794 203 1963 235 iudicium.

86 260 122 291 Si
144 271 207 302 pro
231 261 263 291 ei
286 261 404 292 Cicero
427 258 594 302 posuisset
618 260 723 297 mihi,
761 264 878 289 contra
900 259 988 299 leges
1011 258 1246 300 grammaticae
1268 262 1451 301 peccasset,
1483 255 1511 287 si
1535 255 1747 287 contenderit
1768 256 1964 298 scripsisset.

87 314 158 344 lam
180 324 257 349 cum
280 313 513 345 ctuttenderim
544 312 579 342 in
608 311 763 343 omnibus
793 310 865 342 sere
888 311 1054 342 codicibus
1085 311 1249 353 scriptum
1279 316 1385 347 extet,
1427 320 1466 340 eo
1496 308 1608 339 minus
1638 307 1679 338 de
1701 308 1844 339 ueritate
1867 309 1965 339 huius

85 366 268 409 scripturae
291 366 443 396 dubitare
468 365 564 404 licet,
590 377 656 407 quo
679 364 801 395 certius
825 370 890 404 est,
922 376 1110 406 pronomen
1134 365 1166 396 ei
1191 363 1415 395 usitatissumo
1438 373 1534 392 more
1557 372 1619 402 pro
1645 361 1732 392 milti
1754 362 1819 394 tali
1841 361 1967 391 dictum

86 430 166 450 esse.
213 418 284 450 Cfr.
308 418 343 448 in
366 419 407 449 L.
430 417 542 448 Pison.
568 420 606 450 C.
631 418 676 450 V.
701 417 731 458 §.
760 429 806 448 ιι.
831 418 923 449 Erat
945 430 1011 448 mm
1033 417 1142 448 solnm
1165 417 1285 448 domus
1308 428 1403 453 mea,
1434 421 1484 446 set
1506 420 1616 445 totum
1634 415 1812 458 palatium
1835 420 1968 450 senatu,

84 471 256 515 equitibus
280 472 343 509 R„
366 471 511 502 ciuitate
533 471 643 509 omni,
673 471 783 502 Italia
807 476 931 502 cuncta
953 470 1140 513 refertum,
1171 481 1272 513 quom.
1294 474 1332 500 tu
1354 480 1421 499 ηωι
1443 469 1542 499 modo
1564 469 1611 499 ml
1633 480 1709 499 enm
1735 468 1782 510 (se
1806 466 1887 497 dicit
1910 466 1968 497 Ci-

84 527 202 562 ce1·0):
237 525 336 555 mitto
360 524 449 555 enim
474 524 679 562 domestica,
707 536 793 567 quae
816 524 941 566 negari
961 528 1124 566 possunt,
1155 522 1238 553 haec
1263 532 1491 558 commemoro,
1524 533 1611 563 quac
1633 527 1714 552 sunt
1732 520 1873 563 palam.-
1901 531 1968 550 ηωι

83 576 200 613 modo,
231 576 393 618 iuquam,
422 577 470 608 (ul
493 588 588 614 eum,
627 577 684 608 rui
701 578 855 620 pritnam
878 576 1026 608 comitiis
1051 576 1121 607 tuis
1144 575 1287 606 dederas
1312 574 1466 605 tabulam
1482 574 1775 616 praerogatiuae,
1813 584 1911 616 quem
1933 573 1969 603 ilc

84 634 206 660 senam
230 629 435 660 sententiam
458 628 605 671 rogabas
629 630 789 665 tertium„
828 641 1015 672 numquam
1038 627 1247 670 adspirasti,
1285 632 1333 657 set
1358 625 1513 657 omnibus
1537 626 1712 663 cous-illis,
1744 638 1831 668 quae
1853 626 1899 656 (ul
1918 638 1970 656 me

85 681 348 725 opprimendum
366 680 606 724 parabantur,
642 694 708 714 nott
732 681 929 725 interfidstl
951 681 1078 720 solum,
1119 692 1240 711 [cerum.
1263 680 1368 711 etiam
1390 679 1637 710 crudelis-sume
1656 677 1860 720 praeficis-ti.
1905 680 1971 709 Ce-

86 740 197 764 terum
224 734 256 765 el
274 733 438 765 maiorem
462 739 554 775 patet
577 732 724 764 orationi
746 734 818 764 uim
833 725 961 765 ¹addere
985 745 1084 775 quam
1108 733 1134 763 si
1158 733 1245 764 milii
1267 743 1458 774 pronomen
1481 730 1629 773 positum
1653 736 1748 761 esset.

167 786 265 818 Nam
288 786 391 817 istius
415 785 531 824 uerbi,
555 798 798 829 quousque,
820 787 902 818 haee
919 793 1060 830 poterat
1083 798 1153 818 esse
1176 785 1336 816 imziclia:
1359 785 1462 816 (latus
1486 790 1536 815 est
1559 782 1623 814 tibi
1645 782 1718 825 ille)
1741 804 1771 813 ..
1786 805 1793 813 .
1808 805 1816 813 .
1847 783 1971 815 Unde

86 848 165 879 quo
196 838 338 872 minus
378 838 593 882 inpudens
628 838 853 869 uideretur
890 838 988 869 haec
1023 837 1349 879 compensatiua
1385 835 1601 874 defensio,
1641 835 1819 865 dicente
1846 836 1972 866 Late-

85 902 229 930 rense,
264 903 485 933 quousque
516 890 581 922 uis
604 896 802 922 seruatos
832 902 925 921 esse
950 902 1051 932 quos
1074 890 1245 931 diligis?
1272 896 1310 920 et
1340 901 1414 932 pro
1441 888 1588 930 Cispio
1612 898 1777 918 causam
1800 889 1972 920 dicente

87 943 150 974 sic
180 945 368 986 rogasti,
404 951 443 975 et
465 943 670 987 precibus
703 944 789 975 tuis
817 943 1022 974 ambitum
1052 954 1190 985 paene
1218 942 1412 974 mouisti:
1443 941 1650 984 opposuit
1679 940 1972 972 acutissimam

85 996 434 1039 responsionem,
457 996 611 1028 merito
635 996 737 1028 haec
759 997 806 1027 ab
830 1008 876 1028 eo
901 995 983 1026 dici
1007 996 1218 1038 potuisse,
1241 995 1274 1025 si
1298 1007 1375 1037 pro
1400 995 1478 1025 illo
1503 994 1808 1036 inpetrasset1).
1842 993 1971 1025 Porro

85 1054 232 1080 autem
263 1061 460 1093 cumpro
493 1049 641 1092 Cispio
672 1060 757 1081 non
784 1048 1053 1087 obtinuerit,
1099 1048 1166 1079 uel
1198 1060 1271 1091 pro
1301 1048 1376 1079 hoc
1406 1047 1607 1090 optinere
1632 1046 1802 1084 debere,
1836 1046 1973 1088 quiet

86 1101 297 1134 innocens
338 1102 393 1133 sit
431 1108 469 1133 et
502 1102 549 1133 de
578 1102 734 1133 salutis
765 1113 861 1133 suae
898 1100 1240 1132 conseruatione
1272 1101 1375 1132 benc
1406 1099 1599 1130 meritus.
1645 1099 1971 1139 Animaduerte,

86 1165 167 1196 quo
201 1154 440 1186 modestiae
471 1159 808 1198 temperamento
839 1154 944 1185 haec
976 1161 1257 1194 exsequatur,
1301 1162 1343 1186 ut
1374 1153 1491 1184 nihil
1522 1152 1827 1195 inpudentiae,
1862 1153 1974 1183 mul-

85 1213 171 1237 tum
196 1207 428 1249 religionis
451 1208 605 1240 habeat
633 1207 790 1239 oratio.
825 1207 987 1238 SCHOLIA
1010 1206 1271 1238 AMBROSIAYA.
1316 1206 1499 1248 Duplicem
1523 1206 1642 1237 Cicero
1665 1211 1782 1237 monet
1805 1204 1897 1236 istius
1921 1205 1975 1236 di-

85 1260 130 1291 cti
153 1271 287 1292 sensum
312 1272 382 1292 esse
402 1271 517 1303 posse3
556 1266 613 1292 aut
635 1260 744 1292 hunc:
783 1271 959 1302 quousque
982 1259 1032 1289 uis
1056 1265 1202 1289 seruatos
1227 1270 1309 1300 quos
1332 1259 1459 1300 diligis!
1505 1259 1686 1300 Postquam
1709 1264 1904 1289 consecutus
1928 1269 1972 1295 es,

84 1319 120 1344 ut
150 1313 210 1344 ille
239 1319 380 1356 propter
409 1324 524 1355 preces
556 1320 626 1345 tuas
655 1313 906 1352 absolueretur,
944 1311 1047 1343 finem
1071 1311 1138 1342 iam
1162 1310 1328 1341 eiusmodi
1355 1310 1407 1342 fac
1436 1311 1681 1342 defensionum.
1729 1310 1832 1351 Quod
1855 1311 1972 1342 Cicero

85 1371 202 1396 monet
225 1376 302 1396 cum
328 1366 457 1397 inuidia
480 1365 586 1396 uideri
608 1377 705 1408 posse
727 1377 746 1396 a
765 1366 947 1396 Laterense
974 1364 1103 1395 dictum
1126 1375 1215 1402 esse,
1248 1363 1305 1404 qui
1328 1375 1426 1405 aegre
1451 1362 1572 1404 ferret,
1607 1375 1700 1403 reos,
1735 1362 1791 1405 qui
1815 1373 1833 1393 a
1856 1373 1890 1392 se
1914 1362 1975 1392 de-

86 1417 326 1457 fenderentur,
362 1424 540 1460 propterea
570 1417 662 1459 quod
690 1417 795 1460 ipsius
826 1423 933 1448 essent
955 1417 1053 1448 amici
1077 1416 1118 1447 ab
1142 1415 1305 1446 iudicibus
1328 1416 1469 1449 absolui.
1514 1417 1588 1449 Aut
1610 1417 1720 1448 hunc:
1760 1414 1875 1446 desine
1896 1415 1974 1446 talia

86 1469 215 1509 dicere,
241 1470 299 1512 qui
322 1470 357 1501 in
381 1470 540 1512 Cispiano
563 1469 688 1500 iudicio
712 1470 939 1510 intellexeris,
963 1481 1079 1513 preces
1102 1476 1172 1500 tuas
1195 1468 1281 1499 nihil
1305 1476 1384 1511 aput
1407 1469 1532 1500 iudices
1555 1470 1689 1507 ualere,
1712 1479 1822 1510 neque
1846 1480 1920 1499 reos
1943 1475 1975 1500 te

86 1523 379 1555 conmemorandis
411 1523 551 1554 illorum
582 1533 659 1565 erga
688 1528 719 1553 te
746 1523 873 1554 meritis
905 1523 1086 1554 defendere
1118 1533 1227 1564 posse.
1271 1522 1386 1564 Atque
1417 1523 1497 1554 haec
1520 1534 1599 1553 sane
1620 1521 1808 1553 Laterensis
1837 1527 1975 1553 senten-

86 1575 132 1607 tia
155 1575 229 1607 suit.

175 1629 395 1661 Condonatus
418 1629 488 1669 ille)
531 1628 622 1660 Male
645 1628 727 1660 haec
749 1628 994 1661 Ambrosianus
1016 1628 1147 1660 omittit.

174 1683 223 1714 Ei
246 1682 396 1725 quidem)
442 1683 495 1713 Ne
520 1682 593 1724 quis
617 1682 814 1725 particulam
840 1681 1074 1712 disiunctiuam
1104 1681 1283 1712 desiderari
1307 1686 1419 1724 putet,
1454 1678 1709 1719 monendumst,
1743 1680 1879 1722 quidem
1901 1679 1974 1710 uim

90 1734 273 1778 particulae
302 1734 527 1766 aduersatiuae
557 1735 612 1766 hic
641 1735 782 1773 habere,
818 1734 919 1775 idque
941 1734 1060 1765 eodem
1086 1733 1159 1766 fieri
1181 1734 1271 1774 iure,
1307 1745 1374 1776 quo
1398 1745 1520 1765 uerum
1546 1739 1577 1764 et
1600 1745 1681 1765 uero
1701 1733 1882 1774 particulae
1906 1733 1975 1764 dis-

91 1788 267 1830 iungendis
298 1787 472 1818 sententiis
501 1787 698 1819 inseruiant.
741 1785 810 1819 Csr.
834 1786 998 1819 Matthiae
1028 1787 1069 1818 ad
1093 1799 1142 1818 or.
1170 1799 1232 1830 pro
1257 1787 1351 1818 Sext.
1374 1786 1497 1818 Roscio
1521 1786 1602 1819 Am.
1628 1786 1665 1817 C.
1688 1786 1758 1825 XI,
1783 1785 1834 1817 51.
1859 1792 1889 1816 et
1911 1797 1973 1828 pro

91 1841 227 1873 Muren.
252 1841 290 1871 C.
313 1841 358 1872 V.
384 1841 413 1881 ξ.
442 1851 507 1872 12..

176 1894 226 1926 Ei
249 1894 402 1936 quidem,
427 1895 486 1937 qui
503 1906 570 1937 pro
594 1907 661 1926 uno
684 1895 868 1933 laborarit,
892 1900 925 1926 et
948 1894 1062 1937 ipsum
1082 1892 1120 1923 id
1141 1904 1207 1923 non
1227 1891 1427 1935 obtinuerit)
1451 1891 1531 1923 Sine
1554 1902 1666 1922 caussa
1687 1891 1722 1922 in
1745 1890 1973 1921 conlocatione

90 1947 274 1978 uerborum
298 1947 412 1989 ipsum
434 1948 473 1979 id
492 1947 714 1987 Lainbinum,
738 1947 955 1985 Ernestiuni,
981 1945 1131 1987 aliosque
1156 1944 1350 1984 offendisse,
1381 1956 1424 1976 ex
1446 1944 1486 1976 iis
1509 1944 1734 1986 intellegitur,
1764 1954 1848 1985 quae
1873 1955 1972 1986 supra

93 2000 133 2030 ad
156 2000 193 2031 C.
218 2000 355 2031 XXlV.
379 2002 409 2040 §.
433 2000 484 2031 58.
508 2011 541 2042 p.
570 2001 625 2041 157
650 2012 698 2042 sq.
722 2000 928 2031 monuimus.

180 2051 393 2094 Constituar)
438 2054 468 2083 Is
493 2064 561 2084 esse
581 2054 688 2093 dicar,
721 2052 774 2083 cui
798 2052 884 2083 nihil
909 2051 1051 2082 debeant
1073 2051 1253 2082 concedere
1276 2049 1424 2094 precanti
1448 2049 1582 2080 iudices.

183 2105 213 2146 ᾗ.
238 2105 287 2146 76.
333 2106 390 2137 Sic
413 2107 503 2137 enim
525 2106 666 2137 dixisti.-
697 2106 774 2137 uidi
799 2116 861 2148 ego
885 2111 980 2136 tinam
1003 2103 1237 2146 lac-rimulam)
1281 2102 1532 2134 Laterensis
1556 2102 1601 2132 in
1623 2101 1818 2134 Tullium
1846 2102 1970 2133 dixe-

88 2164 163 2190 -rat
184 2158 382 2200 epilogos
410 2159 501 2189 eius
526 2159 736 2197 inridens,
771 2169 872 2200 quos
896 2169 987 2188 eum
1010 2163 1175 2189 constat
1202 2156 1381 2187 nimium
1410 2155 1585 2186 flebiles
1609 2162 1646 2187 et
1668 2154 1968 2187 miserationis

96 2212 245 2254 plenos
289 2210 336 2242 in
370 2211 546 2243 iudiciis
582 2223 747 2255 semper
784 2210 1003 2242 habuisse.
1047 2211 1100 2241 Et
1135 2209 1177 2240 in
1210 2215 1380 2240 oratore
1416 2220 1488 2240 suo
1517 2208 1689 2240 eandem
1726 2207 1968 2240 affectuum

97 2262 404 2296 mouendorum
434 2265 518 2296 sibi
549 2264 851 2308 praestantiam
882 2263 1137 2295 uindicauit.
1183 2263 1242 2294 Ac
1268 2273 1317 2292 ne
1339 2262 1443 2293 haec
1464 2261 1707 2293 laenocinia
1729 2261 1876 2305 potius
1900 2259 1972 2290 ad-

99 2316 255 2348 hibere
284 2315 490 2349 fallendis
520 2318 761 2357 iudicibus,
810 2328 932 2359 quam
968 2327 1073 2347 uere
1103 2314 1334 2346 secundum
1369 2314 1499 2345 animi
1536 2314 1602 2345 sui
1637 2320 1796 2346 motum
1830 2311 1972 2344 facere

179 2426 204 2464 1)
233 2426 277 2454 Ita
299 2426 350 2455 hic
372 2427 458 2456 locus
482 2428 655 2457 admirabili
678 2427 835 2457 Niebuhri
854 2427 1014 2465 sagacitate
1034 2426 1196 2455 restitutus
1216 2431 1270 2455 est.
1310 2425 1409 2454 Maius
1430 2425 1507 2453 mire
1531 2434 1600 2453 eum
1620 2428 1808 2463 corruperat.
