2264 2746
616 81 640 110 c
660 79 689 109 A
709 80 749 110 P.
787 79 935 109 xxxv.
961 76 990 119 §.
1017 83 1062 112 87.
1083 94 1119 102 -
1139 79 1301 110 xxxvl.
1329 77 1356 118 §.
1383 82 1428 111 ss.
1903 84 1956 111 221

82 167 171 194 sem,
194 168 270 187 eum.
292 154 488 187 consulibus
511 157 699 200 ceterisque
729 156 803 188 eins
832 156 1003 188 ultoribus
1035 157 1247 188 dimit-arem.
1290 155 1336 186 Et
1357 166 1418 197 pro
1451 153 1550 186 domo
1573 153 1611 185 C.
1636 153 1828 186 XXXIV:
1870 155 1957 185 milti

82 214 145 240 emt
168 214 200 240 te
222 208 404 251 interfecto
430 221 507 240 eum
529 207 746 248 consulibus,
783 215 845 241 aut
871 215 903 241 te
926 210 1009 241 uiuo
1033 215 1067 241 et
1091 215 1202 241 tet-um
1222 214 1254 240 et
1278 220 1355 240 cum
1377 207 1450 239 illis
1475 207 1583 239 armis
1607 206 1851 238 (lecet-tandum
1870 205 1957 248 fnit.

82 261 239 292 Placetne
261 260 365 303 igitur
388 262 451 292 hoc
475 261 521 292 ita
545 259 708 302 exprimi,
748 262 780 292 si
795 261 911 304 finem
933 273 1009 293 eum
1038 260 1108 302 (aut
1131 267 1224 299 tum,
1261 267 1300 292 ut
1326 266 1375 292 est
1398 260 1432 291 in
1458 260 1505 300 E,
1535 260 1580 298 B,
1609 258 1764 300 aliisque)
1794 259 1956 291 uincendi

81 314 253 351 uiderem,
292 327 391 357 quem
421 326 488 346 non
512 312 696 344 uidebam?
733 324 897 355 quaenam
926 313 1008 344 haec
1030 314 1193 355 loquendi
1222 314 1331 346 ratio?
1377 313 1478 344 Tolle
1500 323 1590 344 nune
1610 311 1888 349 additamentum,
1926 318 1957 342 et

79 366 360 410 uerbulumfore
383 367 436 398 uel
457 365 646 409 ficturum,
687 365 779 407 quod
809 372 987 397 extrusum
1016 372 1125 408 patet,
1161 366 1317 398 restitue:
1363 367 1458 397 uinci
1480 371 1597 398 autem
1619 363 1777 407 inprobos
1802 376 1824 395 a
1849 363 1956 401 bonis,

71 417 195 461 fateor
212 418 330 462 fici-sse
354 419 593 462 praeclarum,
623 418 654 449 si
668 417 782 461 finem
805 431 881 450 eum
908 417 977 460 (uel
1004 418 1091 460 tum)
1116 419 1278 450 uincendi
1291 418 1376 462 fore
1399 420 1569 456 uiderem,
1592 417 1664 456 uel,
1688 417 1841 448 uiderem
1854 415 1956 460 fore:

79 471 146 502 iam
170 477 257 502 recta
280 477 311 502 et
333 471 511 513 perspicua
532 470 660 502 uidebis
684 471 807 502 omnia.
834 472 1094 502 GARAToNu‘s.
1138 471 1242 502 Recte
1267 471 1470 503 Garatonius
1496 471 1692 503 Ciceronem
1717 468 1852 510 negauit
1873 469 1957 499 scri-

81 523 160 554 bere
182 523 348 566 potuisse,
372 525 403 555 si
417 523 532 566 finem
554 536 631 555 eum
654 524 815 555 uim-endi
839 524 1011 562 uiderem,
1036 536 1134 567 quem
1150 522 1309 566 profecto
1331 537 1399 556 non
1423 524 1600 562 uidebam,
1625 529 1671 554 set
1696 532 1805 562 neque
1828 532 1888 552 cur
1910 521 1957 552 ita

81 576 227 607 scribere
255 588 323 607 non
347 576 511 618 potuerit,
550 588 660 618 neque
683 576 855 619 quomodo
879 577 1023 608 scribere
1048 575 1219 614 debuerit,
1256 576 1438 608 intellexit.
1483 577 1563 608 Non
1586 575 1699 618 potuit
1731 574 1777 605 sic
1799 574 1956 614 scribere,

81 629 170 670 quod
194 629 296 659 uerba
310 627 425 671 finem
448 641 524 660 enm
544 647 586 652 —
609 642 707 673 quem
730 629 917 661 necessario
944 629 1026 660 hanc
1048 628 1246 660 sententiam
1270 629 1453 669 continent,
1480 635 1517 660 ut
1536 628 1644 671 pluris
1668 627 1873 658 existumare
1897 627 1957 658 de·-

79 681 215 712 beamus
253 680 327 711 finis
350 680 507 712 uincendi
530 681 644 713 fuisse.
666 682 775 724 Atqui
798 683 863 714 hoc
885 681 1140 713 alienissunnun
1164 693 1182 712 a
1205 681 1369 713 sententia
1392 682 1565 713 Ciceronis
1591 687 1651 720 est,
1678 681 1735 722 qui
1757 681 1957 723 simpliciter

78 732 227 763 noluisse
249 744 284 763 se
308 733 398 764 uinci
421 733 581 775 inprobos
605 746 623 765 a
645 735 741 766 bonis
763 735 852 775 dicit,
877 735 965 778 quod
988 735 1084 766 uictis
1108 734 1259 776 inprobis
1284 733 1385 766 finem
1406 735 1565 766 uincendi
1587 745 1656 765 non
1679 733 1816 764 uiderit.
1862 734 1957 765 Haec

78 791 189 816 autem
213 787 398 817 sententiae
423 787 624 829 peruersitas
648 788 841 820 certissuma
870 788 1077 820 correctione
1101 793 1133 818 et
1154 793 1288 829 poterat
1310 787 1385 818 tolli
1412 788 1452 818 ab
1477 787 1661 819 editoribus
1690 792 1723 817 et
1747 797 1830 817 uero
1855 786 1956 817 etiam

78 837 217 868 debebat
250 845 385 881 recepta
415 845 635 881 optumorum
666 841 817 873 codicum
847 843 1013 884 scriptura
1042 847 1115 872 tum
1148 852 1210 882 pro
1241 853 1318 872 eum
1347 840 1592 871 exhibentium.
1638 841 1709 870 lam
1739 846 1876 881 optume
1905 839 1957 870 di-

80 897 199 922 ctumst
228 892 258 922 si
277 890 393 934 finem
416 897 490 923 tum
513 893 675 925 uincendi
698 895 866 935 uiderem,
902 894 949 925 sic
972 900 1009 924 ut
1035 900 1108 925 tum
1131 894 1175 923 sit
1198 893 1302 924 uictis
1326 893 1499 936 inprobis,
1537 905 1603 934 quo
1627 904 1725 923 sensu
1749 903 1846 934 saepe
1870 892 1956 923 hanc

78 944 277 986 particulam
307 944 463 986 usurpari
494 951 633 976 constat.
678 947 801 989 Neque
830 959 912 978 uero
942 947 1064 985 uerba,
1102 958 1200 989 quem
1229 944 1389 988 profer-to
1416 957 1483 976 non
1517 945 1695 984 uidebant,
1731 945 1825 976 saluo
1856 956 1957 976 sensu

79 996 187 1027 olnitti
218 1007 315 1038 posse
342 1002 437 1038 puto.
484 998 581 1039 Quae
611 997 702 1029 enim
734 1006 890 1030 secuntur
921 1000 1039 1038 uerba,
1087 999 1154 1031 Ubi
1176 999 1267 1030 enim
1291 1004 1433 1041 praesto
1449 997 1608 1040 ficissent
1632 1003 1710 1035 etc.‚
1749 996 1788 1027 iis
1811 997 1957 1028 manife-

77 1056 198 1081 stumst
222 1049 321 1080 huius
345 1049 450 1091 ipsius
472 1050 667 1090 sententiae,
693 1063 777 1093 quae
802 1051 915 1083 uerbis
940 1065 1038 1095 quem
1058 1051 1215 1095 profecto
1238 1062 1304 1082 non
1329 1051 1488 1082 uidebant
1510 1050 1633 1088 subest,
1659 1048 1824 1080 rationem
1847 1049 1957 1089 reddi,

79 1102 125 1133 ita
148 1109 185 1133 ut
211 1102 262 1133 his
287 1101 417 1133 omissis
441 1102 549 1133 onmis
573 1114 688 1135 sensus
713 1115 889 1146 nexusque
912 1106 1061 1136 tollatur.
1106 1105 1152 1136 At
1178 1104 1285 1142 6111111,
1310 1102 1429 1133 obiciat
1451 1103 1546 1144 quis,
1579 1103 1651 1145 ipsa
1674 1102 1749 1140 illa,
1781 1114 1880 1143 quam
1903 1103 1955 1134 his

77 1155 190 1186 uerbis
214 1154 382 1185 enuntiari
408 1153 562 1186 debuisse
588 1157 788 1188 sententiam
812 1158 995 1198 contendo,
1036 1158 1103 1188 iam
1132 1156 1263 1195 uerbis,
1304 1156 1335 1187 si
1355 1154 1470 1198 finem
1501 1161 1574 1187 tum
1604 1156 1768 1187 uincendi
1791 1157 1956 1195 uiderem,

77 1207 199 1239 subest.
246 1207 295 1238 Ea
316 1207 405 1237 enim
429 1207 533 1238 uerba
557 1209 614 1250 qui
638 1210 753 1251 ponit,
777 1222 963 1252 numquam
987 1221 1056 1240 11011
1079 1210 1143 1241 1100
1166 1210 1201 1240 111
1226 1214 1338 1240 mente
1361 1207 1461 1238 habet
1484 1213 1514 1238 et
1539 1207 1579 1238 ab
1606 1208 1814 1240 auditoribus
1838 1209 1957 1240 subin-

78 1259 191 1301 tellegi
216 1260 304 1291 uolt:
329 1265 379 1291 set
394 1258 510 1302 finem
533 1266 606 1292 tnm
633 1262 795 1293 uincendi
817 1275 883 1294 non
907 1262 1077 1294 uidebant.
1122 1263 1298 1293 Praeterea
1322 1266 1459 1298 constat,
1487 1271 1556 1290 non
1579 1272 1656 1291 raro
1681 1262 1771 1292 enim
1793 1262 1956 1303 particula

77 1311 244 1343 rationem
277 1312 369 1342 reddi
404 1313 589 1344 sententiae
611 1325 681 1344 non
705 1315 897 1345 enuntiatae
926 1315 1057 1345 disertis
1081 1314 1213 1353 uerbis,
1251 1319 1301 1345 set
1322 1324 1520 1355 suppressae
1544 1312 1601 1343 uel
1623 1312 1954 1356 subintellegendae3

75 1371 111 1396 ut
134 1376 210 1395 cum
235 1364 316 1395 dicit
336 1365 454 1396 Cicero
481 1365 620 1396 Tuscul.
644 1366 693 1405 II,
718 1366 768 1405 24,
793 1368 858 1409 59.:
883 1367 983 1400 Num
1007 1373 1081 1399 tum
1104 1368 1313 1410 ingemuisse
1336 1366 1617 1409 Epaminondam
1634 1372 1754 1410 plotae,
1781 1380 1859 1399 cum
1884 1381 1955 1401 una

76 1430 154 1450 cum
176 1418 347 1460 sanguine
370 1418 481 1449 uitam
508 1418 653 1462 etstnere
676 1420 844 1451 sentiret?
880 1421 1095 1463 imperantem
1125 1420 1215 1452 enim
1234 1420 1388 1462 patriam
1412 1419 1699 1450 Lacedaemoniis
1726 1421 1953 1464 relinquebat,

77 1484 181 1514 quam
203 1476 381 1513 acceperat
404 1471 618 1503 seruientem.
665 1471 742 1512 Quo
768 1471 802 1502 in
816 1472 890 1503 loco
913 1472 1118 1503 referendast
1142 1473 1232 1504 enim
1255 1471 1417 1514 particula
1437 1471 1477 1501 ad
1500 1483 1713 1513 suppressam
1736 1474 1953 1506 sententiam:

77 1537 143 1557 non
168 1524 349 1566 ingemuit.
394 1524 474 1555 Alia
497 1524 654 1566 exempla
677 1524 797 1556 adtulit
818 1525 1064 1556 Ramshornius
1090 1525 1152 1555 Gr.
1176 1525 1250 1555 Lat.
1277 1524 1306 1565 ἕ.
1334 1524 1402 1565 187.
1426 1525 1452 1562 Ι,
1480 1535 1506 1554 1.
1530 1535 1564 1566 p.
1589 1525 1679 1556 564..
1724 1526 1818 1556 Haec
1841 1527 1954 1558 omnia

78 1578 141 1609 etsi
164 1577 310 1619 cuipiam
334 1587 410 1606 611111
433 1588 553 1617 magna
579 1577 718 1618 quadam
742 1577 987 1619 probabilitatis
1010 1577 1120 1620 specie
1146 1577 1231 1608 mihi
1255 1575 1342 1607 obici
1367 1576 1559 1616 uideantur,
1595 1588 1681 1619 nego
1706 1584 1816 1609 tamen
1838 1580 1952 1619 uerba,

77 1632 116 1662 de
143 1630 263 1672 quibus
288 1629 416 1670 agitur,
444 1629 555 1659 omitti
578 1641 690 1671 posse,
715 1630 815 1671 longe
838 1630 937 1661 aliam
961 1630 1100 1660 illorum
1124 1631 1292 1667 locorum,
1320 1629 1354 1659 in
1379 1629 1498 1670 quibus
1521 1630 1611 1661 enim
1634 1642 1652 1660 a
1674 1642 1852 1673 suppressa
1875 1644 1953 1663 sen-

79 1683 181 1715 tentia
203 1682 353 1725 pendere
376 1681 541 1719 uidemus,
568 1694 667 1723 quam
691 1683 790 1714 liuius
804 1683 868 1714 loci
891 1682 1056 1713 rationem
1080 1694 1149 1714 esse
1173 1682 1386 1714 contendens.
1432 1683 1470 1713 In
1494 1681 1561 1713 illis
1586 1682 1675 1713 enim
1695 1683 1786 1723 locis,
1812 1684 1845 1714 id
1865 1685 1952 1726 quod

78 1748 130 1769 res
154 1736 225 1778 ipsa
247 1734 410 1778 postulat,
434 1734 475 1765 ad
499 1746 572 1765 eam
595 1735 744 1766 refertur
767 1735 966 1766 sententiam
989 1735 1155 1776 particula
1181 1736 1253 1774 illa,
1286 1747 1369 1776 quae
1393 1741 1450 1766 aut
1473 1747 1516 1766 ex
1538 1741 1609 1766 toto
1633 1736 1835 1776 uerborum,
1867 1750 1952 1780 quae

78 1788 298 1833 praecedunt,
337 1788 526 1830 conplexu,
560 1794 618 1819 aut
649 1800 667 1818 e
686 1788 817 1827 uerbis,
859 1799 942 1829 quae
971 1794 1049 1819 sunt
1077 1789 1240 1831 primaria
1264 1799 1490 1829 maxumeque
1513 1788 1635 1830 respici
1659 1788 1780 1820 debere
1802 1797 1950 1832 apparet,

77 1842 206 1874 nemini
230 1853 298 1872 11011
321 1847 439 1883 sponte
462 1840 745 1883 subintellegitur.
791 1842 908 1882 Itaque
931 1841 995 1872 11οο
1020 1842 1112 1881 loco,
1154 1842 1187 1872 111
1210 1853 1275 1883 (1110
1304 1841 1466 1883 primaria
1488 1841 1569 1871 haec
1591 1852 1660 1872 esse
1684 1842 1805 1884 liquet:
1848 1844 1951 1876 Uinci

77 1902 193 1929 autem
216 1894 374 1938 inprobos
397 1907 418 1926 [ι
442 1894 552 1933 bonis,
577 1894 700 1937 fateor
717 1894 835 1938 fuisse
850 1895 1094 1937 praeclarum,
1125 1895 1152 1926 si
1175 1893 1216 1924 ad
1238 1893 1422 1935 sequentia,
1475 1893 1541 1925 Ubi
1563 1895 1653 1926 enim
1676 1901 1749 1934 etc„
1771 1907 1950 1938 suppressa

79 1949 216 1979 deberet
237 1947 397 1978 sententia
419 1947 539 1989 putari,
567 1959 609 1978 ex
636 1959 701 1989 qua
723 1949 782 1978 illa
806 1946 1009 1989 penderent,
1033 1959 1109 1978 meo
1133 1947 1255 1978 iudicio
1280 1947 1361 1978 haec
1383 1952 1513 1977 tantum
1536 1958 1715 1989 suppressa
1736 1954 1849 1990 posset
1874 1949 1950 1980 exi-

79 2000 236 2033 stumari:
262 2005 312 2031 set
335 2000 430 2031 uim-i
453 2000 611 2043 inprobos
634 2014 655 2033 a
678 2000 785 2038 bonis,
808 2011 874 2030 non
888 1998 969 2042 fuit
988 2001 1219 2043 praeclarum.
1262 1999 1369 2040 Atqui
1391 1998 1491 2030 huius
1514 2000 1698 2031 sententiae
1720 2000 1872 2032 minume
1889 2001 1949 2032 Ci-

79 2064 155 2084 cero
178 2052 213 2082 in
236 2052 449 2093 sequentibus
472 2054 636 2084 rationem
659 2053 777 2084 reddit.
822 2051 954 2084 Deinde
977 2063 1060 2082 uero
1083 2052 1231 2084 alienum
1256 2053 1395 2083 omnino
1421 2052 1656 2084 aLatinorum
1680 2053 1842 2096 loquendi
1866 2065 1948 2085 con-

80 2105 256 2138 suetudine
277 2104 407 2140 iudico,
440 2111 478 2136 ut
500 2112 576 2148 post
599 2106 845 2137 enuntiationes
869 2104 1125 2144 condicionalis,
1165 2105 1271 2147 qualis
1294 2105 1375 2136 haec
1399 2110 1464 2143 est,
1506 2104 1545 2135 de
1569 2117 1634 2146 qua
1658 2106 1863 2148 disputatur,
1899 2107 1947 2138 ita

79 2163 238 2200 sequatur
269 2158 358 2189 enim
385 2159 570 2200 particula,
604 2165 642 2190 ut
671 2170 709 2189 ea
731 2157 935 2196 sententiae,
971 2168 1054 2199 quae
1081 2169 1123 2188 ex
1148 2157 1376 2188 enuntiatione
1406 2157 1626 2189 condicionali
1654 2159 1777 2202 conligi
1808 2160 1945 2191 demum

79 2217 192 2255 potest
222 2220 282 2240 nec
314 2210 433 2242 diserte
456 2211 671 2251 enuntiatast,
704 2211 790 2242 ratio
818 2210 992 2242 reddatur.
1037 2211 1158 2252 Neque
1182 2222 1262 2241 uero
1286 2209 1405 2241 inutile
1429 2209 1506 2251 quid
1528 2210 1642 2251 faciet,
1678 2212 1735 2255 qui
1758 2212 1943 2244 accuratius

80 2274 253 2307 exponere
283 2262 480 2303 instituerit,
529 2264 649 2306 quibus
678 2264 926 2296 condicionibus
955 2263 1123 2305 supprimi
1149 2263 1315 2294 sententia
1342 2261 1464 2304 possit,
1505 2274 1548 2294 ex
1573 2275 1637 2306 qua
1663 2265 1752 2297 enim
1780 2265 1944 2307 particula

78 2316 234 2360 pendeat.
279 2315 370 2346 Nam
392 2322 429 2348 ut
451 2323 541 2348 recte
563 2317 627 2348 hoc
653 2316 777 2348 sactum
801 2316 940 2347 Tuscul.
964 2317 1005 2353 II,
1032 2316 1090 2355 24,
1114 2317 1165 2358 59.
1190 2322 1246 2355 est,
1271 2315 1317 2346 ita
1340 2316 1375 2346 in
1399 2322 1482 2347 orat.
1507 2317 1588 2348 Sest.
1605 2318 1642 2349 C.
1655 2318 1787 2350 XLIX.
1811 2320 1840 2358 §.
1860 2319 1942 2358 105„

82 2370 140 2413 qui
165 2369 258 2400 locus
280 2368 331 2399 illi
355 2368 557 2402 simillumus
584 2376 650 2402 est:
686 2369 785 2403 Num
808 2381 868 2401 uos
900 2370 1133 2407 existumatis,
1168 2369 1361 2408 Gracchos,
1394 2375 1457 2401 aut
1479 2369 1705 2410 Saturninos,
1740 2377 1803 2403 aut
1825 2383 1944 2414 quem·
