2264 2746
253 77 308 107 128
904 67 1476 99 COMMENTARIUS.

254 149 419 192 gebantur
447 159 465 179 a
486 153 661 191 praetore,
697 150 735 174 ut
762 140 929 180 arbitror,
962 140 1067 184 idque
1094 155 1225 174 summa
1254 143 1447 185 diligentia3
1481 141 1572 185 quod
1604 153 1647 173 ex
1671 153 1710 173 eo
1734 148 1881 182 constat,
1914 141 2133 187 principibus

254 202 422 246 equestris
445 202 597 239 ordim'53
620 209 662 229 ex
685 196 725 226 iis
747 201 860 225 autem
883 195 933 234 L,
956 206 1039 237 quos
1062 207 1157 236 reus,
1180 196 1322 228 LXXV
1345 195 1493 235 reiectis,
1517 194 1701 233 referebat,
1724 201 1968 226 accussatorem
1990 194 2134 226 edidisse

254 261 338 298 puto
360 266 442 297 quos
467 253 618 289 nolebat,
653 247 744 290 quod
767 259 825 279 reo
848 258 918 279 non
940 247 1078 279 uidetur
1101 249 1217 280 obesse
1239 247 1405 291 potuisse,
1439 259 1515 279 cum
1539 249 1723 280 ederentur
1746 258 1789 278 ex
1811 246 1852 278 iis
1875 248 1925 287 L,
1958 258 2040 289 quos
2062 246 2135 290 ipse

254 309 439 352 probasset.
483 306 587 337 Recte
609 302 713 344 igitur
736 300 843 340 dixit,
876 312 996 332 nomen
1021 301 1107 332 editi
1129 302 1275 340 iudicis,
1307 300 1402 342 quasi
1424 312 1549 333 nomen
1572 302 1684 344 ipsum
1708 306 1839 331 tantum
1863 299 1899 330 in
1923 310 2036 330 caussa
2056 310 2137 331 uer-

254 367 401 399 saretur,
425 369 476 390 res
499 356 571 398 ipsa
593 354 687 386 nulla
709 359 810 392 esset,
836 359 954 395 utpote
977 364 1055 384 cum
1077 353 1136 385 illa
1159 354 1263 385 editio
1285 365 1383 385 reum
1406 366 1475 385 non
1497 354 1657 385 laederet.
1703 352 1864 386 Occurrit
1887 352 1952 383 alia
1976 350 2137 393 quaestio,

255 426 315 446 cur
343 413 441 444 unius
465 406 627 449 equestris
651 405 780 437 ordinis
803 406 930 437 mentio
954 406 1028 445 fiat,
1063 411 1233 438 senatores
1259 406 1456 449 tribunique
1479 407 1601 438 aerarii
1631 406 1850 444 omittantur3
1885 404 1979 447 quasi
2001 415 2071 436 non
2094 414 2137 435 ex

255 468 295 498 iis
320 461 481 497 reiciendi
505 459 699 490 facultatem
722 471 799 490 reus
825 459 983 496 haberet,
1019 464 1077 489 aut
1099 458 1123 489 ii
1146 470 1215 490 non
1238 458 1319 490 item
1343 466 1382 491 ut
1407 460 1534 501 equites
1561 459 1754 490 ederentur.
1800 457 2022 500 Respondere
2047 456 2139 496 licet,

256 519 345 562 quod
370 527 444 547 cum
468 513 599 544 ratione
622 512 804 543 consentit:
828 522 906 542 cum
929 517 996 542 tres
1020 511 1156 543 ordines
1181 511 1386 552 iudicarent,
1413 524 1481 543 non
1505 523 1548 542 ex
1570 524 1638 543 uno
1663 511 1828 554 equestri,
1859 517 1910 542 set
1933 521 1975 541 ex
1997 508 2139 550 reliquis

256 581 389 615 quoque
413 567 543 599 duobus
566 576 663 596 reum
688 564 851 607 quosdam
873 564 1038 604 reiecisse,
1061 564 1144 596 alios
1167 565 1356 603 rettulisse,
1381 576 1424 596 ex
1446 565 1560 596 relatis
1582 572 1697 597 autem
1718 569 1963 596 accussatorem
1984 561 2139 594 edidisse.

253 626 467 658 MANL‘TIUS·
514 618 678 650 Oratione
700 628 764 660 pro
790 617 926 649 Plancio
952 623 1228 649 conmemoratur
1256 617 1420 660 quaedam
1442 617 1498 648 lex
1524 618 1564 649 de
1589 618 1735 656 ambitu,
1767 628 1851 659 quae
1874 623 1987 648 tamen
2009 615 2141 659 perlata

253 688 322 708 non
347 681 414 713 est,
441 683 506 715 qua
527 670 691 701 iudicium
715 669 793 700 illut
817 669 881 700 soli
905 669 1018 701 ordini
1041 670 1190 713 equestri
1213 670 1491 702 demandabatur.
1536 672 1624 703 Cum
1645 670 1734 701 nihil
1757 676 1919 709 occurrat,
1944 669 2035 712 quod
2057 679 2143 699 con-

253 735 306 760 tra
329 737 512 769 reponam,
540 723 653 754 locum
677 723 790 765 ipsum
812 722 989 765 explicabo
1012 723 1210 755 accuratius.
1254 725 1304 756 Ut
1327 723 1417 755 enim
1440 723 1593 755 Liciniae
1614 723 1697 765 legis
1722 722 1762 753 de
1785 721 1953 754 sodaliciis
1975 720 2142 752 acerbita-

253 787 323 812 tem
352 777 549 820 amplificet‚
586 787 647 819 per
678 787 778 817 qnam
801 781 988 806 accussator
1016 776 1125 807 tribus
1155 775 1291 816 edebat,
1331 787 1374 807 ex
1405 775 1525 818 quibus
1554 781 1692 818 praetor
1721 776 1800 817 [hoc
1826 775 1950 807 salsum
1973 785 2061 814 esse,
2096 784 2141 805 ex

253 833 388 875 Proleg.
415 832 457 862 L.
481 830 541 860 HI.
566 830 604 861 C.
628 829 688 859 ΠΙ.
716 829 744 870 §.
769 828 798 860 5.
829 829 994 871 apparet.]
1028 828 1155 861 iudices
1183 830 1365 861 sortiretur
1387 829 1423 860 in
1445 840 1562 868 reum,
1597 828 1757 870 exponit,
1794 840 1893 871 quam
1917 829 1961 860 sit
1982 827 2141 858 acerbum

253 885 417 917 iudicium
447 883 542 922 illut,
578 881 669 925 quod
700 893 718 912 a
741 881 908 912 iudicibus
939 881 980 912 ab
1003 888 1210 913 accussatore
1240 882 1338 914 editis
1367 882 1434 914 fiat.
1480 882 1535 914 Sic
1559 887 1672 913 autem
1702 882 1813 924 arguit
1841 894 1860 913 a
1884 879 2141 923 conparatione:

254 940 312 974 An
336 951 417 971 uero
441 947 550 979 nuper
573 934 772 967 clarissumi
803 935 894 965 ciues
918 946 1039 966 nomen
1065 936 1151 967 editi
1173 936 1301 968 iudicis
1324 949 1391 968 non
1420 936 1595 974 tulerunt,
1630 948 1708 967 cum
1730 949 1770 967 ex
1793 934 1937 968 CXXV
1956 932 2141 970 iudicibus,

252 991 469 1037 principibus
503 989 670 1032 equestris
701 987 854 1025 ordinis,
896 987 1046 1030 quinque
1073 993 1105 1019 et
1134 989 1361 1031 septuaginta
1390 1001 1468 1021 rens
1492 989 1652 1027 reiceret,
1690 989 1949 1032 qninquaginta
1974 985 2140 1030 referret:

255 1058 316 1077 nos
339 1056 446 1087 neque
470 1055 510 1074 ex
532 1042 672 1073 delectis
695 1040 889 1078 iudicibus,
922 1046 973 1071 set
996 1052 1036 1071 ex
1060 1041 1153 1072 omni
1168 1042 1319 1084 populo,
1351 1054 1458 1085 neque
1481 1041 1590 1073 editos
1612 1042 1660 1073 acl
1682 1042 1913 1079 reiciendum,
1945 1045 1996 1071 set
2017 1038 2060 1070 ab
2082 1050 2142 1070 ac-

255 1103 430 1129 cussatore
458 1096 661 1127 constitutos
693 1095 823 1125 indices
854 1094 906 1124 ita
927 1091 1106 1134 feremus,
1142 1099 1181 1125 ut
1209 1095 1379 1126 neminem
1408 1094 1616 1126 reiciamus?
1661 1095 1789 1126 Actum
1820 1092 1932 1124 fuerat
1962 1091 1998 1122 in
2023 1096 2142 1122 senatu

254 1150 357 1193 paulo
379 1155 474 1189 ante,
501 1153 540 1178 ut
561 1147 706 1178 ambitus
730 1145 855 1177 iudicia
876 1145 941 1175 hoc
962 1144 1065 1176 modo
1089 1145 1227 1177 fierent:
1263 1146 1391 1177 Ederet
1412 1154 1600 1179 accussator
1624 1159 1667 1179 ex
1691 1146 1811 1178 ordine
1838 1151 1968 1177 tantum
1993 1142 2143 1185 equestri

255 1203 383 1234 iudices
411 1207 546 1233 centum
569 1199 692 1241 uiginti
716 1198 884 1240 quinque,
915 1208 991 1229 reus
1016 1208 1059 1228 ex
1082 1197 1123 1229 iis
1147 1198 1291 1230 -reiceret
1313 1199 1525 1242 septuaginta
1547 1200 1717 1242 quinque3
1753 1197 1995 1241 quinquaginta
2017 1195 2144 1238 reliqui

254 1256 460 1293 iudicarent3
502 1259 552 1285 set
574 1251 770 1284 huiusmodi
794 1249 898 1281 iudici
921 1248 1068 1281 sormam
1092 1251 1279 1282 clarissumi
1302 1252 1457 1283 homines
1479 1252 1758 1296 repudiauerunt.
1803 1253 1893 1283 Nam
1915 1250 2042 1281 iudices
2065 1249 2143 1281 illos

255 1316 392 1341 centum
421 1306 545 1350 uiginti
577 1305 726 1347 quinque
756 1302 904 1334 edendos
934 1301 1038 1334 fuisse
1060 1302 1101 1333 ab
1125 1309 1348 1342 accussatore‚
1381 1316 1451 1336 non
1473 1317 1492 1336 a
1514 1311 1671 1348 praetore
1702 1305 1794 1347 ipso,
1828 1309 1867 1334 ut
1890 1303 1990 1345 uolgo
2022 1303 2144 1335 docent

255 1367 552 1397 commentatores,
578 1357 796 1401 perspicuum
821 1363 888 1395 est3
912 1355 1065 1397 alioquin
1086 1355 1280 1388 deteri-uma
1300 1356 1417 1388 suisset
1440 1357 1656 1389 accussatoris
1684 1355 1850 1395 conditio,
1875 1355 1933 1397 qui
1955 1366 2065 1397 neque
2086 1367 2144 1387 re·-

256 1426 388 1446 cussare
417 1418 531 1456 posset
557 1411 650 1442 datos
680 1421 698 1440 a
724 1415 879 1451 praetore
914 1408 1059 1447 iudices,
1095 1420 1204 1451 neque
1235 1421 1278 1441 ex
1307 1410 1375 1442 illis
1408 1422 1613 1453 quemquam
1638 1410 1785 1447 reicere,
1818 1419 1894 1438 cum
1920 1414 1988 1439 tam
2018 1408 2144 1441 multos

256 1465 419 1499 reiciendi
442 1464 635 1495 facultatem
661 1473 738 1493 reus
762 1461 912 1493 haberet.
958 1461 1060 1504 Quod
1084 1462 1186 1493 etiam
1210 1473 1253 1493 ex
1275 1462 1334 1502 iis,
1360 1475 1444 1506 quae
1464 1470 1634 1503 secuntur,
1658 1463 1687 1495 si
1709 1467 1798 1494 recte
1821 1459 2041 1492 adtendamus
2064 1473 2146 1493 uer-

256 1521 380 1552 borum
403 1517 474 1548 ui1n
497 1527 534 1547 ac
556 1515 757 1553 sententiae,
789 1521 905 1557 aperte
929 1515 1128 1557 conligitur:
1165 1527 1225 1546 nos
1249 1527 1357 1558 neque
1378 1529 1419 1548 ex
1441 1517 1581 1549 delectis
1604 1516 1797 1553 iudicibus,
1831 1520 1882 1546 set
1904 1527 1944 1546 ex
1968 1515 2061 1546 omni
2077 1528 2144 1559 po·-

256 1573 360 1617 Ριιῖο,
392 1582 499 1614 neque
522 1570 630 1601 editos
652 1569 700 1601 ad
721 1568 951 1607 reiciendum,
986 1573 1037 1600 set
1058 1568 1100 1599 ab
1124 1574 1341 1601 accus-satore
1363 1570 1565 1601 constitutos
1595 1570 1725 1601 iudices
1749 1568 1799 1599 ita
1813 1566 1990 1610 feremus,
2023 1573 2063 1600 ut
2085 1580 2145 1601 ne-

259 1625 385 1657 minem
407 1623 616 1655 reiciamas?
660 1622 782 1652 Sensus
807 1627 874 1652 est:
913 1620 1044 1652 Iudices
1067 1619 1214 1652 feremus
1236 1633 1305 1652 non
1328 1621 1435 1653 editos
1462 1634 1505 1654 ex
1529 1622 1665 1653 delectis
1689 1619 1874 1658 iudicibus,
1910 1626 1961 1651 set
1983 1632 2026 1652 ex
2051 1622 2145 1654 omni

258 1676 399 1720 populo,
422 1687 491 1706 non
514 1675 621 1706 editos
643 1675 685 1705 ad
709 1673 941 1706 reiciendum?
987 1674 1071 1705 Tria
1092 1673 1240 1705 notanda
1263 1674 1422 1707 ueniunt:
1447 1674 1595 1706 delectus
1617 1674 1779 1713 iudicum,
1803 1672 1918 1712 editio,
1942 1679 1975 1704 et
1996 1673 2144 1707 reiectio.

260 1730 405 1762 Necesse
428 1734 500 1759 erat
522 1728 616 1770 prius
640 1727 788 1770 deligere
810 1727 947 1766 iudices,
973 1739 1073 1770 quam
1097 1727 1214 1759 edere:
1239 1741 1280 1760 ex
1293 1729 1433 1760 delectis
1457 1728 1630 1760 iudicibus
1652 1728 1780 1765 editos3
1802 1725 1897 1768 prius
1921 1726 2020 1758 edei-e
2043 1739 2143 1770 qnam

261 1782 407 1813 reicere:
441 1781 550 1812 editos
572 1781 620 1812 acl
641 1782 860 1814 reiciendum.
907 1782 988 1812 Nou
1010 1780 1131 1822 igitur,
1162 1786 1200 1811 ut
1221 1786 1318 1823 putat
1338 1781 1529 1820 Manutius,
1558 1787 1637 1824 post
1658 1780 1779 1811 factam
1802 1779 2018 1811 reiectionem
2041 1791 2061 1811 a
2083 1792 2142 1812 reo

263 1845 306 1865 ex
329 1833 571 1876 quinquaginta
593 1834 733 1876 reliquis
766 1834 885 1865 edebat
907 1833 1034 1865 iudices
1063 1839 1266 1872 accussator,
1304 1840 1355 1865 set
1381 1834 1447 1865 iam
1468 1834 1520 1864 illi
1543 1839 1679 1864 centum
1703 1832 1825 1875 uiginti
1849 1832 1998 1874 quinque
2017 1833 2144 1868 iudices

264 1887 345 1918 editi
367 1886 501 1918 fuerant
524 1886 564 1917 ab
588 1893 808 1918 accussatore.
853 1887 944 1918 Hinc
965 1887 1022 1918 lex
1045 1887 1134 1930 ipsa,
1172 1898 1273 1929 quam
1301 1898 1345 1917 ex
1369 1887 1402 1917 S.
1428 1887 1466 1919 C.
1490 1885 1628 1928 quidam
1659 1884 1749 1916 ferre
1773 1885 2001 1927 cogitauerant
2022 1897 2144 1930 nuper,

263 1940 388 1972 iudices
420 1939 606 1981 deligebat,
640 1951 717 1971 cum
746 1952 789 1971 ex
821 1940 990 1981 equitibus
1014 1940 1058 1972 R.
1082 1945 1215 1971 tantum
1243 1950 1299 1970 eos
1323 1938 1470 1970 edendos
1493 1950 1564 1970 esse
1594 1938 1858 1981 praescriberet,
1892 1949 1974 1979 quos
1998 1940 2146 1972 oratorie

266 1993 382 2023 Cicero
405 1992 575 2035 principes
599 1992 762 2035 equestris
786 1991 915 2024 ordinis
941 1999 1055 2031 uocat3
1090 2004 1133 2024 ex
1157 1992 1326 2034 equitibus
1348 1992 1391 2022 R.
1423 1991 1589 2023 iudicibus
1620 2003 1640 2022 a
1660 1991 1734 2033 lege
1757 1989 1841 2021 datis
1863 1996 1998 2021 centum
2023 1992 2146 2034 uiginti

265 2044 414 2086 quinque
436 2051 623 2076 accussator
646 2045 782 2085 edebat3
819 2057 896 2077 reus
920 2046 1052 2078 ultnmo
1076 2058 1120 2077 ex
1143 2045 1241 2076 editis
1266 2044 1415 2086 quinque
1439 2050 1472 2076 et
1494 2044 1705 2088 septuaginta
1727 2043 1901 2082 reiciebat3
1932 2043 2146 2087 proindeque

264 2097 316 2128 illi
344 2103 477 2128 centum
506 2098 628 2140 uiginti
659 2098 807 2141 quinque
837 2098 965 2131 iudices
998 2099 1157 2130 dicuntur
1183 2097 1267 2128 editi
1298 2108 1341 2128 ex
1372 2097 1509 2128 delectis
1537 2097 1720 2135 iudicibus,
1755 2095 1837 2127 editi
1859 2095 1902 2126 ad
1924 2095 2144 2133 reiciendum.

267 2149 394 2181 Contra
416 2161 496 2181 uero
519 2152 627 2182 multo
651 2152 859 2183 acerbiorem
882 2152 991 2190 legem
1013 2152 1139 2183 tulerat
1163 2152 1320 2184 Crassus:
1356 2150 1506 2193 primum
1530 2156 1568 2181 ut
1589 2155 1775 2181 accussator
1798 2149 1898 2180 edere
1920 2155 2034 2191 posset
2054 2149 2146 2181 iudi-

265 2213 318 2233 ces
340 2213 410 2232 non
432 2213 474 2232 ex
498 2203 623 2235 delecta
645 2205 757 2246 aliqua
779 2210 876 2247 parte
898 2204 1036 2247 populi,
1063 2216 1096 2235 u.
1120 2216 1147 2235 c.
1171 2215 1215 2234 ex
1239 2202 1407 2244 equitibus
1424 2203 1477 2241 R„
1503 2209 1553 2234 set
1572 2213 1710 2245 prorsus
1735 2213 1777 2232 ex
1801 2201 1895 2233 omni
1916 2202 2044 2244 populo
2068 2202 2146 2243 [hoc

265 2265 400 2296 quoque
428 2266 497 2285 non
520 2267 639 2287 uerum
662 2269 732 2288 esse
754 2258 887 2299 Proleg·
911 2257 934 2288 l.
957 2257 980 2288 l.
1005 2256 1130 2299 docui.]
1144 2281 1152 2296 ‚
1186 2256 1286 2287 etiam
1310 2268 1353 2287 ex
1375 2257 1494 2299 plebe3
1532 2254 1653 2286 deinde
1678 2265 1721 2285 ne
1743 2266 1786 2285 ex
1811 2254 1908 2286 editis
1930 2254 1971 2285 ab
1994 2266 2146 2287 accussa-

264 2313 339 2338 tore
361 2317 419 2337 reo
446 2306 562 2337 liceret
589 2320 791 2351 quemquam
812 2311 950 2341 reicere.
995 2310 1124 2352 Legem
1150 2309 1245 2341 illam
1267 2308 1495 2351 superiorem,
1521 2307 1568 2338 ait
1593 2306 1728 2345 Cicero,
1755 2306 1839 2338 adeo
1862 2306 1974 2338 lenem
1996 2319 2066 2339 non
2088 2313 2146 2339 tu-

265 2359 383 2399 limus,
410 2359 496 2390 hanc
517 2366 609 2391 tanto
632 2361 837 2403 iniquiorem
859 2362 1032 2395 feremus‘.>
1077 2362 1155 2395 Nos
1178 2374 1285 2405 neque
1311 2373 1351 2393 ex
1373 2360 1513 2392 delectis
1536 2359 1727 2397 iudicibus,
1754 2365 1803 2391 set
1827 2372 1867 2391 ex
1889 2360 1983 2391 omni
1997 2360 2141 2404 populo,
