2264 2746
273 87 326 115 136
930 83 1507 115 COMMENTARIUS.

267 158 458 201 pudiarent
480 169 497 189 a
522 157 684 189 Cicerone
706 156 871 199 scriptum
893 169 1000 200 nego,
1024 158 1106 189 haec
1126 164 1185 198 est,
1210 158 1300 201 quod
1323 160 1504 201 aequalitas
1526 161 1777 200 membrorum,
1809 172 1909 202 quam
1931 163 2079 196 studiose
2101 176 2156 196 se-

271 217 396 242 ctatum
421 211 618 242 Ciceronem
643 222 712 241 csse
734 222 849 242 omnes
873 211 991 249 sciunt,
1015 211 1130 242 addito
1147 212 1252 243 uerbo
1275 213 1335 244 illo
1358 225 1497 256 prorsus
1521 214 1698 254 euertitur,
1728 220 1844 246 contra
1867 214 1990 246 omisso
2013 217 2156 248 uerbum

270 263 375 294 uerbo
400 265 531 306 egregie
555 262 746 304 respondet.
793 264 883 295 Nam
907 271 1157 308 sequestremne
1182 265 1369 307 opponitur
1388 279 1433 298 an
1453 268 1668 310 gratiosum,
1695 267 1807 298 uerbis
1831 274 2030 311 respuerent
2052 281 2154 302 aures

272 317 377 348 uerba
408 318 465 348 illi
494 316 648 347 lubenter
679 317 864 355 audirent,
901 317 1015 348 uerbis
1045 330 1142 349 nemo
1178 319 1404 361 adgnosceret
1436 320 1537 351 uerba
1567 334 1628 353 nos
1655 333 1723 353 non
1751 321 1871 352 timide
1902 318 2154 363 confiteremur.

267 370 366 400 Hanc
394 368 554 400 orationis
584 368 845 400 concinnitatem
875 381 959 401 1111111
989 370 1182 402 credibilest
1204 371 1402 403 Ciceronem
1428 374 1607 414 euertisse,
1642 380 1679 405 ut
1701 373 1845 404 uerbum
1874 372 2031 413 adderet,
2066 373 2156 415 quod

268 422 359 453 omni
386 433 427 451 ex
451 426 546 462 parte
566 420 742 452 inutilest‘?

352 473 508 516 Legibus
532 473 630 512 istis,
655 486 740 517 quas
763 481 902 507 senatus
926 476 967 507 de
989 476 1121 508 ambitu
1145 477 1278 508 sanciri
1303 478 1468 519 uoluerit)
1516 480 1602 511 Cum
1624 480 1796 522 legeretur
1820 477 1856 509 in
1879 476 1977 508 codd.
2004 483 2037 508 et
2060 476 2155 509 editt.

268 527 423 559 omnibus
447 526 600 564 sancire,
624 527 758 558 monuit
780 528 971 559 Manutius:
1006 530 1131 570 „Lego
1156 531 1306 562 sanciri.-
1337 542 1405 561 11011
1426 532 1517 563 0111111
1540 532 1775 563 sanciebantur
1797 531 1886 572 leges
1909 542 1928 561 a
1948 536 2083 569 senatu,
2106 536 2156 562 set

265 592 284 611 a
306 579 475 621 populo.⁴‘
520 579 581 610 Est
605 579 694 621 quod
720 579 902 619 miremur,
936 581 1108 612 neminem
1133 582 1303 614 editorum
1326 583 1579 625 insequentium
1603 585 1687 616 hanc
1710 584 1915 615 sacillnmam
1940 589 1973 614 et
1995 595 2156 615 maxume

265 631 484 662 necessariam
507 631 640 662 Manuti
664 633 935 664 emendationem
960 635 1136 677 recepisse.
1182 636 1304 677 Neque
1329 636 1466 676 Cicero,
1503 638 1605 669 etiam
1631 638 1658 668 si
1682 638 1834 675 sancire,
1872 636 1906 667 id
1931 636 2021 677 quod
2053 647 2156 667 num—

266 696 366 725 quam
391 684 566 722 dictumst,
598 691 731 717 senatus
756 686 821 717 dici
845 693 975 730 posset,
1009 688 1066 730 qui
1089 688 1178 730 leges
1201 687 1357 721 serendas
1382 690 1549 731 decernit,
1584 691 1720 723 sancire
1742 691 1892 723 uoluerit
1916 688 2072 729 dixisset,
2105 695 2157 721 set

265 736 451 768 necessario
477 738 642 770 sanxerit.

352 790 381 831 §.
405 790 457 821 45.
493 789 667 832 Consiccre
690 792 892 823 necessariis
919 793 991 824 suis
1015 806 1115 826 suam
1139 794 1281 838 tribum)
1328 797 1520 828 Conciliare
1542 808 1636 829 suam
1660 796 1788 827 tribum
1811 794 1878 825 suis
1901 794 2016 825 amicis
2041 801 2074 826 et
2095 806 2154 826 co-

265 843 392 885 gnatis,
418 848 456 873 ut
478 849 560 885 aput
583 843 722 875 Terent.
747 845 914 888 (officere
936 847 1046 878 alicui
1068 848 1263 891 uirginem,
1287 851 1448 894 nuptias,
1470 856 1667 894 argentum.
1698 850 1906 880 GRAEL‘IL‘S.
1949 847 2041 879 Male
2063 847 2154 879 idem

263 896 355 934 suis,
379 894 467 937 quod
493 896 644 938 asperius
670 896 710 928 ad
735 898 825 928 auris
846 897 997 937 caderet,
1025 899 1174 932 deletum
1199 902 1319 933 uoluit.

346 949 459 980 Plena
488 950 593 981 eliani
623 951 862 993 antiquitatis)
916 951 1019 982 Plena
1048 964 1184 984 morum
1215 955 1452 997 antiquorum,
1494 969 1577 999 quos
1607 955 1751 987 maiores
1781 952 1888 984 nostri
1919 952 2154 984 obseruarunt.

262 1001 350 1032 Plin.
375 1001 433 1032 lib.
460 1003 500 1033 II.
532 1014 584 1045 ep.
610 1014 656 1035 2.:
701 1004 779 1034 Iam
807 1004 869 1035 lzoc
891 1005 1005 1047 ipsum
1030 1006 1218 1048 pulchrum
1242 1013 1273 1038 et
1303 1010 1498 1052 antiquom,
1538 1016 1695 1042 senatum
1728 1012 1824 1039 nocte
1855 1006 1998 1038 dimitti.
2042 1006 2088 1037 Et
2116 1005 2153 1037 iu

262 1054 384 1096 Paneg.
410 1055 478 1096 76.:
512 1056 590 1087 Iam
613 1068 717 1099 quam
740 1057 936 1099 antiquom,
966 1070 1070 1100 quam,
1093 1060 1290 1099 consulare,
1327 1063 1419 1105 quod
1440 1064 1598 1095 triduum
1620 1068 1730 1094 totum
1752 1065 1892 1092 senatus
1915 1059 1974 1091 sub
1998 1059 2150 1103 exemplo

264 1108 318 1139 tui
343 1108 442 1139 sedit.
489 1108 697 1138 GRAEt'u'S.

345 1160 418 1191 Isto
446 1160 482 1191 in
508 1160 647 1203 genere)
693 1160 732 1190 In
763 1160 827 1191 isto
857 1172 981 1203 genere
1011 1162 1206 1205 hominum,
1242 1165 1300 1208 qui
1328 1173 1410 1210 aput
1440 1167 1573 1200 tribulis
1597 1180 1674 1200 suos
1698 1165 1836 1210 gratiosi
1858 1175 1929 1196 esse
1952 1163 2149 1195 uoluerunt-

263 1211 334 1244 Cfr.
359 1215 388 1253 §.
409 1213 460 1243 44.
486 1218 594 1242 extr..

345 1265 395 1296 Et
423 1265 522 1296 hodie
555 1277 625 1296 esse
654 1265 811 1297 uidemus
841 1279 943 1309 quam
967 1267 1152 1310 plurumos
1178 1270 1367 1313 gratiosos)
1414 1273 1646 1304 Uehementer
1674 1272 1798 1309 miror,
1836 1269 1927 1312 quod
1956 1268 2008 1300 his
2034 1267 2145 1300 uerbis

260 1329 360 1348 nemo
380 1317 550 1348 editorum
566 1316 712 1348 offensus
728 1324 786 1348 cst.
815 1320 998 1360 Quomodo
1015 1321 1105 1351 enim
1122 1328 1212 1352 recte
1230 1323 1360 1354 locutus
1374 1324 1492 1356 Cicero
1508 1325 1707 1356 existumari
1723 1329 1844 1367 potest,
1869 1321 1999 1352 dicens:
2022 1322 2096 1353 Isto
2109 1321 2146 1353 in

258 1383 385 1414 genere
408 1377 440 1403 et
453 1370 595 1413 ficimus
618 1371 704 1414 ipsi,
733 1384 809 1403 cum
831 1372 1030 1404 ambitionis
1053 1381 1191 1407 nostrae
1214 1382 1367 1419 tempora
1388 1378 1632 1421 postulabant,
1658 1384 1690 1409 et
1714 1377 1934 1409 clarissumos
1957 1374 2052 1405 uiros
2075 1385 2146 1405 esse

260 1425 430 1463 uidimus,
455 1429 487 1456 et
508 1424 608 1455 hodie
631 1436 701 1455 esse
724 1425 882 1457 uidemus
906 1438 1009 1469 quam
1024 1427 1210 1470 plurumos
1230 1431 1417 1473 gratiosos.
1460 1432 1572 1462 Nemo
1596 1442 1666 1462 non
1689 1428 1865 1471 intellegit,
1889 1426 1993 1458 uerba
2014 1426 2088 1457 Isto
2110 1425 2147 1456 in

257 1488 382 1519 genere
405 1477 451 1508 ita
473 1488 543 1507 esse
567 1476 754 1515 conlocata,
796 1484 833 1508 ut
857 1490 925 1509 non
948 1485 1079 1511 tautum
1105 1482 1145 1511 ad
1169 1482 1320 1524 primum
1344 1483 1487 1514 uerbum
1502 1485 1663 1528 fiiimus,
1699 1489 1749 1515 set
1771 1483 1872 1513 etiam
1894 1478 2080 1511 necessario
2103 1477 2147 1509 ad

258 1530 433 1571 sequentia
462 1542 532 1560 esse
554 1530 708 1561 uidimus
732 1537 764 1562 et
787 1532 887 1563 hodie
909 1544 980 1563 esse
1008 1534 1166 1565 uidemus
1194 1534 1373 1566 referenda
1398 1535 1476 1567 sint.
1522 1538 1593 1568 Iam
1616 1537 1688 1580 ipsa
1710 1537 1770 1568 illa
1791 1535 1897 1566 uerba
1924 1534 1997 1565 Isto
2021 1533 2057 1564 in
2081 1544 2147 1575 ge-

258 1594 338 1614 nere
360 1588 548 1624 apertumst
574 1594 641 1612 11011
665 1582 731 1613 alio
756 1594 852 1625 posse
877 1596 978 1616 sensu
1002 1585 1090 1616 dicta
1113 1598 1201 1626 esse,
1239 1599 1355 1630 quam,
1388 1590 1454 1621 isto
1478 1591 1514 1622 in
1535 1602 1662 1634 genere
1684 1590 1877 1626 hominum,
1912 1586 1972 1630 qui
1992 1585 2145 1629 gratiosi

258 1640 344 1677 aput
368 1635 507 1666 tribulis
530 1647 609 1666 suos
633 1647 703 1667 esse
726 1637 922 1669 uoluerunt.
968 1638 1060 1669 Haec
1083 1645 1195 1670 autem
1219 1640 1247 1671 si
1270 1641 1518 1685 subintellegis,
1555 1643 1589 1673 id
1615 1643 1705 1685 quod
1729 1642 1803 1674 fieri
1827 1645 1979 1684 oportet,
2014 1638 2058 1670 ad
2083 1649 2146 1670 ex-

258 1693 407 1718 tremum
429 1687 640 1726 membrum,
677 1694 708 1719 ct
731 1689 831 1721 hodie
854 1703 924 1721 csse
947 1691 1104 1723 uidemus
1136 1705 1240 1736 quam
1258 1694 1444 1737 plurumos
1463 1697 1656 1739 gratiosos,
1690 1695 1910 1738 ineptissume
1932 1697 2025 1734 patet
2046 1691 2145 1722 addi-

258 1746 331 1771 tum
353 1740 557 1771 adiectiuom
577 1741 752 1783 gratiosos
777 1753 857 1773 esse.
903 1744 1025 1785 Neque
1048 1756 1130 1776 uero
1154 1752 1212 1776 aut
1234 1746 1380 1780 latinitas
1404 1756 1462 1780 aut
1485 1749 1550 1780 loci
1573 1750 1739 1781 sententia
1769 1745 1936 1783 admittit,
1971 1750 2010 1775 ut
2039 1743 2143 1775 uerba

259 1794 325 1825 isto
354 1795 388 1825 in
411 1806 537 1837 genere
568 1805 645 1824 cum
675 1793 842 1825 adiectiuo
871 1798 1048 1838 gratiosos
1078 1803 1168 1828 arcte
1193 1799 1457 1841 coniungantur,
1492 1802 1557 1833 hoc
1585 1814 1701 1834 sensu:
1735 1799 1933 1833 istiusmodi
1957 1798 2142 1840 gratiosos.

258 1846 413 1877 Minume
436 1847 526 1877 enim
551 1846 592 1876 de
608 1846 701 1876 uario
724 1847 950 1889 gratiosorum
974 1850 1152 1881 hominum
1175 1862 1298 1893 genere
1322 1854 1475 1895 exponit,
1500 1861 1551 1885 set
1573 1854 1774 1897 simpliciter
1804 1862 1938 1894 semper
1958 1850 2060 1881 fuisse
2087 1848 2143 1880 ui-

259 1910 314 1930 ros
336 1899 441 1931 bonos
465 1899 585 1930 docere
609 1899 696 1938 uolt,
732 1900 789 1942 qui
814 1907 896 1943 aput
919 1902 1053 1934 tribulis
1076 1915 1153 1935 suos
1177 1904 1314 1946 gratiosi
1339 1916 1409 1936 esse
1437 1907 1621 1938 noluerint.
1669 1908 1765 1949 Quae
1786 1917 1862 1936 cum
1885 1905 1931 1935 ita
1953 1903 2039 1942 sint,
2072 1913 2143 1933 non

261 1950 377 1982 dubito
408 1952 582 1994 equidem,
621 1952 702 1995 quin
726 1954 902 1995 gratiosos
930 1955 970 1986 ab
994 1956 1181 1999 interprete
1212 1957 1448 2000 explicationis
1475 1971 1588 1992 caussa
1609 1972 1711 2004 super
1734 1971 1836 2003 quam
1854 1958 2036 2001 plurumos
2059 1954 2144 1986 scri-

259 2009 356 2045 ptum
380 2011 412 2036 et
433 2018 451 2036 a
474 2006 620 2037 librariis
644 2006 677 2037 in
702 2012 836 2037 textum
861 2014 1036 2050 receptum
1059 2009 1113 2040 sit.

346 2057 550 2090 Dccuriatio
574 2058 770 2102 tribulium)
816 2060 1006 2093 Oxoniens.
1029 2074 1133 2102 unus,
1158 2063 1332 2103 tribuum3
1363 2064 1494 2096 medius
1518 2071 1568 2096 est
1588 2066 1690 2104 Bau.,
1726 2064 1761 2095 in
1783 2074 1849 2105 quo
1881 2061 2069 2100 tribulum,
2092 2066 2143 2092 set

259 2121 323 2153 pro
348 2111 548 2151 tribulizmz,
575 2119 612 2143 ut
636 2124 697 2155 ego
722 2113 860 2154 quidem
882 2113 1101 2156 interpretor.
1146 2116 1235 2147 Nam
1260 2117 1361 2148 etiam
1384 2129 1487 2160 supra
1509 2129 1535 2148 c.
1564 2130 1611 2160 19.
1636 2117 1774 2150 tribulis
1798 2115 2010 2154 decuriasse,
2038 2119 2140 2155 atque

258 2162 307 2194 ita
328 2162 424 2194 solet.
469 2164 508 2194 Iu
531 2165 638 2207 Epist.
661 2165 703 2196 ad
728 2167 771 2207 Q.
796 2167 950 2198 Fratrem
974 2168 1022 2207 Π,
1046 2168 1076 2200 5.
1105 2169 1215 2201 SCum
1228 2169 1373 2214 factum
1395 2176 1463 2208 est,
1486 2176 1524 2202 ut
1547 2171 1747 2202 sodalitates
1771 2167 2009 2210 decuriatique
2031 2165 2141 2197 disce-

260 2215 391 2246 derent.
416 2215 673 2249 GARATONU'S.
720 2220 806 2250 Cum
830 2232 898 2251 11011
921 2221 1001 2252 Bau.
1024 2221 1146 2261 solum,
1171 2234 1291 2254 uerum
1316 2223 1416 2254 etiam
1439 2223 1513 2254 Erf.
1536 2222 1756 2266 plurumique
1779 2220 1876 2251 codd.
1899 2219 2047 2250 familiae
2068 2224 2141 2249 ter-

260 2267 326 2300 tiae
353 2267 519 2300 tribulum
541 2269 702 2309 scribant,
735 2272 922 2304 uidendum
945 2273 1026 2313 erit,
1060 2286 1143 2305 num
1165 2274 1255 2306 forte
1278 2276 1359 2307 haec
1381 2276 1522 2318 genitiui
1544 2274 1653 2306 forma
1676 2286 1694 2305 a
1717 2274 1880 2305 Cicerone
1902 2276 2064 2313 usurpata
2085 2270 2139 2302 sit.

348 2321 554 2353 Decuriatio
584 2323 780 2364 tribulium,
817 2327 1003 2370 descriptio
1027 2328 1164 2371 populi)
1209 2329 1288 2359 Non
1317 2328 1437 2359 codem
1459 2339 1557 2359 sensu
1581 2327 1773 2359 decuriatio
1797 2326 1979 2357 tribulium
2002 2322 2138 2362 dicitur,

261 2385 328 2416 quo
353 2374 537 2421 descriptio
557 2376 692 2418 Populi.
735 2379 825 2409 Nam
855 2378 1029 2411 decuriare
1054 2380 1189 2412 tribulis
1220 2380 1286 2411 dici
1309 2381 1461 2421 uidetur,
1499 2380 1557 2422 qui
1581 2380 1714 2412 tribulis
1737 2390 1814 2411 suos
1837 2378 1873 2409 iu
1897 2376 2066 2416 decurias,
2100 2374 2136 2406 id
