2264 2746
629 136 654 166 C
673 135 703 165 A
722 137 764 166 P.
802 135 932 164 XXXI.
952 134 979 175 §.
999 139 1046 167 76.
1060 149 1098 156 —
1115 135 1260 164 XXXII.
1286 134 1313 175 §.
1333 140 1379 167 77.
1886 141 1939 168 193

67 226 132 259 per
154 214 330 247 hominum
352 214 443 252 uim,
483 218 517 245 et
539 223 624 255 quae
647 210 684 243 ui
705 217 777 243 acta
798 223 860 254 per
886 210 1066 242 factionem
1090 209 1234 251 suerint,
1274 210 1429 253 iniquom
1459 215 1509 242 est
1533 208 1661 253 populo
1693 209 1853 242 uniuerso
1877 210 1938 242 tri-

71 267 187 299 buere.
231 267 290 298 Set
310 279 421 309 neque
445 267 553 310 placet
576 265 745 297 iniuriam
762 265 956 308 praetoris,
994 263 1083 305 quod
1107 270 1230 295 temere
1252 263 1316 296 suit
1337 275 1356 294 a
1377 262 1599 295 Lallemando
1622 268 1804 305 receptum.
1848 264 1936 295 Nam

71 320 163 363 quod
188 319 358 352 Racilium
381 319 504 351 iudicio
527 318 697 350 adflictum
721 318 859 349 uolunt:
893 328 1035 359 quaero,
1061 316 1237 348 defensum
1262 328 1323 347 nec
1346 327 1388 347 ne
1410 322 1527 359 putent
1548 327 1567 346 a
1589 314 1717 346 Tullio.
1760 316 1796 347 Si
1819 315 1938 348 desen-

71 386 166 413 sum,
195 374 262 405 iam
285 373 312 403 is
335 372 475 415 gratiam
500 371 644 410 rettulit,
672 371 760 413 quod
782 371 817 402 iu
839 382 874 402 sc
898 369 979 407 suit3
1003 370 1054 400 sin
1079 369 1209 409 minus,
1245 369 1303 410 qui
1327 369 1452 401 sactum
1476 369 1604 408 dicent,
1638 375 1674 400 ut
1696 368 1728 400 id
1749 369 1824 401 uiro
1848 375 1939 401 tanta

72 427 232 469 dignitate
257 426 405 469 praedito
429 437 498 456 11011
519 424 680 456 licuerit?
715 435 794 454 nam
822 423 971 454 uoluisse
1003 422 1198 453 concedent.
1243 422 1339 452 Certe
1362 429 1448 454 totus
1472 422 1526 453 hic
1550 422 1590 452 de
1614 421 1728 464 Cispio
1752 428 1785 453 et
1806 422 1938 453 Racilio

70 479 165 511 locus
188 478 336 510 indicare
358 477 506 517 uidetur,
543 488 613 508 non
636 476 739 507 fuisse
762 475 931 507 Racilium
953 487 972 506 a
995 475 1156 506 Cicerone
1177 473 1371 513 defensum3
1406 487 1515 517 neque
1537 474 1564 506 si
1583 476 1759 518 praetoris
1780 476 1940 518 legamus,

70 531 254 573 intellege,
292 542 376 572 quae
398 536 488 561 tanta
510 541 578 560 uno
601 529 637 560 in
657 536 811 572 praetore
837 529 889 560 uis
912 527 1028 566 suerit,
1067 532 1124 558 aut
1149 527 1246 568 quale
1270 527 1408 559 omnino
1433 528 1595 560 iudicium
1622 528 1725 560 fuisse
1746 527 1939 571 oportuerit.

72 584 184 615 Simul
207 584 271 615 hoc
293 589 412 621 statuo,
435 594 454 612 a
476 581 573 613 nobis
595 593 667 613 rem
688 589 813 625 gestam
834 583 935 625 plane
957 580 1188 623 ignorantibus
1211 580 1294 611 certi
1316 580 1403 611 nihil
1425 580 1464 612 de
1486 581 1630 612 lectione
1653 593 1750 624 posse
1773 579 1940 612 constitui.

71 636 184 668 Facile
208 635 359 677 quidem,
384 634 581 666 obscuritate
604 635 697 666 omni
721 641 954 679 permanente,
982 632 1122 665 offensio
1147 633 1294 673 tollitur,
1317 632 1344 663 si
1367 633 1503 675 legatur,
1529 639 1601 666 tam
1623 635 1777 666 licuisset
1793 644 1859 677 per
1881 632 1941 664 ho-

71 689 206 721 minum
238 688 312 720 uim
340 693 373 719 et
402 687 569 719 iniuriam
599 688 631 719 ei
654 690 813 731 gratiam
843 687 980 732 referri.
1023 685 1178 718 Uerbum
1207 686 1288 717 licet
1318 696 1395 717 cum
1426 687 1558 729 passiuo
1588 694 1668 730 aput
1696 686 1851 718 Tullium
1878 684 1943 716 ali-

71 741 204 782 quando
230 739 378 771 construi
402 739 514 771 docuit
544 741 777 783 VVopkens-ius
793 741 853 772 III.
876 742 970 772 Lect.
996 739 1089 771 Tull.
1115 751 1143 779 7.
1166 749 1200 781 p.
1226 738 1319 780 273..
1364 739 1414 771 At
1437 739 1607 781 quomodo
1631 746 1728 771 notae
1748 752 1783 783 p.
1808 739 1855 770 R.
1876 738 1944 769 huc

72 792 293 836 ini-epsei‘ilit,
329 792 402 834 quis
425 792 602 835 expediet?
647 793 738 825 Hinc
769 793 913 836 suspicio
936 793 1021 825 mihi
1046 793 1180 824 suborta
1202 797 1266 830 est,
1300 791 1345 822 ita
1368 791 1505 823 sortasse
1528 794 1691 838 scriptum
1716 792 1835 823 fuisse:
1872 796 1944 822 tam

73 846 228 878 licuisset
245 858 311 889 per
335 846 513 878 hominum
542 846 614 878 uim
636 853 669 878 et
690 847 859 879 iniuriam
874 846 1006 890 populo
1028 847 1186 877 Romano
1216 844 1248 876 ei
1267 845 1425 887 gratiam
1447 845 1589 889 referre.
1633 846 1806 878 Tribunus
1835 843 1943 887 plebis

72 909 149 930 cum
173 898 309 930 Plancio
332 897 440 929 suerat
463 899 635 941 superiore
663 900 805 942 [corrige
827 900 892 931 hoc
915 910 957 930 ex
980 899 1111 940 Proleg.
1134 898 1176 928 L.
1198 897 1258 927 III.
1285 897 1323 928 C.
1348 898 1373 928 Ι.
1399 899 1428 940 §.
1454 901 1500 939 2.]
1523 911 1611 930 anno
1634 898 1795 936 Racilius,
1818 896 1945 939 potuit-

73 961 157 992 que,
191 957 229 982 ut
257 951 400 994 opinor,
437 952 636 983 aedilitatem
664 959 776 994 petere
806 952 842 983 in
871 952 962 984 hunc
991 951 1103 993 ipsum
1129 961 1275 988 annum,
1309 961 1375 991 quo
1398 950 1580 992 Pompeius
1609 958 1643 983 et
1666 952 1801 983 Crassus
1823 949 1944 980 iterum

75 1014 157 1035 coss.
188 1016 257 1035 11011
288 1004 390 1035 1110110
419 1004 583 1035 aedilibus
615 1004 820 1046 insequentis
850 1004 929 1036 anni
964 1003 1114 1034 creandis
1141 1003 1290 1034 habuere
1325 1003 1478 1042 comitia,
1521 1004 1640 1046 quibus
1675 1002 1836 1046 designati
1871 1007 1945 1032 sunt

73 1055 228 1088 Plancius
250 1063 280 1088 et
302 1057 450 1097 Plotius,
474 1069 594 1089 uerum
617 1057 716 1088 etiam
738 1057 803 1088 alia
823 1057 954 1099 priora,
978 1055 1099 1097 quibus
1121 1055 1238 1086 aedilis
1272 1054 1373 1086 huius
1395 1056 1475 1086 anni
1497 1057 1645 1099 populus
1668 1056 1763 1095 fecit,
1789 1055 1866 1097 quia
1888 1055 1946 1085 de-

75 1115 168 1140 erant
190 1109 293 1151 hique
316 1111 423 1141 statim
450 1110 678 1151 magistratum
700 1109 884 1140 iniuerunt.
930 1110 970 1140 In
986 1108 1026 1139 iis
1048 1114 1161 1140 autem
1185 1108 1329 1140 comitiis
1353 1108 1524 1150 prioribus
1546 1110 1619 1141 uim
1642 1109 1843 1150 caedemque
1866 1119 1946 1139 uer-

75 1167 180 1192 satam
207 1174 276 1193 esse
300 1169 460 1194 testantur
477 1162 569 1194 Dion
594 1162 725 1193 Cassius
743 1162 917 1201 XXXIX,
942 1162 993 1193 32.
1019 1167 1050 1192 et
1070 1161 1269 1193 Plutarchus
1292 1161 1328 1192 in
1351 1162 1512 1204 Pompeio
1538 1164 1575 1194 C.
1599 1163 1710 1194 LIII..
1758 1162 1846 1204 Quid
1868 1173 1944 1203 ergo

71 1213 99 1243 si
125 1213 176 1244 uis
199 1214 258 1245 illa
279 1216 465 1256 Racilium,
489 1227 701 1246 acerrumuln
725 1226 842 1246 eorum
866 1215 1015 1252 hostem,
1039 1215 1096 1256 (1111
1119 1226 1191 1245 reni
1214 1214 1384 1256 publicam
1408 1227 1532 1246 nexare
1558 1215 1754 1257 cupiebant,
1783 1215 1946 1246 aedilitate

71 1265 244 1306 deiecerit,
277 1269 513 1311 populumque
534 1268 731 1300 Romanum
753 1268 892 1309 gratiam
916 1267 966 1306 ei,
991 1278 1069 1298 cum
1091 1268 1211 1306 uellet,
1244 1267 1369 1298 referre
1391 1279 1460 1298 non
1483 1268 1652 1300 siuerit‘?“
1686 1269 1945 1299 GARATONIL‘S.

72 1319 234 1351 Garatoni
263 1321 491 1352 coniecturam
523 1327 657 1351 eatenus
679 1320 891 1351 confirmauit
914 1321 1013 1359 Bau„
1038 1327 1199 1361 quatenus
1223 1332 1284 1363 pro
1303 1320 1429 1363 populi
1451 1321 1603 1353 Romani
1625 1320 1726 1352 habet
1745 1321 1876 1364 populo
1900 1331 1946 1352 r..

73 1371 189 1414 Itaque
212 1384 281 1404 non
304 1372 453 1404 dubitaui
476 1379 583 1404 totum
605 1374 738 1412 locum,
761 1379 798 1404 ut
819 1373 928 1404 uoluit
951 1373 1169 1412 Garatonius,
1194 1372 1404 1404 constituere.

158 1434 228 1466 Sed
253 1447 306 1466 me
332 1448 409 1467 cum
433 1441 569 1467 tantum
592 1436 663 1467 iam
685 1436 832 1468 Plancio
858 1435 1028 1477 deberem,
1065 1436 1186 1468 Racili
1214 1435 1389 1479 beneficiis
1408 1435 1528 1480 fuisse
1557 1438 1763 1479 contentum)
1810 1437 1946 1468 Exte-

75 1492 288 1518 nuaturus
311 1488 466 1519 merita
495 1490 561 1520 Cn.
588 1488 775 1527 Plancii,
811 1500 916 1529 quae
948 1489 1155 1520 intulisse
1184 1488 1227 1519 in
1248 1489 1297 1520 M.
1322 1489 1518 1521 Tullium
1543 1491 1792 1530 uideretur,
1833 1490 1880 1521 de
1902 1491 1944 1522 L.

77 1539 207 1570 etiam
234 1539 409 1572 Racilio
441 1540 640 1583 quaedam
674 1541 926 1573 Laterensis
958 1549 1384 1581 commemorauerat,
1433 1544 1505 1585 qui
1540 1544 1669 1586 magis
1701 1544 1945 1575 adiumento

77 1591 279 1623 Ciceroni
304 1592 439 1624 fuisse
462 1593 745 1634 uidebatur1),
778 1604 866 1624 cum
890 1594 1095 1626 Plancius
1118 1593 1159 1625 111
1188 1594 1414 1626 tribunatu
1437 1608 1513 1627 5110
1537 1608 1618 1628 11011
1640 1604 1866 1639 tantopere
1891 1597 1943 1627 sit

76 1656 149 1687 pro
173 1644 363 1677 eiusdem
385 1646 664 1678 restitutione
687 1646 905 1688 conisus-2).
951 1647 1012 1678 Ne
1041 1647 1119 1678 hoc
1141 1647 1275 1689 igitur
1298 1648 1335 1679 ei
1359 1648 1523 1681 deesset
1547 1649 1595 1680 ad
1617 1650 1814 1691 gratiam,
1847 1661 1946 1681 con-

76 1697 244 1737 fitetur,
283 1699 422 1731 animo
451 1699 757 1742 promtissimo
788 1699 915 1730 etiam
939 1699 1049 1730 hunc
1080 1700 1304 1731 Plancium
1339 1713 1432 1743 erga
1471 1703 1797 1735 restitutionem
1830 1714 1944 1734 suam

77 1750 223 1782 fuisse.
270 1751 347 1782 Sed
371 1753 568 1794 quoniam
594 1752 732 1783 omnia
762 1764 841 1795 per
864 1752 1088 1783 Racilium
1115 1752 1368 1785 uidebantur
1398 1755 1592 1797 impleta,
1624 1768 1705 1787 11011
1730 1756 1945 1798 expetisse

79 1815 121 1835 se
150 1803 272 1842 dicit,
302 1811 343 1835 ut
374 1805 498 1836 etiam
530 1805 608 1836 ille
639 1817 689 1837 ex
719 1805 947 1847 superfluo
978 1805 1215 1842 laboraret,
1253 1807 1321 1848 (1111
1350 1814 1511 1839 tantum
1542 1808 1622 1839 sibi
1652 1808 1692 1838 in
1723 1815 1945 1850 quaestura

76 1855 355 1889 Macedonica
390 1858 695 1899 praestitisset.
741 1859 870 1890 Extat
897 1864 1035 1888 autem
1066 1858 1251 1891 libellus
1287 1860 1476 1892 eiusdem
1510 1860 1749 1901 Ciceronis,
1787 1863 1857 1904 qui
1888 1863 1946 1894 ita

76 1908 350 1941 inscribitur:
396 1919 606 1942 EDICTUM
641 1920 770 1942 LUCII
808 1919 992 1942 RACILII
1030 1919 1229 1942 Tizlsst‘xi
1271 1916 1466 1954 PLERI3),
1513 1914 1621 1955 quod
1659 1914 1730 1944 sub
1768 1915 1945 1946 nomine

77 1961 220 2004 ipsius
250 1961 400 1993 Cicero
431 1962 663 2008 inscripsit
694 1964 737 1996 in
766 1963 1063 1994 inuectionem
1086 1963 1122 1995 P.
1146 1964 1278 1996 Clodi.
1311 1967 1472 1998 Scnotm
1495 1967 1754 1999 AMBROSIAM.
1800 1967 1887 1999 Cum
1909 1967 1944 1999 in

154 2128 182 2165 1)
220 2126 270 2154 Sic
290 2125 399 2164 scripsi
420 2137 436 2154 0
457 2128 537 2156 coni.
557 2127 596 2156 A.
615 2128 689 2157 Mai.
731 2128 837 2157 Codex
857 2129 1012 2158 uideatur.

151 2182 181 2219 2)
219 2183 308 2211 Falsa
326 2183 399 2212 haee
422 2191 500 2214 sunt.
540 2187 684 2215 Plancius
703 2187 892 2216 tribunatum
912 2187 1012 2225 plebis
1034 2187 1123 2223 iniit,
1157 2198 1225 2216 cum
1246 2188 1356 2218 Cicero
1385 2190 1417 2218 in
1437 2191 1567 2229 patriam
1594 2191 1655 2219 iam
1675 2193 1754 2218 esset
1772 2192 1942 2217 reuocatus.

78 2230 161 2260 Uide
181 2230 301 2268 Proleg.
320 2232 358 2260 L.
380 2232 434 2261 III.
455 2234 489 2262 C.
511 2233 533 2262 Ι.
554 2232 580 2273 §
602 2244 638 2263 2..

151 2287 182 2326 ὅ)
220 2287 303 2316 Nota
322 2291 502 2327 opusculum
523 2292 734 2331 deperditum,
755 2293 847 2321 immo
868 2303 1009 2331 prorsus,
1031 2293 1113 2332 quod
1133 2293 1240 2329 sciam,
1261 2294 1433 2324 inauditum
1457 2296 1626 2324 Ciceronis,
1665 2297 1703 2324 L.
1724 2294 1862 2323 Racilius
1883 2295 1942 2323 tri-

78 2336 228 2365 bunatum
253 2335 326 2363 iniit
346 2347 413 2365 011111
432 2339 559 2368 Plancio
580 2341 708 2379 aliisque
730 2351 809 2369 auno
835 2346 984 2377 excunte,
1019 2352 1078 2380 (1110
1101 2342 1210 2370 Cicero
1237 2341 1273 2369 ab
1295 2343 1389 2371 exilio
1410 2349 1571 2372 reuocatus
1592 2348 1653 2379 est,
1690 2343 1842 2382 gessitque
1862 2354 1941 2371 anno

79 2387 243 2422 sequente,
267 2384 451 2413 Marcellino
480 2393 510 2416 et
529 2388 676 2427 Philippo
704 2389 890 2417 consulibus.
930 2389 1017 2416 Belle
1043 2389 1081 2417 ad
1105 2389 1187 2417 hunc
1212 2389 1314 2418 locum
1338 2391 1456 2420 faciunt
1483 2401 1558 2430 quae
1587 2391 1695 2420 Cicero
1716 2392 1825 2421 scribit
1845 2391 1881 2420 ad
1902 2393 1940 2429 Q.

77 2432 115 2460 fr.
135 2431 182 2467 II,
205 2439 228 2458 1.
249 2431 393 2460 Racilius
412 2438 546 2464 surrexit
564 2452 602 2459 —·
620 2438 774 2466 Plancius
794 2443 875 2465 totas
895 2443 997 2465 noster
1018 2443 1071 2465 est.
1108 2438 1145 2466 A.
1165 2439 1284 2467 Mmrs.

1491 2491 1528 2518 37
