2264 2746
231 89 283 118 186
878 85 1452 115 COMMENTARIUS.

231 172 315 193 roua
337 159 552 202 appellatur,
583 170 683 201 quam
706 158 794 188 ciuis
821 158 908 196 ciui,
931 170 953 188 a
976 170 1041 200 quo
1064 164 1224 190 seruatus
1247 166 1297 191 est
1321 161 1356 192 in
1373 162 1527 204 praelio,
1555 167 1673 194 testem
1696 165 1790 196 uitae
1812 167 2002 210 salutisque
2025 179 2107 210 per-

230 218 346 256 ceplue
368 213 441 243 dut.
488 211 706 243 Condiciones
736 222 776 241 cx
803 210 952 241 Masurio
977 210 1100 241 Sabino
1124 211 1203 242 duas
1226 210 1352 244 adfert:
1396 213 1423 244 si
1446 213 1492 253 is,
1531 215 1588 256 qui
1618 215 1726 247 ciuem
1750 218 1955 256 seruauerit,
1991 219 2110 249 eodem

234 272 386 307 tempore
410 265 508 295 etiam
540 264 671 293 hostem
705 263 879 300 occiderit,
920 274 1029 305 neque
1053 263 1165 294 locum
1187 263 1222 294 iu
1246 275 1283 295 ea
1304 276 1417 307 pugna
1438 267 1626 309 reliquerit.
1670 267 1799 299 Plinius
1822 270 1920 300 aliter
1942 270 2042 301 XVI.
2065 271 2111 301 II.

232 320 275 350 N.
300 320 330 348 4.
363 323 466 359 utque
488 327 564 347 cum
590 315 722 353 locum,
752 316 787 347 in
814 328 880 359 quo
903 317 948 347 sit
970 322 1104 355 actum,
1137 316 1302 348 obtineret
1324 319 1432 350 hostis
1455 332 1491 351 eo
1514 321 1580 352 die.
1623 321 1733 362 Atqui
1755 322 1828 352 siue
1850 321 1998 353 hostium
2022 320 2113 351 locus

233 371 349 407 fuerit.
373 371 444 400 sine
469 379 553 405 non,
585 367 766 410 pugnando
792 369 955 400 tenendus
979 376 1061 400 erat.
1106 369 1220 411 Pergit
1242 380 1344 402 uero:
1373 377 1413 402 ut
1435 372 1794 417 serzmtu.s·j}1teatur,
1824 376 1913 407 alias
1937 379 2037 406 testes
2064 373 2115 404 nil

233 425 370 456 iudeus:
401 420 487 461 quod
514 420 579 451 huc
601 432 762 452 maxume
786 422 944 463 pertinet.
991 421 1156 465 Superior
1183 422 1296 463 itaque
1320 422 1503 455 Africanus
1526 437 1685 458 coronam
1708 427 1864 466 ciuicam,
1897 438 1997 469 quam
2021 426 2118 468 patre'

233 477 414 515 eodemque
437 475 631 516 inperatore
653 481 786 505 seruato
810 481 995 513 meruerat,
1027 487 1096 506 non
1119 474 1263 517 petiuit,
1292 475 1381 515 siue,
1410 483 1449 508 ut
1471 478 1600 509 Plinius
1625 479 1796 521 loquitur,
1835 479 2044 516 1·ecu.s·sc1111't,
2072 488 2115 508 ne

234 531 389 573 pietatem
422 527 510 569 patri
541 527 582 557 ab
605 539 640 558 se
662 527 807 558 debitam
836 527 876 558 ab
901 539 939 558 eo
963 527 1139 559 uideretur
1170 540 1363 571 exposcere.
1408 529 1627 564 Scholiastes:
1666 545 1769 577 quam
1792 533 1946 564 traditur
1968 532 2009 563 de
2029 543 2116 574 gra—

232 579 425 622 uu'uefieri
448 580 596 612 solitum.
642 580 844 618 Hominem,
883 580 941 622 qui
964 581 1104 612 ciuicam
1134 581 1280 624 inperite
1303 592 1380 612 cum
1404 582 1602 614 obsidionali
1627 584 1821 624 confundit,
1863 585 1939 615 satis
1964 583 2116 626 egregius

232 636 339 665 editor
373 631 571 663 consutauit.
617 633 673 665 An
700 633 803 675 igitur
828 633 898 675 ipse
924 645 1058 675 quoque
1087 634 1135 665 M.
1160 634 1295 665 Tullius
1326 634 1467 674 errauit,
1505 647 1606 677 quom
1633 637 1695 668 IV.
1720 637 1755 667 in
1781 638 1877 670 Uerr.
1902 638 1953 668 56.
1980 635 2117 679 grami-

233 700 312 718 ηεαδ·
335 687 454 717 lut-stas
479 685 652 728 Syracusis
686 697 728 716 ex
753 686 834 716 aede
857 686 1035 717 Mineruae
1065 698 1083 717 a
1107 688 1144 718 C.
1168 688 1280 719 Uerre
1302 687 1448 718 sublatas
1477 695 1526 719 est
1548 689 1761 729 criminatus,
1803 692 1838 722 iti
1863 690 1984 734 quibus
2012 700 2118 732 neque

231 752 332 770 mam!
350 737 492 781 suctum
515 739 714 782 quidquam,
739 752 845 782 licque
861 740 1090 782 pulchritudo
1113 746 1188 771 erat
1212 741 1297 777 ullu,
1323 746 1373 771 set
1396 746 1530 772 tantum
1553 744 1759 785 magnitudo
1781 743 2020 775 incredibilis?
2065 742 2118 773 De

231 798 321 823 tanto
346 791 421 822 uiro
447 791 520 832 quis
544 792 681 823 credat?
723 803 832 833 neque
855 799 967 824 tamen
1000 805 1079 835 quas
1108 792 1215 823 hastas
1239 793 1429 835 intellegat,
1469 802 1671 837 conpertum
1698 802 1757 827 est.
1802 796 2001 827 Lectionem
2024 794 2118 825 illam

231 845 406 876 comnnnit
430 844 567 875 Seruius
591 844 629 874 ad
653 844 752 886 Uerg.
778 845 822 876 V.
846 845 935 877 Aen.
961 846 1050 887 237„
1092 845 1148 886 qui
1172 845 1257 876 bene
1280 846 1327 877 ait
1348 858 1367 877 a
1390 847 1506 878 Tullio
1530 848 1593 878 dici
1616 850 1837 891 gramineas,
1865 850 1897 881 71.
1920 860 1947 879 e.
1970 860 2010 878 ex
2030 858 2118 889 gra-

229 899 340 936 mme.-
365 897 540 928 conmunit
563 897 662 928 etiam
686 898 727 928 L.
749 897 930 940 Ampelius
954 910 1025 940 cap.
1050 899 1145 930 Vlll.
1170 898 1208 929 de
1230 899 1433 931 Atheniensi
1457 901 1634 932 Mineruae
1657 902 1752 944 signo
1775 902 1932 938 scribens,
1957 901 2032 944 ipsa
2055 912 2120 931 uu—

231 957 297 982 [ειηἸ
320 950 382 980 deu
412 950 512 981 babet
535 951 672 982 lum-tum
695 952 735 982 dc
756 953 927 993 gramine.
972 952 1114 983 Ueteres
1138 951 1258 993 igitur,
1294 952 1382 993 quod
1405 953 1502 985 nobis
1526 954 1679 996 ignotum
1705 960 1770 993 est,
1807 959 1984 985 nouerant.
2029 953 2119 983 Bur-

231 1014 372 1034 mannus
396 1002 436 1032 ad
459 1002 557 1032 illum
580 1002 678 1033 Serui
701 1003 812 1034 locum
838 1015 966 1045 nosque
989 1004 1023 1034 iu
1047 1009 1162 1034 uetere
1186 1006 1448 1043 commentario,
1473 1006 1672 1037 commentis
1696 1007 1841 1037 aliorum
1865 1005 2033 1049 perlectis,
2057 1016 2120 1035 ex·-

231 1055 353 1099 plorati
376 1054 463 1086 nihil
487 1055 676 1086 habuimus.
723 1056 853 1087 Deinde
883 1068 984 1098 quom
1010 1056 1172 1088 Ueri-inas
1201 1056 1324 1089 iterum
1352 1058 1542 1090 intermissa
1572 1059 1718 1090 editione
1751 1059 1953 1095 reuisereni,
1990 1057 2120 1088 Plinius

230 1122 285 1142 1ne
309 1109 372 1140 hoc
398 1108 439 1139 de
460 1107 551 1149 ligno
577 1114 793 1149 quaerentem
816 1109 857 1139 ad
878 1110 1007 1141 Indicos
1032 1109 1175 1139 calamos
1198 1110 1269 1140 siue
1292 1111 1470 1141 arundines
1493 1112 1683 1150 reuocauit,
1714 1113 1771 1155 qni
1792 1112 1909 1144 XVII.
1932 1112 1978 1142 H.
2002 1112 2047 1142 N.
2067 1111 2118 1142 55.

231 1176 285 1195 cos
309 1163 452 1193 calamos
477 1161 657 1192 lia-starum
683 1162 792 1192 uit-em
810 1162 977 1204 praebere
1001 1161 1048 1192 ait
1070 1162 1202 1193 additis
1226 1163 1445 1206 cuspidibus:
1482 1164 1562 1195 haec
1590 1172 1720 1203 autem,
1756 1164 1876 1206 quibus
1907 1174 2120 1205 summopere

232 1215 401 1247 monebar.
426 1213 594 1254 adiungit:
618 1213 800 1245 Aruudim'
822 1216 960 1257 quidem
982 1215 1126 1247 Indicae
1147 1214 1290 1247 arborea
1314 1218 1519 1259 amplitude,
1543 1224 1581 1249 ut
1604 1219 1707 1261 uolgo
1732 1219 1767 1249 isz
1792 1217 1927 1260 templis
1951 1216 2118 1248 uidemus.

230 1268 304 1301 Alii
328 1276 462 1308 quoque
488 1276 507 1295 a
528 1265 764 1308 Theophrasto
788 1267 850 1299 IV.
880 1268 970 1299 Hist.
995 1267 1104 1298 Plant.
1135 1278 1183 1298 12.
1215 1267 1333 1297 calami
1359 1275 1654 1300 conmemorantur
1677 1271 1919 1313 magnitudine
1943 1269 1993 1299 ita
2013 1279 2121 1311 prae—

231 1327 360 1352 stantes
385 1333 425 1351 ac
449 1319 584 1357 robore,
620 1325 657 1350 ut
675 1332 744 1363 pro
767 1320 893 1352 z'aculis
924 1321 1005 1352 usui
1032 1320 1112 1352 sint.
1156 1320 1289 1351 Locum
1318 1331 1499 1362 perperam
1528 1321 1727 1353 emendabat
1750 1322 1921 1359 Bodaeus,
1965 1320 2119 1362 quamuis

232 1386 273 1405 ex
298 1373 390 1404 India
414 1372 465 1403 illi
488 1384 555 1404 non
579 1372 662 1404 sint:
699 1371 860 1403 differunt
883 1373 973 1404 enim
996 1369 1154 1405 ιῖκόντιον
1180 1378 1211 1403 et
1233 1368 1323 1416 δόρυ.
1371 1374 1508 1405 Gratius
1531 1374 1679 1405 Faliscus
1707 1373 1853 1416 denique
1878 1373 2029 1413 accessit,
2059 1384 2119 1404 cu-

234 1427 281 1458 ius
306 1426 341 1457 hi
364 1431 442 1458 sunt
467 1436 581 1457 uersus
604 1425 640 1456 in
665 1426 870 1468 Cynegetico
896 1425 937 1456 ab
965 1436 1021 1467 127
1045 1425 1084 1456 ad
1110 1426 1200 1457 153.:

689 1495 786 1523 Disce
806 1495 939 1533 agedum
958 1500 987 1522 et
1007 1494 1125 1522 ualidis
1145 1494 1295 1523 delectum
1314 1494 1480 1524 hastilibus
1500 1505 1623 1523 omnem.

690 1543 835 1571 Plurima
860 1542 997 1569 Threicii
1017 1543 1158 1570 nutritur
1178 1542 1313 1571 uallibus
1333 1543 1435 1571 Hebri

690 1589 823 1622 Coruus,
845 1595 873 1617 et
893 1589 1052 1618 umbrosae
1076 1590 1206 1618 Ueneris
1220 1601 1279 1627 per
1299 1592 1394 1620 litora
1413 1597 1540 1629 myrtus,

696 1637 851 1674 Taxique,
867 1639 1043 1675 pinusque,
1064 1639 1282 1676 Altinatesque
1299 1641 1453 1677 genistae,

690 1684 731 1711 Et
752 1686 854 1722 magis
878 1687 1050 1722 incomptus
1070 1696 1180 1722 operae
1199 1685 1331 1714 Lictoscr
1351 1687 1486 1723 agrestis

697 1732 834 1768 Termes,
862 1733 900 1760 ab
921 1734 992 1762 Eois
1014 1734 1173 1761 descendet
1193 1735 1287 1771 uirga
1306 1733 1442 1768 Sabaeis,

690 1779 800 1808 Illaler
821 1781 942 1809 odorati
962 1782 1058 1810 mallo
1075 1781 1291 1819 pulcherrima
1312 1781 1423 1810 thuris.

235 1846 326 1876 Haec.
349 1847 476 1877 arundo
501 1846 615 1877 Indica
638 1847 775 1879 omnino
801 1854 864 1887 est,
904 1849 1055 1880 admixta
1082 1849 1123 1880 de
1146 1850 1245 1881 thure
1266 1848 1398 1889 fabula,
1441 1861 1525 1892 quae
1547 1857 1619 1881 tum
1641 1849 1823 1882 ferebatur.
1868 1849 1982 1890 Quom
2004 1847 2116 1889 itaque

236 1898 276 1929 de
298 1899 470 1930 hastarum
492 1911 613 1942 genere
633 1901 826 1942 cogitarem.
856 1902 943 1943 qnod
967 1901 1236 1943 magnitudinem
1260 1902 1398 1934 haberet
1421 1914 1497 1935 cum
1519 1904 1738 1935 admiratione
1761 1903 1981 1940 coniunctam,
2004 1900 2117 1932 animo

237 1952 346 1982 statim
376 1953 576 1983 arundineae
609 1953 875 1986 obuersabantur
907 1962 937 1986 et
962 1955 1096 1997 penitus
1126 1954 1326 1986 insidebant.
1374 1956 1432 1987 Set
1455 1967 1513 1987 cur
1536 1957 1763 1995 αΓιιηᾱῐηεαε,
1805 1966 1906 1997 quom
1930 1960 2015 1984 certe
2038 1964 2119 1996 pos-

238 2010 328 2042 sent,
365 2016 417 2036 eas
443 2006 560 2037 Cicero
593 2012 626 2037 et
650 2006 830 2048 Ampelius
854 2019 920 2039 non
947 2008 1189 2051 appellarunt?
1225 2019 1284 2038 cur
1308 2009 1445 2039 Seruius
1469 2010 1586 2042 hastas
1609 2022 1649 2041 ex
1669 2009 1829 2052 gramine
1851 2013 2024 2048 tamquam
2045 2018 2118 2038 rem

239 2056 338 2097 uolgo
364 2065 574 2100 perspectam
596 2071 665 2091 nou
689 2060 896 2102 explicauit?
944 2060 1060 2101 Quom
1081 2060 1116 2091 id
1141 2072 1210 2091 non
1234 2061 1446 2103 expedirem,
1471 2062 1654 2104 Iosephum
1679 2063 1849 2099 Corream,
1875 2059 1933 2101 qui
1955 2059 2040 2090 mihi
2063 2071 2119 2091 re-

239 2114 337 2150 pente
359 2110 486 2142 adstitit
517 2123 534 2142 e
557 2112 748 2150 Lusitania,
787 2124 903 2143 rerum
934 2113 1136 2144 naturalium
1162 2113 1418 2156 peritissumum
1446 2114 1560 2146 uirum
1583 2114 1629 2145 ita
1657 2113 1827 2152 consului,
1864 2119 1902 2144 ut
1925 2111 2117 2152 celauerim,

241 2160 322 2202 quid
345 2162 534 2194 meditarer.
579 2165 610 2196 Is
634 2163 825 2201 confestim,
860 2165 1055 2205 arundines,
1085 2166 1211 2209 inquit,
1242 2166 1374 2198 Indicae
1396 2173 1485 2199 suut.
1529 2167 1601 2209 Ego
1624 2177 1724 2197 uero:
1762 2165 1874 2198 itane?
1919 2171 2119 2208 usurpatum

240 2225 303 2257 pro
323 2214 487 2245 arundine
510 2227 646 2257 gramen
670 2220 795 2260 putas?
839 2218 930 2249 Tum
955 2219 1028 2251 ille:
1065 2219 1206 2261 quidni?
1244 2230 1322 2251 nam
1345 2219 1459 2251 eadem
1482 2219 1517 2250 in
1539 2218 1666 2250 familia
1688 2218 1871 2260 antiquitus
1894 2218 2117 2260 ponebantur.

242 2268 380 2300 Ueteres
405 2267 494 2297 enim
519 2279 619 2308 quom
644 2282 764 2312 genera
786 2271 980 2313 plantarum
1003 2283 1072 2304 non
1094 2273 1295 2304 articulatim
1327 2270 1465 2303 dissecta
1492 2277 1747 2314 cognoscerent,
1783 2277 1833 2302 set
1855 2282 1898 2302 ex
1922 2271 2118 2312 cognatione

243 2319 383 2362 quadam
409 2319 447 2349 ad
463 2330 566 2350 unum
589 2324 681 2362 quasi
704 2330 803 2365 caput
826 2324 933 2355 multa
955 2324 1130 2365 referrent,
1154 2325 1325 2368 gramineo
1348 2335 1469 2367 genere
1490 2323 1718 2355 frumentacea
1740 2323 1792 2367 (de
1808 2323 1928 2366 quibus
1944 2324 2117 2366 Uergilius

242 2374 262 2405 Χ
281 2374 322 2404 Π.
347 2374 434 2405 Aen.
461 2372 532 2404 b'o‘d.
556 2373 625 2404 Illa
649 2378 705 2407 uel
729 2378 879 2409 intactae
902 2379 1027 2420 segetis
1044 2390 1110 2422 per
1140 2391 1273 2411 summa
1295 2378 1429 2411 uolaret
1454 2376 1657 2419 Gramina),
1694 2377 1863 2416 miliacea,
1898 2376 2116 2409 arundinacea
