2264 2746
259 112 294 138 4¹4
798 98 842 127 Μ.
879 94 1047 123 TULLI
1079 94 1366 124 CICERONIS
1410 94 1614 123 ORATIO

264 182 310 212 ita
332 185 365 211 et
387 189 463 209 cum
485 176 537 208 his
564 181 597 206 et
619 175 707 205 inter
729 171 790 203 hos
813 170 905 210 uixi,
932 169 960 201 is
980 169 1016 201 in
1040 169 1162 201 caussis
1184 175 1365 212 patronus,
1388 168 1416 200 is
1438 169 1475 200 in
1496 181 1534 200 re
1556 169 1692 212 publica
1712 169 1794 201 ciuis
1822 175 1856 201 et
1869 181 1942 201 sum
1961 175 1995 201 et
2008 181 2141 213 semper

217 237 253 263 76
265 231 331 272 fui,
355 231 444 262 solus
469 236 505 260 ut
527 241 545 260 a
567 234 599 258 te
622 224 824 263 constituar,
859 222 918 265 qui
940 222 1027 254 nihil
1050 235 1067 253 a
1089 222 1257 254 iudicibus
1281 221 1420 253 debeam
1442 234 1604 265 umquam
1627 223 1835 269 inpetraged„
1853 223 1900 254 Et
1921 221 2006 265 mihi
2029 222 2143 253 lacru-

262 285 390 317 mulam
421 279 570 323 Cispiani
598 276 701 308 iudici
732 276 888 307 obiectas.
934 275 988 306 Sic
1022 274 1115 306 enim
1147 275 1281 306 dixisti:
1320 274 1423 307 Uidi
1454 286 1530 318 ego
1560 282 1672 307 tuam
1707 266 1998 316 lacrumulami
2041 274 2141 314 Uide,

264 350 364 381 quam
387 348 440 368 me
462 331 557 364 uerbi
580 329 630 361 tui
651 329 831 372 paeniteat.
876 330 958 361 Non
980 327 1082 358 modo
1106 327 1349 366 lacrumulam,
1372 333 1423 358 set
1444 328 1567 360 multas
1590 329 1755 361 lacrumas
1780 335 1813 360 et
1835 329 1953 359 fletum
1975 322 2051 358 c‘um
2073 327 2145 359 sin-

264 392 360 435 gultu
384 388 499 419 uidere
520 382 674 426 potuisti.
718 382 777 415 An
799 393 876 424 ego,
916 380 975 423 qui
999 392 1155 411 meorum
1178 379 1337 411 lacrumis
1368 391 1423 410 me
1453 380 1589 412 absente
1620 389 1796 414 conmotus
1831 381 2035 419 simultates,
2066 391 2146 421 quas

267 453 399 476 mecum
421 437 577 475 habebat,
616 433 826 478 deposuisset
856 445 1018 476 meaeque
1047 433 1162 464 salutis
1191 444 1261 464 non
1291 431 1395 463 modo
1418 444 1487 463 non
1511 441 1742 476 oppugnator,
1777 441 1815 466 ut
1840 432 1969 484 inimiqi
1992 432 2059 463 mei
2081 443 2147 474 pu-

221 501 257 527 77
270 501 392 531 taran‘,
418 497 468 522 set
493 490 595 521 etiam
618 487 775 520 defensor
796 485 924 526 fuisset,
950 487 1051 517 huius
1074 486 1108 516 in
1132 485 1294 533 periculo,
1308 496 1379 516 non
1400 484 1625 528 significarem
1648 487 1803 520 dolorem
1825 486 1964 520 meum?
2007 486 2063 516 Tu
2087 496 2150 516 au..

268 556 346 583 tem,
371 542 574 581 Laterensis,
600 541 659 584 qui
681 547 756 572 tuin
778 540 943 571 lacrumas
966 551 1057 570 meas
1081 545 1189 581 gratas
1214 550 1284 570 esse
1307 537 1451 578 dicebas,
1474 549 1564 569 nunc
1587 539 1721 571 easdem
1742 541 1793 573 uis
1819 540 2003 572 inuidiosas
2025 537 2148 569 uideri.

350 606 504 639 XXXII.
537 606 647 647 Negas
672 603 883 634 tribunatum
907 602 1023 634 Planci
1047 602 1227 644 quicquam
1251 601 1411 632 adtulisse
1433 601 1621 632 adiumenti
1645 602 1799 644 dignitati
1822 614 1932 641 meaeg.
1963 607 2064 643 atque
2085 602 2149 632 hoc

270 665 364 700 loco,
400 659 491 703 quod
516 658 703 689 uerissume
725 655 834 687 facere
854 662 968 699 potes,
997 656 1039 687 L.
1066 656 1190 694 Racili,
1221 654 1409 686 fortissumi
1432 661 1465 686 et
1487 655 1759 686 constantissumi
1779 656 1862 693 uiri,
1899 655 2015 686 diuina
2037 655 2073 686 in
2094 665 2151 686 me

268 714 389 747 merita
411 722 654 744 commemoras.
700 709 765 740 Cui
789 709 925 750 quidem
949 720 1027 751 ego,
1051 708 1138 739 sicut
1161 709 1223 740 Cn.
1247 707 1402 745 Plancio,
1426 718 1614 749 numquam
1637 707 1848 739 dissimulaui
1869 720 1923 739 me
1949 709 2151 751 plurumum

266 768 400 805 debere,
427 774 629 807 semperque
654 773 736 804 prae
758 773 813 793 me
838 760 964 793 feram:
989 761 1097 792 nullas
1125 761 1215 792 enim
1239 761 1303 792 sibi
1328 761 1387 792 ille
1409 772 1519 802 neque
1545 760 1787 799 contentiones,
1812 772 1922 803 neque
1945 761 2150 800 inimicitias,

267 832 377 863 neque
398 818 489 850 uitae
514 816 747 848 dimicationes
782 826 843 846 nec
873 826 936 857 pro
967 825 1004 844 re
1026 813 1162 856 publica
1189 825 1251 844 nec
1275 825 1340 856 pro
1364 825 1420 844 me
1444 813 1661 855 defugiendas
1684 814 1829 856 putauit.
1871 814 1988 856 Atque
2010 815 2152 854 utinam,

268 885 368 916 quam
391 883 451 914 ego
477 881 551 902 sum
574 869 609 900 in
632 868 730 899 illum
751 873 882 909 gratus,
928 873 997 898 tam
1027 866 1176 897 licuisset
1206 877 1269 909 per
1298 865 1477 897 hominum
1509 866 1581 897 uim
1605 872 1638 897 et
1660 867 1822 898 iniuriam
1843 867 1972 910 populo
1995 867 2153 898 Romano

270 927 301 957 ei
324 920 466 968 gratiam
488 921 636 955 referret
681 921 739 952 Set
761 920 789 951 si
812 932 881 952 non
905 919 1023 951 eadem
1049 919 1222 951 contendit
1243 919 1280 950 in
1305 918 1480 950 tribunatu
1501 919 1676 961 Plancius,
1705 920 1911 952 existumare
1938 920 2059 962 debes,
2084 931 2155 952 non

346 1086 391 1113 ita
403 1089 433 1112 ct
449 1082 528 1122 cum)
544 1084 605 1114 Ma,
621 1082 685 1115 Mb,
702 1082 758 1115 Lc,
775 1080 826 1115 Pa,
842 1080 883 1115 D,
900 1080 942 1114 H,
959 1085 989 1107 ct
1003 1090 1021 1112 ς
1038 1082 1084 1108 ita
1098 1090 1174 1107 cuna
1189 1094 1228 1099 -—
1268 1084 1298 1107 et
1311 1079 1393 1107 inter
1407 1076 1477 1117 hos)
1494 1080 1549 1108 Mb
1564 1091 1622 1113 om,
1639 1085 1685 1108 set
1698 1079 1791 1108 habet
1805 1080 1838 1108 in
1853 1080 1997 1118 margine.
2011 1095 2050 1101 —-
2086 1078 2157 1119 hos)

271 1135 302 1162 D
327 1139 357 1161 et
381 1133 405 1161 C
429 1142 484 1160 eos.
502 1146 539 1152 -—·
578 1130 603 1158 is
626 1128 671 1167 in)
690 1127 716 1154 E
739 1129 773 1154 iti
796 1127 861 1161 his,
890 1128 944 1161 Pb,
972 1128 1023 1162 Pe,
1041 1127 1076 1162 C,
1094 1137 1120 1161 ς,
1136 1131 1167 1154 ct
1185 1134 1209 1164 ψ
1230 1126 1278 1154 his
1302 1129 1343 1154 in.
1359 1143 1396 1148 —
1435 1127 1512 1155 ciuis
1537 1126 1579 1166 et)
1604 1128 1647 1155 Pa
1670 1138 1729 1155 om.
1752 1144 1790 1149 —--
1827 1128 1920 1165 nihil)
1940 1129 1992 1156 Mc
2013 1127 2097 1156 milei.
2118 1143 2156 1148 —

272 1182 301 1220 a)
315 1182 353 1220 23
368 1182 402 1208 in
417 1180 533 1207 iudicio
550 1183 577 1205 et
593 1187 622 1204 α.
639 1189 677 1195 --
716 1174 853 1212 debeam)
869 1175 921 1202 Ma
938 1175 1035 1202 deam.
1051 1189 1090 1194 -·
1128 1173 1283 1212 umquam)
1299 1176 1351 1203 ‘Mc
1367 1180 1397 1202 et
1410 1175 1455 1203 Pb
1471 1186 1639 1213 nunquam.
1656 1190 1695 1196 ——

347 1229 375 1268 §.
399 1227 442 1263 76.
477 1221 680 1256 lacrimulam)
700 1222 743 1249 Pa
765 1222 945 1249 lacrimans.
961 1237 999 1242 —
1037 1221 1176 1258 Cispiani
1193 1237 1231 1241 —
1247 1222 1320 1249 Non
1344 1223 1434 1251 modo
1457 1222 1542 1260 laer.)
1564 1224 1615 1250 Ma
1642 1234 1706 1257 om,
1727 1228 1773 1251 set
1793 1223 1887 1251 habet
1908 1223 1941 1251 in
1962 1221 2106 1259 margine.
2120 1236 2158 1243 —-

274 1273 426 1315 Cispiani)
448 1274 500 1301 Ma
523 1277 554 1299 et
578 1272 607 1298 D
632 1271 794 1306 C7·i.spam;
823 1269 888 1303 Mb,
910 1269 967 1303 La,
992 1269 1047 1303 Pb,
1072 1269 1124 1302 Pe,
1149 1268 1187 1303 O,
1209 1278 1236 1303 ς,
1257 1279 1304 1306 χι,
1328 1271 1354 1304 3,
1377 1275 1407 1297 ct
1430 1278 1455 1307 ψ
1479 1271 1655 1307 (,ἰ·ίεΡι“(ιηι“;
1680 1271 1730 1300 Lb
1745 1273 1898 1308 scipioni,·
1922 1271 1970 1298 Le
1986 1271 2158 1306 crispam&

274 1327 326 1353 Mc
341 1324 500 1360 cyprinum
521 1320 545 1347 C
561 1319 768 1355 Sciprianam.
785 1331 822 1336 —
861 1317 911 1343 Sic
933 1316 1015 1343 enim
1031 1331 1068 1337 ——
1082 1320 1164 1343 tuam
1182 1316 1389 1353 lacrimulam)
1411 1318 1439 1344 A
1456 1317 1557 1345 habet.
1572 1333 1611 1338 —
1648 1323 1730 1345 tuam
1746 1316 1948 1356 lacrimulam)
1966 1317 1992 1344 E
2009 1318 2160 1346 lacrimu-

275 1375 338 1401 lam
353 1379 449 1398 tuam.
463 1383 501 1388 -
520 1365 612 1399 side,
631 1374 720 1402 quam
735 1379 772 1385 -
786 1364 988 1402 lacrimulam)
1004 1364 1049 1391 Pb
1066 1373 1124 1391 om.
1141 1378 1179 1384 —·
1199 1374 1287 1401 quam
1303 1375 1350 1392 mc
1367 1364 1469 1402 uerbi)
1484 1365 1508 1392 B
1528 1370 1558 1392 et
1571 1364 1597 1391 Ε
1613 1375 1706 1402 quam
1720 1365 1814 1393 uerbi.
1830 1380 1868 1386 --
1905 1363 1964 1402 tui)
1978 1365 2031 1392 Mc
2048 1375 2106 1392 om.
2122 1379 2161 1385 -

351 1418 460 1453 modo)
479 1415 516 1453 23
531 1423 589 1441 om.
602 1428 640 1432 -
678 1410 797 1449 fletum)
813 1412 865 1439 Mc
875 1413 983 1449 stelas.
998 1427 1036 1432 —
1075 1411 1224 1449 singultu)
1242 1411 1265 1439 C
1281 1414 1447 1449 singluelu.
1461 1428 1499 1432 —
1537 1412 1680 1451 habebat)
1701 1413 1740 1450 23
1753 1411 1909 1440 habebam.
1923 1427 1962 1432 —-
1999 1411 2160 1450 deposuis—

275 1473 333 1503 sut)
348 1466 391 1494 Pb
411 1470 441 1492 et
458 1464 499 1491 Pe
517 1462 722 1498 disposuisset.
738 1475 776 1480 —
814 1459 972 1497 meaeque)
986 1460 1049 1494 Ma,
1066 1459 1132 1492 Mb,
1154 1459 1237 1488 L'ict.
1255 1470 1279 1494 a,
1292 1461 1348 1494 Lc,
1366 1461 1407 1495 II,
1431 1471 1458 1493 ς,
1481 1465 1511 1488 et
1526 1469 1560 1498 χι
1579 1470 1682 1493 meae;
1706 1459 1736 1486 D
1754 1470 1867 1497 meque.
1880 1474 1919 1479 —-
1956 1458 2075 1496 salutis)
2097 1461 2160 1495 Ma,

277 1516 332 1549 Le,
354 1514 395 1542 l),
419 1517 449 1539 ct
469 1511 502 1539 Π
524 1511 636 1537 salutis
662 1514 700 1535 et.
716 1522 754 1528 —-
792 1517 855 1535 non
880 1506 1086 1545 oppugnator)
1108 1507 1167 1541 Lb,
1191 1508 1242 1540 Pa,
1264 1513 1294 1535 ct
1318 1517 1342 1545 izv
1364 1515 1577 1546 oppugnator,
1603 1507 1650 1535 La
1671 1511 1703 1534 et
1721 1508 1772 1535 Mc
1796 1513 1831 1534 uc
1855 1513 2069 1545 oppugnator,
2091 1508 2161 1537 Cet

279 1564 315 1601 23
331 1567 373 1589 ut.
387 1575 425 1580 -—
463 1556 626 1596 putarant)
651 1555 688 1590 E,
711 1556 772 1591 Ma,
796 1555 862 1590 Mb,
883 1555 943 1589 Lb,
969 1555 1025 1590 Lc,
1054 1555 1104 1590 Pa,
1127 1555 1178 1590 Pe,
1193 1555 1234 1591 D,
1251 1556 1285 1590 C,
1301 1556 1342 1592 H,
1359 1556 1397 1592 T,
1413 1566 1460 1594 χ1,
1476 1561 1506 1585 ct
1520 1557 1708 1593 Sputarent.
1722 1570 1761 1575 -·
1798 1555 1832 1582 in
1853 1553 2007 1594 periculo)
2025 1555 2080 1584 Ma
2101 1566 2160 1593 om,

281 1612 324 1638 Lc
342 1613 372 1636 ct
387 1608 419 1636 II
433 1605 580 1644 periculo.
594 1618 631 1624 --

354 1657 387 1684 in
404 1651 558 1694 periculo)
573 1651 606 1680 in
624 1650 650 1678 E
668 1656 737 1688 post
752 1650 827 1678 haec
841 1649 937 1677 uerba
953 1654 1099 1677 secuntur
1116 1649 1217 1678 statim
1234 1660 1283 1685 ea,
1305 1661 1380 1688 quae
1403 1651 1548 1689 leguntur
1561 1647 1588 1688 §
1606 1651 1651 1684 78.
1665 1659 1727 1678 esse
1737 1656 1867 1687 gramm
1882 1650 2056 1679 crimineris
2071 1663 2110 1671 ·—-
2123 1661 2162 1680 ne

283 1707 335 1732 uix
348 1704 462 1741 possim
474 1706 588 1739 gratus
606 1699 719 1726 uideri.
759 1698 839 1725 Tum
856 1701 926 1735 post
940 1697 1043 1724 uideri
1058 1703 1203 1725 secuntur
1218 1709 1294 1736 quae
1310 1699 1369 1727 huc
1385 1699 1544 1737 pertinent
1565 1698 1630 1725 sinc
1646 1697 1899 1736 interpunctione
1922 1707 1983 1725 non
1998 1698 2165 1734 significa-

284 1764 345 1779 reni
370 1752 502 1779 dolorem
528 1746 651 1776 meum?
667 1761 704 1766 —
732 1757 799 1774 mea
822 1755 918 1773 causa
941 1755 1002 1773 esse
1015 1745 1171 1782 facturos.
1210 1747 1285 1775 Post
1309 1757 1344 1774 ea
1365 1751 1512 1774 scciuitur
1536 1746 1631 1774 uerba
1653 1746 1736 1783 quod
1754 1755 1809 1773 me.
1843 1745 1898 1772 sed
1913 1743 1990 1772 haec
2012 1754 2066 1782 ego
2085 1747 2162 1774 meis

281 1798 478 1836 ponderibus.
493 1812 532 1817 -—

360 1847 432 1885 non)
446 1847 483 1884 23
498 1845 593 1872 λἀνη.
609 1858 646 1864 —-·
684 1841 888 1879 significarem
905 1839 1043 1868 dolorem
1062 1841 1175 1879 meum)
1193 1841 1244 1869 Sic
1258 1842 1283 1869 B
1299 1847 1329 1870 et
1342 1842 1385 1879 E,
1406 1842 1502 1870 ceteri
1516 1842 1647 1870 dolorem
1662 1851 1761 1868 meum
1775 1839 1992 1877 significarem.
2003 1852 2041 1860 ·-

381 1916 387 1921 .
424 1904 446 1923 τ’.
468 1899 530 1921 tum
560 1894 610 1920 Mc
628 1901 704 1919 cum.
721 1905 758 1910 —

360 1891 556 1970 {JXXXI}
578 1938 728 1974 attulisse)
743 1939 794 1966 Mc
812 1936 963 1964 tribuisse.
979 1950 1017 1957 —·
1054 1935 1135 1973 dign.
1154 1935 1250 1975 meae)
1266 1937 1310 1964 Pb
1328 1941 1358 1965 et
1375 1937 1416 1964 Pe
1440 1947 1524 1964 meae
1539 1937 1698 1975 dignitati.
1711 1950 1750 1956 —-—
1787 1932 1838 1973 L.)
1851 1933 1877 1962 E
1893 1935 1976 1963 lucii.
1991 1950 2030 1955 —
2067 1935 2163 1965 Raci-

291 1989 337 2027 lii)
354 1988 380 2016 T
396 1988 547 2016 Lucullei.
562 2003 599 2008 --
640 1986 718 2022 uiri)
735 1986 782 2014 La
797 1995 854 2013 om.
868 2000 906 2005 —-
945 1983 1005 2012 Cui
1021 1982 1156 2021 quidem)
1171 1984 1197 2011 Ε
1215 1986 1269 2022 qui
1285 1995 1331 2013 me
1348 1984 1478 2022 quidem.
1494 1999 1531 2004 —
1568 1984 1648 2012 sicut
1664 1984 1720 2012 Cn.
1736 1981 1881 2018 Plancio)
1905 1981 1955 2009 Sic
1970 1993 1986 2011 e
2002 1983 2100 2021 coni.;
2119 1984 2163 2013 li-

290 2037 341 2065 bri
353 2038 431 2064 sicut
447 2037 478 2063 in
495 2037 626 2064 Plancio
642 2040 763 2073 praeter
778 2034 825 2071 23,
842 2032 894 2070 qui
909 2034 951 2060 sic
968 2033 1001 2059 in
1016 2032 1156 2059 Plancio.
1171 2047 1210 2051 —-
1247 2042 1320 2070 prae
1336 2042 1384 2060 me
1399 2030 1506 2070 feram)
1523 2032 1548 2060 E
1559 2030 1753 2068 praefi>ram,
1775 2028 1928 2065 Tferam.
1944 2044 1982 2051 —-
2018 2031 2079 2059 sibi
2093 2030 2164 2071 isse)

292 2085 335 2113 Pa
348 2085 400 2111 ille
416 2083 483 2110 sihi.
499 2097 534 2102 —-
572 2083 688 2120 neque)
704 2082 727 2110 C
746 2092 804 2110 om.
820 2096 857 2102 --
894 2078 1074 2107 inimicitias
1090 2093 1127 2098 —
1144 2079 1375 2115 dimicationes,
1395 2078 1464 2117 nec)
1480 2079 1507 2106 T
1525 2089 1628 2106 0111-
1666 2087 1722 2105 nec
1736 2087 1793 2114 pro
1808 2087 1842 2105 re
1858 2075 1901 2115 p.)
1918 2077 1963 2105 Pb
1981 2083 2012 2106 et
2027 2078 2052 2107 C
2067 2089 2165 2118 neque

289 2142 347 2168 pro
369 2140 400 2158 re
418 2141 462 2166 p..
477 2144 514 2150 ·—-
551 2139 606 2157 nec
627 2140 683 2167 pro
706 2129 765 2168 me)
792 2130 816 2158 C
843 2139 900 2157 om.
917 2143 955 2149 —
993 2126 1201 2165 defugiendas)
1223 2128 1276 2155 Ma
1299 2133 1330 2155 et
1356 2127 1398 2155 F1
1415 2126 1606 2164 fugienda-9,
1631 2125 1691 2160 Lb,
1713 2125 1765 2160 Pa,
1788 2130 1818 2153 ct
1844 2125 1868 2153 C
1890 2124 2110 2164 diffugienda-9.
2126 2141 2164 2148 —

293 2176 427 2217 putauit)
444 2176 466 2203 C
480 2179 604 2212 putaui.
619 2192 656 2197 -—·

367 2223 498 2260 utinam)
514 2224 563 2250 Mc
580 2234 661 2251 nunc
672 2245 678 2253 ,
693 2223 730 2260 23
745 2230 820 2251 uter.
836 2239 874 2244 —
913 2221 1027 2261 gratus)
1049 2233 1084 2261 χι
1102 2225 1257 2261 ingratus.
1273 2238 1313 2244 -
1350 2219 1424 2260 tam)
1444 2221 1486 2248 Pa
1506 2226 1579 2247 tum.
1592 2233 1631 2241 ——-
1668 2219 1746 2257 uim)
1762 2220 1800 2257 χ3
1815 2221 1891 2247 uita.
1906 2235 1946 2240 —
1982 2220 2100 2259 populo
2114 2220 2166 2260 R.)

297 2274 346 2301 Sic
363 2272 405 2307 B,
425 2270 462 2305 E,
478 2270 517 2304 D,
535 2271 573 2304 G,
589 2271 650 2305 Br.,
665 2271 866 2306 Lallemandi,
888 2276 919 2298 et
935 2271 1053 2309 aliquot
1067 2281 1136 2299 mss,
1153 2270 1283 2299 Gruteri
1300 2279 1339 2308 ’p’
1353 2271 1400 2301 Ie,
1414 2272 1462 2296 set
1477 2267 1510 2294 in
1527 2267 1578 2295 ΒΓ·
1594 2266 1709 2295 duabus
1725 2269 1738 2295 ι’
1752 2267 1866 2295 litteris
1883 2267 1986 2295 eadem
2003 2278 2040 2296 m.
2053 2277 2163 2306 super-

296 2319 415 2360 positis-
428 2322 520 2346 notae
544 2317 615 2345 illae
630 2318 841 2355 explicantur,
861 2319 905 2346 Pb
917 2321 1072 2357 praetoris
1080 2329 1092 2353 ,-
1112 2318 1194 2348 Pith.
1220 2321 1266 2347 rei
1279 2329 1308 2355 p.
1319 2328 1331 2352 ;
1357 2315 1452 2345 ceteri
1459 2316 1572 2353 populi
1586 2315 1724 2344 Romani.
1738 2330 1776 2335 —
1812 2315 1942 2352 referre)
1962 2315 2013 2343 Sic
2033 2325 2050 2343 e
2068 2314 2165 2352 coni.;

296 2367 371 2396 libri
384 2364 504 2402 referri.
518 2379 556 2386 —-

371 2410 559 2451 existimare)
572 2413 603 2440 D
623 2414 785 2449 extimare,
806 2412 830 2440 C
847 2415 1014 2442 aestimare.
1029 2428 1065 2435 —
