2264 2746
806 89 831 118 C
851 88 879 118 A
899 89 940 120 P.
978 89 1037 120 IX.
1075 88 1102 131 §.
1131 97 1278 125 22-24.
1939 101 1975 128 93

102 175 188 197 mae
215 163 339 194 uelut
368 161 411 193 in
444 162 544 194 affre
574 170 903 205 quaererentur.
949 166 1171 198 Feriarum
1200 167 1431 198 latinarum
1455 165 1682 199 sacrificio
1708 167 1873 200 solebat
1897 171 1973 202 hoc

100 215 345 254 obseruari,
383 221 429 246 ut
458 215 645 248 hostiam
669 216 871 249 ciuitates
894 218 1141 251 adiacentes
1165 220 1471 262 portiunculas
1495 220 1633 251 carnis
1657 220 1900 263 acciperent
1921 235 1972 255 ex

98 269 267 301 Albano
296 274 438 300 monte
468 269 701 300 secundum
728 277 921 302 ueterem
953 273 1320 313 superstitionem
1337 273 1374 317 ¹).
1421 275 1578 306 Uerum
1602 279 1684 304 tam
1710 273 1909 315 exiguum
1933 276 1973 307 in

98 322 191 354 illis
221 322 480 353 ciuitatibus
514 333 733 353 numerum
763 324 983 355 hominum
1013 324 1259 366 significat,
1293 332 1338 356 ut
1372 326 1520 358 desint
1550 326 1676 357 etiam
1707 326 1777 368 qui
1807 338 1973 360 carnem

97 375 283 418 petitum
307 375 354 405 de
377 374 584 406 sollemni
608 386 723 406 more
747 377 989 408 mittantur.
1018 377 1177 409 Scnotm
1202 378 1460 410 AMBROSIANA.
1506 379 1562 411 Ad
1587 379 1666 410 haec
1689 380 1821 411 Scholia
1845 381 1976 412 notauit

99 427 322 459 Garatoniusz
363 426 594 466 „scholiastes
616 427 657 458 de
680 427 772 459 feriis
798 428 908 459 latinis
933 428 1116 468 disserens,
1155 430 1237 460 alios
1261 430 1301 460 ab
1326 430 1405 473 ipsis
1429 432 1559 462 Latinis
1582 432 1717 474 populis
1740 432 1907 464 institutas
1931 434 1977 464 ait

97 480 319 519 existumare,
362 480 444 511 alios
475 491 493 510 a
517 480 706 521 Tarquinio
738 480 863 512 Prisco.
909 482 967 512 Set
995 481 1140 512 eximius
1173 481 1213 512 de
1243 482 1378 514 illarum
1409 484 1539 525 origine
1572 485 1663 515 locus
1687 491 1777 515 extat
1801 486 1975 528 scriptoris

96 533 335 576 probatissumi
360 533 482 575 Halyc.
510 532 613 564 Dion.
640 534 699 565 IV.
724 533 844 574 Antiq.
868 533 936 576 49„
965 533 1022 575 qui
1046 545 1115 564 non
1139 534 1300 571 Priscum,
1325 542 1375 567 set
1398 537 1589 578 Superbum
1613 537 1837 579 Tarquinium
1860 545 1977 570 aucto-

95 597 169 618 rem
192 586 285 625 facit,
310 596 525 626 caussamque
549 585 701 627 adiungit
726 592 898 627 optumam
925 585 1082 616 foederis.
1127 585 1177 617 At
1200 587 1418 625 Sdmliastes,
1448 589 1618 627 Quidam,
1648 589 1772 630 inquit,
1801 591 1839 623 id
1860 591 1978 633 (saci-i..

94 638 222 680 ficium)
246 640 373 670 initum
397 639 459 680 (sic
481 637 571 668 enim
595 638 685 679 lego,
717 650 784 668 non
810 638 964 682 initium)
989 651 1029 669 ex
1053 638 1220 680 imperato
1242 640 1361 672 Fauni
1383 642 1601 672 contendunt.
1646 643 1720 672 lloc
1744 655 1796 673 me
1819 645 1899 675 alibi
1926 645 1977 675 le-

93 691 180 733 gisse
202 703 271 722 non
294 691 445 722 memini.
491 691 582 721 Tum
609 691 689 721 haec
712 691 758 721 ibi
782 698 957 722 secuntur:
982 691 1159 723 Nonnulli
1175 709 1213 714 —
1234 699 1490 734 quaererentur.
1535 693 1659 724 illelius
1683 696 1797 726 eadem
1822 698 1977 729 uberius-

96 755 161 786 que
184 750 265 787 aput
289 745 427 775 Festum
452 755 485 786 p.
511 744 583 775 515.
608 744 660 774 ed.
684 743 829 775 Amstel.
855 743 1131 774 Oseillanles
1158 745 1210 775 ait
1236 744 1444 785 Cornificius
1468 746 1509 778 ab
1534 759 1588 784 eo,
1620 748 1710 789 quod
1732 760 1766 779 os
1790 752 1899 783 celare
1922 765 1975 783 so-

94 796 153 827 liti
181 797 336 839 personis
357 802 503 840 propter
530 797 793 833 uerecundiam,
833 796 892 838 qui
915 808 951 827 eo
973 790 1221 838 genere⁴lusus
1252 797 1448 830 utebantur.
1493 798 1606 830 Causa
1629 805 1744 830 autem.
1767 803 1838 833 eiu-s·
1865 805 1975 836 iacta-

94 849 199 880 tionis
216 851 383 892 proditur
406 850 560 881 Latinus
584 861 654 887 rex,
683 849 773 891 quod
789 849 936 891 proelio,
960 849 1051 892 quod
1073 847 1199 890 eisuit
1221 850 1390 881 aduersus
1414 852 1627 883 Illezentiunz
1650 851 1823 884 Caeritum
1850 867 1974 898 regem,

93 914 265 945 nusquam
290 902 513 945 (ulparuerit,
549 902 796 943 iudicatu-sque
825 902 871 932 sit
893 901 1055 945 Iuppiter
1070 900 1196 943 sactus
1218 902 1390 934 Latiaris,
1433 903 1558 946 Itaque
1576 915 1641 946 per
1667 917 1725 935 sex
1748 918 1801 936 eos·
1824 908 1895 938 (lies
1914 908 1976 950 fe-

94 954 203 985 riatos
227 954 349 986 liberos
375 966 560 997 seruosque
582 954 757 996 requirere
780 966 875 992 eum,
898 967 964 986 non
989 955 1100 985 solum
1121 954 1157 984 in
1182 955 1296 993 terris,
1319 956 1380 986 sed
1401 956 1516 994 etiam,
1540 958 1622 999 quia
1646 958 1824 990 uideretur
1848 961 1976 993 coelum

91 1017 191 1049 posse
213 1008 324 1045 adiri,
347 1019 412 1049 per
436 1006 697 1044 oscillationem,
721 1007 819 1038 uelut
844 1008 1031 1050 imaginem
1056 1007 1242 1050 quamdam
1265 1008 1360 1039 uitae
1382 1009 1564 1045 humanae,
1588 1011 1623 1041 in
1648 1023 1715 1053 qua
1738 1011 1907 1043 altiss-ima
1931 1015 1978 1045 acl

93 1058 266 1101 infimum,
295 1059 470 1089 interdum
493 1058 618 1101 infima
640 1060 687 1090 acl
700 1072 871 1092 summum
894 1060 1097 1105 efferuntur.
1139 1060 1256 1102 Atque
1272 1061 1348 1091 ideo
1370 1062 1570 1093 memoriam
1593 1074 1724 1105 quoque
1744 1064 1978 1108 redintegrari

92 1110 195 1142 initio
218 1116 376 1153 acceptae
400 1111 495 1142 uitae
515 1123 578 1154 per
600 1117 713 1143 motus
738 1125 906 1144 cunarum
929 1114 1098 1156 lactisque
1120 1113 1342 1151 alimentum,
1380 1115 1462 1156 quia
1479 1126 1545 1157 per
1568 1127 1622 1146 eos
1649 1116 1721 1146 dies
1739 1114 1918 1158 feriarum
1943 1125 1976 1150 et

93 1163 223 1195 oscillis
245 1169 467 1201 moueantur,
504 1169 537 1194 et
559 1163 690 1195 lactata
708 1166 849 1208 potione
872 1172 1030 1199 utantur.
1074 1165 1164 1196 Hinc
1197 1171 1279 1207 aput
1302 1166 1522 1196 Scholiastam
1546 1167 1669 1209 corrigi
1692 1174 1821 1208 potest,
1853 1170 1976 1213 Itaque

92 1228 153 1248 sex
177 1216 263 1259 ipsis
287 1215 415 1247 diebus.
459 1215 577 1246 Festus
601 1227 683 1247 uero
707 1217 743 1247 in
767 1224 882 1248 uetere
905 1219 1034 1250 Aldina
1058 1218 1109 1248 ed.
1134 1229 1186 1248 an.
1211 1218 1402 1249 MDXVH.
1426 1219 1549 1250 rectius
1574 1219 1656 1250 haec·
1680 1220 1795 1252 habet:
1828 1225 1918 1265 quod
1940 1236 1975 1255 os

93 1270 205 1301 celare
228 1269 298 1301 sint
321 1268 417 1299 soliti
437 1285 479 1290 —
502 1270 562 1300 secl
584 1269 690 1301 etiam
713 1282 780 1313 qua
804 1271 984 1302 uideretur
1007 1272 1140 1303 caelum
1162 1283 1261 1315 posse
1283 1271 1431 1303 asliri—
1452 1273 1489 1303 in
1515 1285 1584 1315 qua
1606 1273 1779 1305 altissima
1802 1274 1975 1308 interdum

91 1323 140 1355 ad
162 1321 342 1366 infimum,
385 1319 510 1363 infima
536 1323 584 1354 acl
605 1335 776 1354 summum
799 1323 1035 1367 efferunturf‘
1078 1325 1171 1355 Haec
1196 1324 1418 1364 Gai-alonius,
1457 1331 1574 1356 contra
1605 1337 1705 1367 quem
1729 1326 1772 1357 A.
1798 1327 1907 1358 Maius
1938 1329 1974 1359 iu

91 1380 173 1407 nota
194 1374 235 1404 ad
261 1374 373 1404 Schol.
398 1374 521 1404 Ambr.
544 1380 676 1413 monet,
708 1375 774 1405 alio
799 1376 872 1406 loco
898 1377 965 1415 VI,
990 1378 1041 1419 95.
1065 1378 1104 1408 ab
1129 1378 1201 1419 ipso
1226 1377 1285 1407 illo
1310 1377 1477 1420 Dionysio
1504 1390 1572 1409 nou
1596 1378 1821 1419 Tarquinium
1845 1381 1974 1423 Suptr-

90 1427 192 1466 buln,
215 1432 265 1457 set
288 1425 438 1456 Priscum
462 1425 625 1457 feriarum
647 1427 828 1458 latinarum
852 1434 1023 1460 auctorem
1047 1429 1149 1461 fuisse
1175 1430 1251 1461 dici.
1296 1430 1406 1462 Addit
1429 1430 1566 1462 deinde:
1601 1431 1728 1470 „Nihil
1752 1432 1887 1463 interim
1911 1446 1972 1465 ue-

90 1485 159 1519 tat,
184 1479 265 1520 quin
289 1478 494 1509 arbitremur
516 1477 616 1510 serias
639 1479 784 1510 aPrisco
809 1480 890 1511 olim
914 1481 1099 1520 institutas,
1126 1483 1344 1514 sollemniore
1367 1482 1488 1513 deinde
1512 1483 1580 1514 ritu
1602 1496 1620 1514 a
1636 1485 1786 1526 Superbo
1811 1486 1972 1519 celebrari

92 1537 236 1574 coeptas.
249 1534 269 1549 “
314 1533 404 1563 Nolo
428 1532 494 1563 huc
517 1531 668 1572 adferre,
702 1544 786 1574 quae
810 1533 965 1575 depromi
987 1542 1128 1577 possunt
1152 1547 1195 1567 ex
1218 1535 1333 1567 Pitisci
1357 1536 1445 1566 Lex.
1468 1535 1551 1568 Ant.
1574 1537 1618 1568 R.
1643 1537 1683 1568 Τ.
1707 1538 1732 1569 Ι.
1756 1549 1789 1580 p.
1814 1540 1885 1581 774.
1909 1541 1969 1572 sub

90 1584 260 1628 u.feriae
283 1585 432 1623 latinae,
465 1590 497 1615 et
521 1585 562 1615 T.
586 1586 628 1616 II.
654 1597 688 1627 p.
713 1585 784 1616 536.
809 1586 870 1617 sub
895 1598 926 1618 u.
952 1589 1084 1628 oscilla.

176 1638 425 1681 Adiungamus
447 1643 644 1681 —patrem
662 1637 903 1682 publicanum)
949 1641 1182 1672 Transitus
1210 1639 1265 1672 fit
1288 1640 1336 1672 ad
1362 1641 1754 1682 quaestiunculam,
1793 1656 1868 1686 qua
1891 1646 1971 1677 hu-

91 1690 257 1722 militas
280 1689 450 1732 generis
475 1690 752 1722 obiciebatur
772 1692 967 1732 Plancio,
1003 1700 1046 1724 ut
1071 1693 1191 1734 (codex
1216 1694 1309 1737 utut)
1340 1701 1578 1736 eapropter
1602 1696 1812 1738 elargitus
1836 1709 1969 1740 pecu-

90 1744 206 1776 niam
237 1743 486 1781 uideretur,
530 1744 726 1785 quoniam
759 1745 969 1787 consequi
1000 1745 1270 1778 aedilitatem
1303 1745 1493 1778 familiae
1522 1759 1620 1779 suae
1643 1748 1859 1790 dignitate
1889 1763 1971 1784 non

92 1802 254 1840 posset.
301 1795 634 1826 Publicanorum
664 1797 810 1839 itaque
839 1798 1015 1829 Tullius
1051 1798 1253 1830 ordinem
1283 1800 1529 1831 necessario
1560 1800 1738 1839 adserit,
1775 1803 1846 1843 qui
1869 1809 1970 1836 tunc

91 1861 143 1882 ex
180 1848 376 1891 equestri
410 1847 563 1879 ordine
601 1849 861 1883 accedebant
898 1850 947 1881 ad
985 1850 1272 1893 uectigalium
1309 1852 1643 1892 redemtionem„
1688 1853 1848 1887 SCHOLIA
1886 1857 1969 1890 AM-

90 1911 287 1935 BROSIANA.

183 1955 249 1987 Uel
272 1955 453 1997 quoderat
473 1959 575 1998 paier
597 1954 920 1998 is—supplicabat)
945 1957 1192 1988 Cumulauit
1215 1957 1391 1999 gratiam
1415 1956 1693 1998 suffragantis
1717 1957 1765 1989 de
1787 1967 1966 2003 paterno

92 2008 218 2040 etiam
250 2007 420 2047 fauore,
459 2007 524 2038 cui
555 2007 883 2049 publicanorum
906 2009 1092 2040 societas
1123 2009 1331 2048 adfuerit,
1360 2017 1405 2041 ut
1428 2010 1555 2042 filius
1580 2011 1668 2043 eius
1692 2012 1738 2042 ad
1761 2014 1966 2056 optinen-

93 2060 184 2092 dam
208 2060 481 2091 aedilitatem
505 2059 652 2102 potius
675 2059 967 2093 adiuuat-etur.
1014 2063 1175 2094 SenomA
1199 2063 1456 2094 AMssnosIANA.

179 2118 208 2160 §.
233 2119 284 2149 24.
327 2119 382 2151 Ab
405 2118 519 2159 sociis)
553 2117 654 2158 Quod
680 2129 843 2159 perquam
866 2131 997 2159 rarum,
1030 2120 1141 2162 inquit
1162 2121 1349 2159 Manutius,
1382 2127 1419 2152 ut
1441 2121 1481 2152 ab
1504 2121 1601 2153 sociis
1625 2122 1797 2165 publicani
1820 2123 1964 2167 diligan-

91 2177 165 2202 tur:
200 2170 260 2201 ubi
281 2171 370 2201 enim
394 2171 570 2212 uectigalia
594 2171 792 2213 exiguntur,
817 2171 865 2202 ibi
886 2171 958 2203 fere
981 2173 1212 2204 contentiones
1237 2173 1379 2215 odiaque
1405 2181 1597 2206 nascuntur.
1642 2176 1788 2217 Mirum,
1819 2179 1877 2220 qui
1899 2180 1964 2211 hoc

169 2327 202 2362 1)
241 2326 339 2354 Maius
362 2328 425 2355 Cic.
447 2328 484 2356 ad
499 2328 564 2357 Att.
585 2328 616 2364 I,
644 2328 670 2357 5.
692 2334 853 2366 conparat:
882 2332 989 2358 auiam
1010 2336 1096 2358 luam
1115 2333 1189 2359 scito
1209 2331 1358 2360 desiderio
1379 2333 1426 2360 tui
1445 2338 1598 2361 mortuam
1617 2344 1694 2368 esse;
1722 2341 1751 2362 et
1770 2337 1865 2364 simul
1881 2338 1963 2374 quod

94 2375 197 2402 uerita
216 2376 273 2409 sit,
294 2385 330 2402 ne
351 2375 469 2404 latinae
489 2377 522 2403 in.
543 2376 640 2413 officio
660 2386 721 2403 non
742 2383 901 2405 manerent
923 2385 950 2406 et
970 2380 1004 2406 in
1023 2385 1153 2406 montem
1174 2379 1322 2407 albanum
1341 2379 1458 2408 hostias
1477 2391 1538 2408 non
1557 2381 1754 2411 adducerent.
