2264 2746
304 96 340 121 74
962 83 1529 116 COMMENTARIUS.

308 170 404 195 tuere
426 175 495 195 non
520 162 638 200 ausim,
662 161 739 191 licet
761 157 959 200 exemplum
987 164 1145 201 suppetat
1176 159 1214 191 C.
1236 160 1327 191 Mari
1350 171 1393 191 ex
1416 160 1536 192 eodem
1559 172 1586 192 c.
1610 172 1680 194 21..
1727 160 1869 203 Quodsi,
1893 173 1970 193 cum
1992 175 2011 195 a
2029 164 2184 196 Manutio

308 217 533 255 discessimus,
558 224 704 246 caussam
729 221 891 253 quaerere
915 217 1066 253 oportet,
1099 222 1159 242 cur
1179 211 1226 243 ibi
1251 212 1389 244 Catulus
1408 220 1659 256 praetereatur,
1690 214 1755 245 alia
1777 213 1917 246 sortasse
1938 214 2003 246 suit
2025 216 2083 248 illa
2105 229 2188 249 con-

307 269 426 301 sularis
451 269 600 311 repulsa,
633 265 659 296 si
683 276 800 296 omnes
833 263 879 295 ibi
910 263 1075 295 nominati
1101 265 1254 296 0011511105
1279 263 1358 296 facti
1381 266 1453 297 siue
1476 269 1611 310 repulsa
1632 267 1782 299 fuerunt.
1828 268 1880 298 De
1904 268 2040 299 Serrani
2063 281 2189 313 cogno-

307 322 400 353 mine
423 317 646 352 consulendus
670 323 719 348 est
741 316 938 348 Perizonius
962 316 1123 349 Animad.
1148 317 1238 349 Hist.
1269 329 1341 361 cap.
1368 319 1394 350 Ι.
1420 331 1453 363 p.
1477 320 1529 352 24.
1553 327 1586 353 et
1608 333 1701 364 sqq.,
1736 320 1794 363 qui
1818 319 1859 351 de
1881 320 1942 352 illo
1967 320 2101 363 copiose
2130 322 2192 353 ad-

308 375 515 415 modumque
539 371 635 401 docte
659 369 861 402 disseruit.“

396 439 488 469 Ilaec
512 433 735 473 Garatonius,
764 433 822 476 qui
845 432 990 464 certiora
1011 433 1226 476 protulisset,
1256 435 1284 467 si
1308 435 1376 467 iam
1398 441 1472 467 tum
1496 435 1618 467 codicis
1642 436 1797 467 Bauarici
1821 436 2024 479 scripturam
2047 447 2194 479 conper-

309 499 376 524 tam
406 487 592 527 habuisset,
615 486 689 528 'qui
713 497 789 517 cum
812 492 907 517 antea
938 485 1125 527 legeretur:
1157 489 1402 531 praeposuisse
1424 501 1459 520 se
1481 489 1685 528 Q.Ca†1c20‚
1720 490 1755 521 in
1779 503 1912 522 summa
1926 488 2076 533 familia
2098 495 2192 528 nato,

310 541 563 587 sapientis-sitne
594 545 627 572 et
649 540 865 571 sanctissimo
890 539 988 576 uiro,
1025 551 1091 570 non
1122 541 1197 571 dico
1221 540 1257 572 ζ’.
1281 541 1451 572 Semnum
1479 541 1550 583 (alii
1581 542 1778 586 Serenum),
1813 544 2057 575 stultissimwn
2081 543 2193 574 71οηιὶ-

309 608 402 628 nem:
436 593 516 637 ficit
540 594 630 625 enim
655 598 687 625 et
709 592 819 624 animi
845 592 930 623 satis
954 593 1076 635 magni
1099 599 1131 625 et
1154 594 1310 632 consilii3
1348 594 1408 625 sed
1433 593 1491 625 Cn.
1516 595 1692 626 IlIcmliztm
1715 601 1775 626 etc.
1799 596 1930 637 egregia
1953 601 1987 626 et
2009 594 2195 626 necessaria

307 647 493 680 accessione
515 646 628 677 locum
651 645 741 676 hunc
770 644 817 676 ita
841 644 1013 676 exhibuit:
1049 648 1291 690 praeposuisse
1320 660 1355 679 se
1378 648 1419 687 Q.
1442 646 1584 685 Catulo,
1621 648 1656 678 in
1681 661 1814 680 summa
1828 648 1978 692 fcmzilicz
1999 655 2099 687 nato,
2136 661 2194 680 sa-

303 700 522 745 pientissimo
546 705 578 731 et
613 698 832 731 sanctissimo
856 698 953 736 uiro,
990 711 1058 730 non
1084 700 1160 731 dico
1184 700 1218 732 C.
1242 701 1429 739 δἐι-(11111111,
1470 700 1716 732 stultissimum
1738 702 1925 733 hominem.-
1958 701 2055 745 fuit
2083 702 2195 733 enim

309 760 447 785 tamen
470 751 659 791 nobilis3
683 763 763 783 non
787 750 821 782 C.
845 750 1100 792 Fimbriam,
1123 765 1283 786 nouum
1305 753 1447 786 homin
1461 764 1538 784 em.-
1564 751 1645 795 ficit
1668 754 1758 786 enim
1780 760 1812 786 et
1834 755 1944 786 (mimi
1966 755 2052 786 satis
2073 753 2196 797 magni

309 814 341 839 et
365 806 523 844 consilii3
555 806 615 837 secl
637 805 696 837 Cn.
720 804 896 837 Manlium
919 810 980 834 etc.

395 881 548 923 Optume
578 884 612 909 et
637 878 738 921 plane
766 890 810 910 ex
845 877 950 909 animi
980 878 1050 909 mei
1076 880 1243 911 sententia
1265 879 1458 912 Feri-atium
1489 877 1653 910 refutauit
1675 880 1701 911 Ι.
1726 879 1866 921 Bakius,
1902 881 2065 921 Batauos,
2101 880 2194 912 cuius

309 934 491 977 disputatio
516 932 664 974 dignast,
698 943 782 974 quae
806 931 861 962 1110
882 938 1075 973 repetatur:

395 995 583 1037 „Primum
608 996 740 1038 quaerit
763 994 954 1033 Ferratius,
982 1006 1042 1026 cur
1065 995 1200 1027 Tullius
1226 1004 1459 1029 conmemoret
1483 998 1520 1029 C.
1546 998 1730 1029 Serranum
1752 995 1943 1038 praelatum
1967 996 2105 1036 Catulo,
2127 1008 2198 1028 non

311 1049 448 1083 Serrani
472 1049 645 1091 conlegam
670 1048 901 1090 Caepionem?
946 1048 1168 1090 Responde—re
1190 1061 1325 1092 possem
1346 1051 1425 1090 hoc,
1449 1050 1540 1093 quod
1564 1049 1742 1082 Laterensi
1764 1049 1800 1079 in
1826 1048 1888 1079 hac
1910 1060 2023 1081 caussa
2045 1049 2199 1092 reposuit

310 1104 428 1136 Cicero
453 1113 523 1144 cap.
551 1102 648 1140 VII.‚
672 1112 741 1132 non
763 1111 781 1131 a
805 1100 940 1131 Plancio
964 1101 1093 1132 uictum
1117 1113 1187 1133 esse
1210 1114 1309 1141 eum,
1341 1104 1399 1145 qui
1422 1104 1628 1145 longissume
1650 1101 1806 1141 afuisset,
1836 1107 1887 1132 set
1909 1113 1927 1132 a
1949 1102 2089 1145 reliquis
2115 1114 2199 1134 con-

310 1154 512 1199 petitoribus
537 1153 735 1196 depulsum3
772 1158 822 1184 set
846 1152 920 1183 dico
945 1152 1028 1191 1100,
1058 1165 1168 1196 neque
1191 1156 1448 1188 stultisszmzum
1470 1156 1572 1187 fuisse
1597 1155 1820 1198 Caepionem,
1855 1165 1966 1196 neque
1990 1167 2115 1187 nouom
2136 1156 2197 1187 ho-

310 1209 453 1243 minem,
485 1218 631 1248 quorum
654 1206 711 1236 uel
736 1205 900 1245 alterum,
934 1205 990 1235 uel
1014 1211 1197 1248 utrumque
1221 1207 1256 1238 in
1279 1208 1341 1238 1130
1364 1209 1603 1251 conparatione
1625 1208 1775 1250 postulat
1798 1206 1971 1239 Ciceronis
1997 1206 2197 1245 consilium;

311 1261 495 1301 eademque
527 1258 568 1289 (10
600 1270 714 1290 caussa
744 1270 854 1300 neque
877 1258 1050 1290 Fimbriae
1078 1259 1253 1300 conlegam
1284 1261 1322 1291 C.
1346 1261 1512 1300 Marium,
1547 1272 1657 1302 neque
1680 1260 1789 1291 Manli
1814 1260 1848 1290 P.
1872 1259 2043 1291 Rutilium
2065 1258 2197 1291 Rufum

311 1318 489 1345 memorat.
544 1311 652 1342 Porro
681 1311 826 1343 miratur
856 1311 1029 1343 Fen-atius
1060 1318 1137 1354 post
1167 1312 1309 1343 alteram
1340 1313 1512 1355 repulsam
1541 1313 1771 1351 consularem,
1822 1312 1850 1343 si
1878 1312 2007 1343 Manlio
2036 1311 2198 1351 cessisset,

311 1365 488 1397 biennium
511 1364 651 1395 iacuisse
676 1365 845 1396 Catulum.
893 1364 1053 1396 Occurrit
1074 1365 1142 1396 iam
1166 1364 1250 1396 Cod.
1274 1365 1375 1405 Bau„
1399 1372 1587 1397 memorato
1610 1365 1781 1396 Fimbriae
1804 1363 1980 1395 consulatu
2001 1375 2030 1395 a.
2055 1376 2090 1395 u.
2113 1365 2200 1407 649„

314 1431 379 1462 quo
404 1417 539 1449 tertiam
568 1418 739 1460 repulsam
770 1417 887 1448 tulisse
909 1416 977 1448 iam
1000 1418 1055 1449 1110
1077 1418 1150 1461 ipse
1173 1418 1266 1449 locus
1290 1418 1368 1450 satis
1391 1419 1535 1458 indicat,
1580 1418 1695 1460 itaque
1723 1429 1850 1448 annum
1876 1416 1980 1448 modo
2012 1417 2201 1461 praeterire

312 1483 428 1515 passus
464 1476 513 1501 est
538 1470 696 1509 Catulus,
733 1470 850 1501 consul
881 1468 986 1501 sactus
1011 1470 1045 1501 111
1069 1482 1098 1501 3.
1122 1483 1156 1502 11.
1181 1471 1272 1502 651..
1318 1471 1386 1511 „Si
1411 1471 1453 1513 Q.
1476 1471 1615 1503 Catulus
1644 1477 1742 1514 pater
1763 1469 1988 1512 significatur,
2026 1481 2087 1501 cur
2114 1470 2202 1502 nihil

314 1524 468 1561 additur,
508 1534 574 1564 quo
601 1523 763 1565 distingui
785 1523 894 1565 possit
915 1535 933 1554 a
956 1522 1084 1555 611οΓ3(ι
1128 1523 1178 1555 At
1200 1535 1314 1555 nonne
1336 1523 1414 1555 satis
1443 1523 1655 1565 distinguunt
1678 1523 1830 1562 Serrani,
1866 1523 2053 1563 Fimbriae,
2090 1523 2202 1556 {Manli

313 1577 476 1610 nomina?
522 1577 623 1616 „Cur
648 1576 697 1608 M.
721 1576 836 1607 Pisoni
859 1576 1135 1619 postponitur?“
1180 1577 1283 1619 Quod
1312 1577 1347 1608 in
1371 1576 1433 1607 1130
1455 1577 1710 1607 enumeratione
1740 1576 1954 1619 repulsarum
1976 1589 2046 1608 non
2067 1583 2204 1620 tempo-

315 1631 361 1663 ris
386 1630 553 1661 rationem
576 1628 701 1659 habere
722 1640 856 1660 necesse
879 1635 969 1667 erat,
993 1636 1043 1661 set
1066 1629 1356 1661 inlustrissumum
1380 1629 1578 1672 exemplum
1599 1635 1772 1672 postremo
1797 1630 1870 1661 loco
1893 1630 2077 1662 memorari
2100 1630 2202 1662 debe-

315 1685 389 1722 bat,
414 1682 513 1714 sicuti
535 1687 652 1712 contra
674 1687 870 1724 temporum
894 1682 1050 1714 ordinem
1072 1683 1244 1714 Fimbriae
1267 1682 1486 1726 postponitur
1509 1682 1617 1714 Manli
1639 1682 1789 1721 mentio,
1822 1689 1860 1714 ut
1883 1683 1964 1714 haec
1983 1689 2060 1726 apte
2083 1695 2200 1715 conse-

319 1742 521 1778 querentur,
552 1735 791 1767 stultissumus
814 1736 929 1774 homo,
960 1748 1066 1767 nouos
1089 1736 1207 1774 homo,
1240 1735 1404 1779 ignobilis
1429 1740 1462 1767 et
1486 1736 1560 1767 sine
1582 1736 1717 1767 uirtute
1740 1735 1976 1778 [opponuntur
1997 1735 2061 1767 sibi
2085 1736 2200 1778 potius

319 1790 422 1820 uerba
444 1788 585 1826 nobilis,
615 1800 722 1819 nouos
745 1789 861 1826 homo,
885 1794 917 1820 et
940 1789 1143 1832 ignobilis}

404 1854 522 1894 Itaque
560 1850 685 1893 insigni
713 1863 830 1883 errore
866 1853 931 1884 hoc
964 1852 1162 1894 exemplum
1193 1852 1361 1884 recentius
1390 1864 1462 1884 esse
1491 1853 1540 1884 M.
1572 1852 1694 1883 Pisone
1723 1851 1814 1883 dicit.
1871 1876 1891 1891 „
1911 1852 1981 1884 Cur
2009 1851 2134 1884 dicitur
2164 1853 2201 1886 in

322 1919 451 1938 summa
466 1905 615 1949 familia
639 1910 742 1936 natus
766 1905 951 1948 (Catulus),
984 1904 1077 1935 cuius
1102 1916 1211 1946 neque
1237 1911 1333 1947 pater
1356 1918 1466 1948 neque
1487 1917 1568 1937 auos
1593 1905 1744 1936 consules
1768 1903 1959 1936 suerunt?“
2002 1905 2061 1936 Set
2083 1917 2202 1938 excors

322 1959 382 1997 sit,
410 1959 466 2000 qui
490 1958 552 1989 ista
576 1957 681 1988 uerba
703 1969 773 1989 non
795 1959 954 1990 uniuerse
978 1957 1021 1988 ad
1046 1957 1259 1989 nobilitatem
1285 1958 1463 1990 referenda
1494 1971 1536 1991 ex
1564 1959 1666 1991 totius
1694 1958 1758 1989 loci
1781 1956 2050 1989 conformatione
2072 1958 2202 2001 adgno-

323 2017 408 2042 scat:
440 2017 472 2042 et
493 2011 558 2041 nisi
582 2011 750 2042 consulari
773 2010 917 2051 familia,
948 2016 1106 2054 potuerat
1128 2011 1299 2052 praetoria
1322 2018 1418 2044 natus
1442 2024 1512 2043 esse
1537 2011 1694 2046 Catulusz
1727 2017 1777 2042 set
1800 2011 1946 2042 occurrit
1975 2011 2018 2052 Q.
2044 2011 2202 2044 Lutatius

325 2063 462 2094 Catulus
487 2064 562 2094 Cos.
588 2075 616 2094 a.
640 2075 674 2094 u.
699 2064 788 2103 514„
817 2077 882 2107 quo
907 2064 982 2096 finis
1008 2063 1174 2106 inpositus
1199 2070 1247 2095 est
1271 2064 1360 2096 bello
1379 2065 1506 2096 Punico
1530 2063 1688 2096 secundo.
1733 2065 1820 2102 „An
1843 2064 1956 2095 nullus
1979 2064 2064 2095 alius
2087 2064 2205 2096 candi-

325 2116 420 2146 datus
454 2122 530 2157 post
561 2116 651 2147 illius
677 2117 790 2148 Catuli
820 2124 975 2160 tempora
1005 2116 1047 2147 ob
1081 2127 1151 2146 non
1180 2117 1280 2149 nimis
1310 2118 1509 2149 submissam
1539 2116 1818 2160 supplicationem
1847 2117 2002 2159 repulsus
2031 2116 2203 2150 fuerat‘?“

326 2169 478 2199 Primum
505 2169 581 2199 satis
607 2175 677 2200 erat
700 2169 857 2202 Ciceroni
883 2181 989 2202 unum
1013 2169 1226 2211 alterumque
1250 2170 1461 2201 luculentum
1484 2181 1673 2201 memorare
1696 2169 1911 2211 exenipluin3
1940 2175 2012 2200 tum
2035 2169 2126 2201 idem
2150 2170 2204 2202 di-

328 2227 438 2259 catur,
473 2221 501 2251 si
522 2221 694 2252 aediliciae
716 2221 859 2254 fuissent
887 2223 1052 2266 repulsae.
1099 2221 1202 2264 Quod
1224 2229 1336 2254 autem
1361 2222 1442 2254 dicit
1464 2222 1649 2253 claudicare
1671 2222 1946 2264 conparationem
1969 2222 2059 2253 inter
2081 2233 2204 2255 consu-

327 2277 435 2307 larem
464 2279 497 2304 et
527 2273 712 2305 aediliciam
744 2276 936 2307 Laterensis
969 2275 1158 2318 repulsam,
1197 2282 1287 2307 recte
1310 2276 1377 2307 iam
1400 2286 1419 2305 a
1443 2274 1627 2306 Garatonio
1658 2273 1885 2305 resutatunist.
1930 2275 2106 2306 Postremo
2135 2287 2203 2307 non
2247 2288 2252 2306 ι

329 2337 399 2358 esse
422 2326 466 2368 Q.
491 2326 649 2357 Catulum
673 2334 804 2369 patrem
827 2329 860 2359 11.
886 2329 907 2359 1.
932 2328 1198 2371 intellegendum
1224 2334 1332 2371 putat,
1355 2326 1446 2370 quod
1469 2337 1539 2368 cap.
1562 2327 1662 2358 XXI.
1687 2338 1756 2357 11011
1779 2333 1989 2358 memoretur
2010 2327 2046 2358 in
2069 2327 2121 2364 iis,
2146 2328 2205 2369 qui

329 2385 405 2420 post
427 2378 615 2410 aediliciam
637 2381 807 2422 repulsam
830 2381 982 2413 consules
1006 2388 1118 2412 tamen
1141 2380 1221 2412 ‘facti
1243 2381 1328 2413 sint:
1366 2380 1479 2421 itaque
1502 2379 1557 2410 hic
1581 2378 1621 2409 de
1644 2379 1709 2410 alio
1741 2379 1886 2420 quodam
1911 2380 2031 2412 Catulo
2055 2392 2124 2412 esse
2146 2392 2204 2412 co-
