2264 2746
270 103 323 129 130
919 91 1490 122 COMMENTARIUS.

268 177 423 216 acceptos
452 168 598 213 referret
628 167 670 199 ab
692 169 926 205 accussatore,
959 165 992 196 id
1016 165 1155 208 probari
1176 166 1328 197 minume
1349 173 1480 209 potest,
1517 166 1683 209 siquidem
1709 166 1840 211 rfserre
1861 178 2023 209 umquam
2045 179 2141 200 sensu

270 226 333 257 isto
357 229 556 266 usurpatum
580 231 649 251 esse
670 218 765 249 nullo
790 217 904 249 doceri
933 218 1090 261 exemplo
1113 225 1236 261 potest.
1281 221 1402 261 Neque
1423 221 1528 252 altera
1554 221 1624 251 eius
1657 221 1794 251 omniuo
1818 230 1900 250 uera
1921 220 2144 262 explicatiost.

270 280 360 311 Nam
379 288 476 308 reum
500 284 607 314 neque
630 269 758 302 referre
781 281 890 312 neque
914 270 1035 302 referri
1058 271 1175 302 iubere
1196 272 1346 313 potuisse
1371 283 1444 311 eos,
1482 274 1539 315 qui
1563 273 1769 311 iudicarent,
1803 272 1836 302 in
1861 271 1975 302 album
1998 271 2145 304 iudicum

273 331 304 362 ei
327 340 458 361 caussae
480 326 749 367 adsignatorum,
773 334 816 354 ex
839 323 911 366 lege
934 324 1080 355 Seruilia
1102 324 1253 367 intellegi
1277 331 1396 367 potest,
1419 326 1454 356 in
1478 338 1542 368 qua
1567 327 1604 358 C.
1629 327 1691 357 IX.
1715 337 1748 368 p.
1772 325 1824 355 44.
1849 324 1900 354 ed.
1925 324 2045 355 Klenz.
2068 325 2150 356 scri-

272 390 388 428 ptum:
413 383 576 417 Praetor,
605 378 684 420 quei
706 389 746 408 ex
769 377 800 408 Ῐι.
824 377 847 409 l.
871 383 1022 420 quaeret,
1036 375 1154 420 facito
1177 385 1215 409 ut
1238 378 1267 409 C
1286 379 1392 416 uiros,
1417 391 1499 422 quos
1522 381 1552 411 is
1576 381 1654 423 quei
1670 385 1767 423 petet
1790 384 1822 409 et
1845 378 1935 409 unde
1952 383 2093 420 petetur
2112 390 2152 409 ex

273 439 305 470 Ῐι.
328 437 350 468 I.
372 433 538 476 legerint,
560 430 751 468 ediderint,
775 442 894 473 eosque
913 436 1094 473 patronos,
1120 443 1202 473 qnos
1227 431 1275 468 is,
1301 432 1379 474 quei
1396 432 1568 474 petiuerit
1590 438 1623 464 et
1646 433 1675 463 is
1699 432 1789 463 unde
1805 431 1958 474 petitum
1981 431 2048 461 erit
2070 429 2154 462 sibei

274 484 547 522 nominauerint,
580 483 702 525 queiue
731 483 812 521 eiei,
850 483 928 525 quei
945 489 1058 526 petet,
1090 495 1111 514 a
1129 489 1292 526 praetore
1321 496 1362 515 ex
1383 485 1416 516 lz.
1439 485 1462 516 l.
1485 486 1580 516 (latei
1602 491 1724 523 erunt,
1758 485 1792 515 in
1825 483 1968 514 taboleis
1986 483 2155 526 popltceis

275 541 419 582 scriptos
441 536 582 574 habeat,
609 536 723 579 eique,
757 536 836 579 quei
852 535 1022 578 petiuerit
1048 541 1079 566 et
1103 536 1193 567 unde
1211 537 1363 579 petitum
1387 538 1472 575 erit,
1504 538 1564 580 qui
1587 549 1701 568 eorum
1726 537 1836 573 uolet,
1867 548 1907 566 ex
1931 534 2072 566 taboleis
2089 547 2157 578 po—

270 593 393 640 pliceis
421 602 539 622 eornm
568 589 707 620 nomina
737 589 883 631 legundi
907 599 1039 631 semper
1069 589 1123 619 ius
1144 594 1363 632 potestasque
1386 595 1468 621 esto.
1512 590 1628 631 Itaque
1652 589 1798 631 referret
1820 600 1895 619 mea
1919 587 2057 630 quidem
2079 598 2156 619 sen-

275 644 380 688 tentia
401 642 488 674 1111111
510 641 594 672 aliut
616 641 671 672 hic
693 640 880 683 significare
904 646 1015 683 potest
1038 652 1136 682 quan]
1161 642 1300 673 nomina
1324 642 1480 673 iudicum
1503 648 1714 674 retentorum
1737 642 1772 673 in
1796 641 1910 673 libello
1931 641 2088 680 scribere,
2111 641 2155 672 ita

275 704 313 730 ut
343 695 474 740 referre
498 694 603 726 uerbo
634 700 750 725 nostro
782 695 962 737 eintragen
993 693 1206 736 respondeat.
1252 694 1433 725 Sollemnis
1457 701 1569 726 autem
1601 695 1759 726 locutiost
1782 693 1913 736 referre
1937 695 1972 725 in
1998 695 2157 732 codicem,

275 751 331 783 uel
353 751 391 782 in
412 748 540 787 albam,
563 748 619 778 uel
641 748 678 778 in
703 746 855 785 tabulas,
879 748 933 778 uel
956 748 993 779 in
1015 748 1308 780 commentarium.
1353 748 1523 790 Exempla
1546 748 1625 779 uide
1647 754 1730 790 aput
1754 748 1896 778 Gesner.
1922 747 2024 778 Thes.
2047 748 2088 779 L.
2112 748 2154 779 L.

275 804 317 835 T.
339 803 402 835 IV.
424 813 458 844 p.
486 801 576 832 115..
621 800 871 842 Absoluteqne,
905 812 1107 842 quamquam
1131 800 1195 830 alia
1219 799 1260 830 de
1282 811 1339 839 re,
1369 800 1501 844 referre
1530 812 1568 831 eo
1594 812 1692 832 sensu
1722 800 1871 842 positum
1894 811 1912 830 a
1935 800 2100 831 Cicerone
2122 800 2155 830 in

276 862 360 889 orat.
385 854 469 886 Sull.
504 854 541 884 C.
565 854 664 884 XIV.
696 854 725 895 §.
749 854 819 884 41η
857 854 981 897 Itaque
1004 853 1212 886 introductis
1243 854 1278 884 in
1304 860 1461 885 senatum
1485 854 1656 885 indicibus
1687 854 1852 885 constitui
1874 858 2064 891 senatores,
2097 852 2158 895 qui

277 909 391 942 omnia
414 907 568 939 indicum
591 907 704 944 clia-ta,
730 907 966 950 interrogata,
990 919 1152 950 responsa
1168 906 1433 949 perscriberent.
1476 908 1527 938 At
1550 920 1633 950 quos
1656 908 1778 938 uiros?
1804 919 1870 937 non
1894 906 2002 938 solum
2027 917 2160 937 summa

277 964 410 995 uirtute
435 966 467 991 et
480 959 578 1002 fide,
616 960 714 991 cuins
734 960 874 1002 generis
897 961 933 991 in
960 966 1081 991 senatu
1095 958 1258 1002 facilltas
1281 972 1464 997 maxuma,
1505 966 1555 991 set
1578 961 1682 992 eliam
1709 972 1792 1003 quos
1815 959 1961 991 sciebam
1983 959 2160 996 memoria,

277 1015 440 1051 scientia,
463 1013 707 1044 consuetudine
729 1019 761 1043 et
788 1013 962 1044 celeritate
984 1012 1155 1044 scribendi
1171 1011 1359 1054 facillume
1383 1025 1470 1055 quae
1494 1014 1692 1045 dicerentur
1709 1013 1874 1056 persequi
1890 1025 2011 1055 posse,
2040 1011 2075 1044 C.
2096 1011 2160 1043 Co-

276 1067 431 1100 sconium
453 1083 491 1089 —
514 1065 607 1109 App.
630 1065 825 1096 Claudium.
871 1065 978 1096 Credo
1008 1078 1077 1096 esse
1103 1066 1283 1103 neminem,
1307 1066 1366 1107 qui
1389 1066 1444 1097 lais
1467 1066 1659 1097 hominibus
1682 1066 1736 1097 ad
1757 1077 1860 1097 uere
1882 1065 2000 1108 refer
2011 1078 2055 1097 en
2065 1065 2160 1096 dum

278 1126 341 1153 aut
354 1118 468 1162 fidem
485 1124 588 1161 putet
612 1123 674 1149 aut
702 1118 883 1160 ingenium
906 1117 1069 1160 defuisse.
1114 1119 1227 1161 Ipsum
1258 1123 1371 1148 autem
1396 1130 1490 1149 reum
1516 1119 1708 1161 consignata
1732 1118 1886 1149 habuisse
1909 1118 2048 1149 nomina
2069 1116 2162 1148 iudi-

279 1186 374 1211 cum,
400 1184 482 1214 quos
506 1171 662 1208 habebat,
690 1181 764 1200 cuin
789 1180 851 1211 per
877 1181 911 1200 se
934 1177 1049 1201 uerost
1070 1171 1311 1209 simillunnnn,
1336 1177 1407 1201 tum
1433 1183 1475 1202 ex
1498 1172 1613 1202 multis
1638 1172 1863 1203 Uerrinarum
1887 1171 2057 1201 actionum
2079 1169 2161 1201 locis

279 1232 381 1270 patet.
429 1225 587 1256 Ceterum
611 1223 671 1253 etsi
695 1233 762 1252 non
786 1222 934 1264 pertinet
960 1223 1000 1253 ad
1025 1224 1287 1265 explicationem
1312 1224 1410 1254 liuius
1434 1224 1517 1262 loci,
1553 1224 1761 1255 monendum
1786 1230 1915 1263 tamen,
1949 1234 2063 1254 errare
2089 1223 2162 1254 Ga-

279 1278 460 1315 ratonium,
490 1276 547 1317 qui
561 1274 663 1318 ferre
676 1276 806 1307 iudices
829 1276 932 1306 solius
957 1287 1027 1306 esse
1049 1277 1265 1308 accussaloris
1290 1283 1360 1307 tum
1385 1275 1425 1305 ad
1452 1277 1485 1307 h.
1502 1277 1535 1313 1.,
1559 1283 1630 1308 tum
1654 1277 1694 1308 ad
1712 1289 1760 1307 or.
1784 1288 1847 1319 pro
1872 1275 2046 1308 Comoedo
2069 1287 2096 1306 c.
2113 1276 2162 1308 15.

279 1329 463 1362 contendit.
509 1329 648 1360 Dictum
666 1327 768 1371 ferre
791 1329 922 1359 iudices
948 1328 1048 1359 etiam
1073 1328 1113 1359 de
1139 1340 1197 1360 reo
1222 1340 1308 1360 esse.
1348 1328 1400 1358 hic
1424 1328 1495 1370 ipse
1518 1329 1610 1359 locus
1636 1329 1813 1360 manifesto
1839 1329 2003 1367 ostendit,
2036 1328 2072 1359 in
2095 1339 2162 1370 quo

279 1384 442 1426 scriptum
465 1381 525 1413 sit:
550 1394 611 1413 nos
633 1399 674 1404 ——
696 1381 738 1412 ab
764 1387 982 1413 arcus-satore
1006 1382 1209 1413 constitutos
1232 1381 1363 1413 iudices
1387 1382 1436 1412 ita
1451 1380 1504 1424 fe
1514 1394 1674 1417 remus.
1698 1388 1737 1414 ut
1760 1383 1928 1413 neminem
1954 1382 2162 1414 reiciumus?

280 1436 436 1477 Denique
459 1433 658 1476 adponenda
684 1433 750 1464 huc
774 1434 938 1465 Garatoni
962 1434 1066 1464 uerba
1089 1441 1193 1477 puto,
1219 1445 1303 1475 quae
1325 1433 1365 1463 ad
1390 1445 1416 1464 C.
1441 1434 1492 1465 34.
1516 1435 1616 1467 huius
1640 1435 1802 1467 orationis
1825 1435 1866 1465 de
1889 1435 1962 1477 lege
1985 1434 2102 1466 Tullia
2123 1433 2165 1466 de

280 1488 407 1520 ambitu
432 1486 621 1529 conparatis
645 1485 703 1524 iis,
742 1498 826 1528 quae
849 1499 868 1517 a
892 1487 1055 1519 Cicerone
1079 1487 1111 1517 in
1136 1499 1185 1517 or.
1210 1498 1272 1529 pro
1296 1487 1388 1518 Mur.
1413 1499 1439 1517 c.
1465 1488 1515 1519 25.
1539 1488 1667 1519 monita
1689 1494 1785 1527 sunt,
1819 1487 1964 1530 scripsit.
2009 1487 2060 1519 Ibi
2083 1487 2165 1519 haec

281 1541 456 1585 exposuit:
481 1539 595 1578 „lllnt
618 1538 773 1580 inprimis
796 1539 881 1570 milii
905 1539 1151 1573 adnotandum,
1180 1539 1270 1581 qnod
1293 1539 1334 1569 ad
1360 1540 1444 1570 hanc
1467 1540 1653 1571 orationem
1678 1552 1838 1571 maxume
1863 1540 2022 1583 pertinet.
2067 1541 2165 1573 Idem

283 1597 359 1638 [pro
383 1594 474 1626 Mur.
499 1603 526 1622 c-
552 1592 616 1632 25.]
641 1592 798 1623 editicios
822 1593 952 1624 indices
975 1594 1140 1630 uoluisti,
1164 1597 1203 1624 ut
1227 1593 1307 1623 oclia
1333 1593 1466 1625 occulta
1493 1593 1643 1632 ciuium,
1673 1606 1760 1637 quae
1783 1595 1901 1626 tacitis
1921 1606 2012 1626 nunc
2034 1594 2166 1625 discor-

282 1649 351 1681 diis
375 1647 614 1683 continentur,
645 1645 679 1675 in
695 1644 866 1686 fortunas
890 1646 1023 1688 optumi
1044 1645 1210 1688 cuiusque
1233 1651 1460 1688 erumperent.
1505 1646 1581 1676 Hoc
1603 1653 1803 1678 numeratur
1826 1647 1860 1678 in
1884 1647 1942 1684 iis,
1972 1658 2058 1690 quae
2080 1656 2164 1685 mea,

283 1701 409 1743 inquit,
446 1710 579 1730 szmmuz
603 1697 782 1729 uoluntate
805 1703 945 1729 senatus
969 1698 1182 1741 repudiauit.
1227 1698 1379 1728 Huc-cine
1404 1698 1506 1740 igitur
1530 1698 1607 1728 illut
1628 1700 1795 1740 pertinet,
1835 1699 1924 1742 quod
1948 1710 2050 1742 supra
2073 1697 2165 1728 uidi-

284 1766 357 1785 mus
376 1764 403 1783 6.
432 1763 478 1793 17.
506 1762 616 1794 nuper
639 1750 838 1781 clarissumi
862 1751 954 1782 ciues
977 1762 1095 1781 nomen
1120 1750 1240 1781 editici
1261 1751 1389 1782 iudicis
1411 1763 1476 1782 non
1503 1752 1659 1783 tulerunt
1675 1759 1736 1783 etc.
1749 1755 1764 1785 ‘3
1789 1753 1830 1784 de
1852 1765 1890 1784 re
1913 1758 2002 1783 certe
2024 1751 2071 1782 ibi
2093 1750 2165 1793 agi—

286 1813 355 1843 tur,
394 1815 479 1847 quae
502 1811 580 1835 ante
601 1802 769 1835 Liciniam
796 1803 903 1844 legem
933 1802 1102 1834 acciderit.
1149 1804 1206 1834 Set
1229 1804 1365 1834 turbant
1389 1804 1581 1846 sequentia,
1620 1806 1802 1850 omniaque
1817 1807 1938 1850 potius
1952 1805 2166 1849 permiscue-

286 1865 385 1897 runt,
418 1870 521 1901 quom
544 1857 575 1888 ei
597 1857 668 1899 legi
691 1855 951 1899 condicionique
970 1861 1147 1899 parerent.
1191 1857 1308 1898 Itaque
1332 1857 1456 1889 iudices
1489 1857 1640 1889 editicios
1667 1858 1716 1889 bis
1743 1859 1936 1902 repudiatos
1960 1857 2166 1889 existumare

285 1912 378 1950 licet,
401 1910 506 1942 semel
529 1910 600 1940 Ser.
625 1907 775 1950 Sulpicio
800 1920 855 1939 eos
880 1910 1089 1951 postulante,
1113 1909 1236 1939 iterum
1261 1909 1376 1951 ignoto
1399 1911 1465 1942 alio
1489 1917 1662 1954 tempore,
1685 1918 1735 1943 set
1755 1912 1960 1954 posteriore,
1985 1917 2163 1953 antequam

286 1972 397 1996 tamen
420 1964 558 1995 Crassus
580 1961 769 2004 inponeret.
781 1964 801 1978 ‘⁴
846 1961 1083 2000 Dolendumst,
1112 1962 1200 2003 quod
1226 1962 1360 1993 Scholia
1383 1964 1516 2003 Amba,
1541 1976 1624 2007 quae
1647 1964 1689 1995 ad
1712 1965 1801 1996 hunc
1823 1964 2082 2007 locum'scripta
2105 1976 2168 1995 ex-

288 2018 445 2055 titerunt,
484 2026 679 2046 maxumam
709 2020 841 2056 partein
864 2015 1052 2056 perierunt.
1099 2015 1246 2048 Uidetur
1270 2022 1380 2046 tamen
1408 2016 1575 2060 interpres
1601 2018 1658 2049 ille
1679 2017 1924 2050 Ambrosianus
1947 2017 1983 2047 in
2005 2028 2042 2047 ea
2064 2015 2168 2048 fuisse

287 2069 467 2107 sententia,
498 2074 537 2098 ut
562 2067 761 2098 Ciceronem
784 2067 826 2098 ad
848 2067 926 2099 illut
949 2068 1115 2111 respicere
1138 2075 1271 2111 tempus
1294 2075 1445 2111 putaret,
1477 2081 1542 2112 quo
1568 2071 1638 2101 Ser.
1661 2070 1828 2113 Sulpicius
1851 2069 1977 2101 iudices
2001 2081 2070 2101 esse
2094 2070 2167 2101 edi-

287 2121 383 2154 ticios
408 2120 528 2151 uoluit.
551 2119 665 2150 Coicio
689 2119 753 2150 hoc
777 2132 820 2152 ex
835 2121 1007 2159 extremis,
1032 2133 1116 2163 quae
1139 2128 1271 2152 seruata
1286 2127 1374 2158 sunt,
1400 2122 1604 2153 Scholiastae
1628 2123 1750 2160 uerbis,
1775 2134 1793 2153 a
1808 2133 1862 2153 me
1886 2134 1918 2165 p.
1941 2123 2009 2155 126.
2027 2123 2163 2156 adlatis:

289 2175 339 2207 Et
367 2174 431 2206 linc
461 2173 496 2203 in
521 2178 624 2215 parte
655 2175 1007 2206 commemorationem
1036 2175 1177 2206 uidetur
1194 2173 1319 2217 facere
1346 2175 1486 2207 Tullius
1515 2176 1588 2206 eius
1611 2176 1794 2218 temporis,
1827 2188 1891 2218 quo
1914 2188 2033 2209 ser...
2076 2178 2164 2209 Nam

287 2225 427 2258 ultumis
450 2224 570 2255 litteris
594 2236 647 2255 ser
670 2226 845 2267 probabile
867 2227 953 2258 mihi
975 2227 1112 2258 uidetur
1126 2239 1335 2270 praenomen
1357 2227 1448 2258 illius
1471 2227 1575 2270 ipsius
1589 2228 1716 2270 Sulpici
1738 2227 1915 2259 contineri.
1960 2227 2055 2259 Idem
2078 2241 2168 2261 nunc

288 2279 388 2310 uideo
413 2276 639 2309 Niclmhrium
662 2279 867 2321 suspicatum
890 2291 971 2311 esse.

376 2329 569 2371 Omniaque
585 2330 704 2370 potius
720 2333 1010 2374 permiscuerunt)
1055 2333 1135 2364 Non
1159 2332 1336 2374 intellego,
1371 2332 1451 2374 quid
1474 2331 1518 2363 sit
1540 2332 1655 2364 omnia
1675 2334 1965 2376 permiscuerunt.
2009 2335 2166 2378 Suspica-

290 2391 343 2415 tus
365 2393 440 2414 sum
466 2381 718 2424 permiserunt,
753 2381 844 2414 serre
866 2385 1069 2425 uoluerunt,
1106 2397 1206 2428 quam
1228 2385 1353 2416 iudices
1377 2385 1494 2416 editos.
1529 2385 1754 2416 ERNESTHJS.
1798 2386 2008 2417 Rectissume
2038 2385 2165 2417 dictum
