2264 2746
790 95 827 124 L.
859 95 914 123 111.
963 95 997 124 0.
1027 95 1082 125 111.
1128 93 1155 136 ς.
1182 96 1209 125 3.
1237 95 1265 125 4.
1813 99 1961 129 Lxx1x

96 176 238 211 iussit,
259 175 320 202 ita
340 173 532 212 fec-isses,
562 177 603 200 ul·
623 170 714 199 111ιί0
735 175 771 199 et
790 180 898 198 snam
919 176 954 199 et
974 170 1017 198 ab
1037 170 1104 199 hoc
1124 171 1363 200 ohseruatas
1391 169 1519 198 tribus
1539 171 1692 207 ederes,
1712 182 1773 200 non
1793 174 1879 201 modo
1900 185 1958 202 non

95 233 251 260 quererer,
271 227 315 250 set
334 221 417 248 hunc·
437 222 475 248 iis
494 219 649 248 iudicibus
669 219 774 254 editis,
793 220 847 256 qui
867 224 955 247 testes
974 219 1054 246 idem
1075 228 1135 247 esse
1150 225 1291 256 possent,
1312 217 1486 246 absolutam
1500 225 1656 256 putarem.

167 268 295 296 Ibidem.
336 270 409 297 Czwz
430 269 509 296 enim
530 268 587 296 has
607 267 706 296 tribas
727 267 866 302 edidisti,
894 268 1012 305 ignolis
1038 273 1067 295 te
1087 266 1240 294 indis-ihus
1260 267 1308 294 uli
1326 267 1418 294 malle
1437 277 1530 305 quam
1556 269 1636 296 notis
1663 269 1868 301 indemnati,-
1892 269 1960 306 szc—

92 318 197 355 gista·
217 319 459 345 sententiam
478 317 588 353 legi-3.

168 364 202 392 C.
222 363 346 393 XVIII.
365 363 392 403 §.
412 365 457 392 45.
496 371 562 392 tum
582 362 736 397 mirabor,
757 368 786 390 le
805 364 844 391 iis
863 364 960 390 armis
980 364 1043 398 uti,
1064 373 1142 400 quae
1162 361 1219 389 tibi
1237 362 1286 389 lex
1307 361 1415 397 dabat,
1436 364 1577 391 noluisse.

167 412 218 439 Ex
238 411 285 439 his
305 411 470 450 praecipue
497 411 523 439 is
550 410 653 445 locus,
681 409 731 448 qui
753 407 779 448 5.
800 410 844 437 42.
866 414 964 445 extat,
991 418 1192 446 maxumeque
1212 409 1324 443 uerba,
1351 412 1395 444 si,
1423 411 1677 447 quemadmodum
1698 418 1822 440 senalus
1843 415 1960 441 censui!

89 460 281 497 populusque
300 461 407 494 iussit,
428 469 524 497 paene
543 458 680 495 flagitare
700 457 904 492 uidebuntur,
924 462 959 484 nt
979 457 1010 484 in
1032 457 1097 495 ipsa
1117 457 1182 494 lege
1202 457 1407 495 perscriptum
1429 459 1639 497 salu-itumque
1667 465 1830 487 statuamus
1860 461 1960 495 fuisse,

93 511 128 534 ut
147 516 185 534 110
205 506 291 542 aliae,
312 517 400 544 quam
421 517 497 545 quae
517 517 533 534 a
552 516 606 534 reo
628 510 790 543 corruptae
812 508 1022 542 arguerentur,
1044 504 1142 531 tribus
1163 504 1199 531 ab
1221 509 1411 532 accussatore
1433 506 1606 535 ederentur.
1640 507 1851 535 Nihi1‹;›minus
1873 508 1960 546 quic—

94 564 182 592 quam
203 564 257 591 ego
279 564 312 582 ea
333 555 369 582 de
388 564 422 582 re
443 555 475 582 111
495 555 562 592 lege
583 553 708 582 Licinia
728 553 822 581 fuisse
843 552 992 591 scriptum
1012 562 1105 589 nego,
1142 551 1385 589 Ciceronemque
1406 554 1524 588 uerbis,
1553 557 1594 587 si,
1621 557 1873 593 qzeenzculmmlunz
1894 561 1958 584 etc..

92 612 177 630 more
197 602 331 629 oratorio
354 602 443 630 dictis
464 602 545 630 nihil
565 602 642 630 aliut
662 612 751 639 quam
771 601 938 629 secundum
966 599 1042 636 legis
1061 600 1248 626 senteutiam
1267 599 1403 628 uoluisse
1424 601 1597 638 siguificare
1617 603 1758 631 arbitror.
1799 604 1875 631 Nam
1898 614 1958 631 nou

91 650 186 679 fuisse
207 649 354 688 scriptun]
376 650 446 678 illut
468 650 500 677 111
522 650 603 687 lege,
636 653 720 677 certo
752 647 823 676 inde
843 646 1052 684 intellegitur,
1081 645 1163 684 quod
1187 646 1219 673 in
1240 646 1370 684 reliquis
1391 648 1467 675 locis
1489 649 1645 684 omnibus,
1674 651 1726 678 ubi
1749 651 1784 678 de
1807 652 1857 679 illa
1878 652 1959 679 iudi—

93 708 161 726 cum
182 697 318 726 editione
339 702 484 732 sermost,
506 698 548 725 ita
570 697 679 725 Cicero
701 696 856 734 loquitur,
876 699 911 723 ut
932 693 1130 721 Laterensem
1151 704 1315 732 numquam
1336 695 1550 723 auctoritatem
1571 701 1709 730 senatus,
1731 704 1776 725 sct
1797 699 1958 726 consilium

91 745 240 781 uiolasse,
272 755 371 783 neque
393 750 499 773 contra
520 745 633 782 Iegem,
667 749 713 772 set
733 748 851 772 tantum
878 746 985 770 contra
1012 741 1087 779 legis
1113 742 1296 770 sententiam
1323 743 1433 771 fecisse
1463 742 1552 772 dicat.
1592 744 1749 772 l’crtiucnt
1780 745 1839 773 1111(-
1869 746 1959 774 ctiam

90 793 122 821 hi
144 792 220 821 loci:

169 841 203 869 C.
224 839 316 868 XVI.
342 837 368 878 5.
389 840 434 877 39.
476 838 562 875 Quid
586 839 667 865 enim
688 844 776 874 poles
803 838 919 870 dicere,
947 847 1003 864 cur
1029 839 1092 865 ista
1118 838 1211 866 editio
1238 848 1298 866 non
1327 848 1478 866 summam
1497 838 1610 866 haheat
1631 838 1824 867 (zcerlu'lctlem
1847 848 1960 869 ramola

92 890 212 917 ratione
233 889 305 923 illa,
333 898 422 925 qnam
445 888 486 915 in
513 886 758 913 decernendo
785 887 916 914 secuti
941 884 1101 912 sumus?

167 935 200 963 C.
221 934 345 963 XVIII.
365 931 390 971 5.
410 933 455 961 44.
494 934 601 971 Neque
622 943 674 970 ego
695 944 778 962 nunc
798 935 960 962 consilium.
980 933 1167 970 reprehendo
1187 940 1293 971 tumn,
1315 933 1397 972 quod
1415 943 1465 961 eas
1485 933 1600 969 tribus,
1620 934 1729 972 quibus
1749 934 1798 962 hir·
1821 946 1960 963 Incerulae

92 990 199 1019 nolu-9,
221 993 281 1011 non
301 981 447 1015 edideris,
471 986 515 1007 set
536 990 556 1007 a
575 986 604 1008 le
624 981 712 1009 doceo
740 982 956 1010 consilinm.
977 991 996 1008 71¹
1007 991 1022 1007 0
1033 991 1050 1007 η
1072 988 1277 1009 serualum
1304 987 1475 1010 senatus.

165 1029 259 1068 Atqui
280 1028 305 1056 si
327 1027 448 1055 disertis
468 1028 572 1056 uerbis
593 1028 665 1058 illut
684 1029 717 1057 in
738 1029 804 1067 lege
824 1028 949 1056 Licinia
977 1028 1126 1066 scriptum
1147 1029 1272 1065 fuisset,
1300 1039 1399 1067 neque
1420 1029 1598 1057 Laterensis
1619 1029 1733 1065 tribus,
1762 1041 1833 1068 quas
1855 1031 1960 1065 edidit,

91 1079 181 1107 edere
201 1075 368 1115 potuisset,
389 1080 419 1103 et
440 1075 569 1112 Cicero,
599 1076 623 1105 si
645 1077 807 1113 edidisset,
837 1077 1008 1115 neglectam
1029 1077 1245 1105 auctoritatem
1265 1082 1387 1105 senatus
1408 1088 1442 1105 ac
1466 1078 1611 1106 uiolatam
1633 1087 1696 1105 csse
1717 1078 1813 1115 legem
1835 1079 1960 1107 clamas—

91 1130 144 1154 set.
182 1124 292 1162 Neque
312 1133 387 1151 uero
409 1123 616 1160 obscurumst,
646 1136 702 1163 qna
722 1125 844 1153 ratione
866 1125 976 1153 Cicero
997 1125 1198 1153 Laterensem
1220 1124 1251 1152 in
1273 1125 1447 1164 dclegcndis
1469 1126 1623 1154 iudicibus
1644 1126 1757 1164 fugisse
1779 1127 1960 1155 senteutiam

89 1172 164 1211 legis
185 1172 287 1200 (licere
307 1171 454 1210 potuerit.
494 1172 602 1200 Fuisse
623 1173 704 1201 0111111
724 1172 802 1201 hauc
822 1173 898 1211 legis
919 1172 1120 1208 sententiam,
1140 1177 1175 1201 ut
1199 1183 1251 1201 eae
1271 1173 1386 1209 tribus,
1407 1184 1482 1212 quae
1504 1179 1666 1211 corruptae
1687 1185 1702 1202 a
1722 1185 1775 1203 reo
1797 1186 1960 1212 argueren—

88 1225 150 1256 tur,
170 1220 206 1248 ab
222 1224 411 1248 accussatorc
431 1219 605 1255 ederentur,
625 1220 697 1248 iude
716 1221 851 1259 conlegit
867 1221 987 1257 Cicero,
1008 1221 1088 1259 quod
1105 1221 1138 1249 111
1153 1221 1219 1249 3010
1241 1221 1458 1249 sodaliciorum
1474 1221 1604 1249 crimine
1627 1221 1777 1250 tribuario
1800 1225 1835 1251 ab
1857 1234 1961 1251 accus-

90 1272 190 1297 satore
211 1267 260 1295 edi
280 1268 380 1296 tribus
400 1267 500 1295 licuit.
539 1267 646 1306 Itaque
672 1268 727 1296 ille
753 1269 796 1297 sic
817 1268 1017 1297 ratiocinatus
1039 1273 1099 1297 est:
1135 1268 1167 1296 Si
1188 1268 1220 1296 in
1249 1267 1306 1297 hac
1335 1269 1400 1296 sola
1419 1279 1453 1297 re
1474 1269 1623 1297 tribuaria
1645 1268 1712 1308 (cfr.
1735 1269 1761 1309 5.
1783 1270 1841 1309 3⁴3.)
1863 1271 1960 1298 tribus

90 1315 140 1344 edi
159 1315 232 1343 licet
251 1315 287 1343 ab
309 1320 514 1350 accussatore,
534 1325 597 1343 nou
616 1321 719 1354 potest
739 1317 805 1344 eius
824 1316 871 1345 rei
891 1317 950 1345 alia
971 1327 1073 1345 caussa
1093 1326 1174 1352 esse,
1201 1326 1290 1354 quam
1310 1315 1401 1352 haee,
1431 1317 1513 1354 quod
1534 1317 1565 1344 111
1586 1317 1803 1347 sodaliciorum
1833 1318 1960 1346 crimine

89 1363 241 1392 tribuario
268 1363 368 1392 tribus
397 1368 522 1401 optume
556 1364 691 1392 iudicare
718 1369 858 1403 possunt.
897 1365 1031 1392 Possunt
1057 1369 1157 1392 autem
1191 1369 1373 1402 propterea,
1407 1364 1489 1402 quod
1516 1363 1633 1398 sciunt,
1663 1365 1734 1403 quid
1764 1367 1799 1393 ab
1828 1375 1880 1401 00,
1909 1366 1959 1403 qui

91 1416 278 1446 accussatur,
306 1411 339 1438 in
365 1410 499 1438 comitiis
529 1413 711 1440 conmissum
739 1412 787 1440 sit.
827 1411 1015 1440 Ccrtissuma
1040 1417 1140 1440 autem
1169 1411 1201 1440 in
1228 1411 1312 1439 illius
1340 1411 1453 1439 delicto
1476 1411 1543 1450 (cfr.
1564 1410 1591 1451 5.
1612 1412 1670 1452 sifi.)
1701 1414 1828 1442 scicntia
1855 1424 1959 1442 corum

91 1460 182 1488 debet
201 1469 282 1495 0330,
302 1458 355 1497 qui
376 1469 478 1486 carum
498 1459 631 1498 ipsarum
652 1460 789 1488 tribuum
809 1465 896 1496 sunt,
917 1470 989 1498 quas
1010 1470 1080 1488 reus
1101 1460 1239 1488 adhibita
1258 1460 1408 1488 sodalium
1430 1470 1523 1498 opera
1543 1461 1648 1489 tulisse
1669 1462 1816 1499 arguitur.
1855 1462 1960 1499 ltaque

91 1506 150 1534 1100
171 1506 300 1535 consilio
321 1512 474 1535 necessest
493 1507 546 1536 lex
566 1508 625 1536 lata
646 1508 701 1544 sit,
722 1512 755 1536 ut
775 1507 857 1536 idem
877 1513 970 1536 testes
992 1512 1023 1536 et
1043 1507 1161 1536 iudices
1181 1508 1244 1536 sint
1264 1508 1333 1547 (cfr.
1354 1507 1381 1547 5
1402 1506 1470 1547 37.>.
1511 1509 1590 1537 Nam
1610 1510 1641 1538 id
1663 1511 1688 1537 si
1709 1520 1771 1538 non
1792 1515 1845 1545 est,
1866 1510 1959 1537 iutel-

90 1553 151 1591 1031
172 1563 235 1581 11011
255 1559 373 1592 potest,
393 1565 447 1582 cur
466 1565 528 1583 non
549 1555 581 1582 in
603 1560 717 1583 ceteras
739 1566 856 1585 caussas
876 1555 1051 1584 istiusmodi
1072 1555 1208 1584 iudicum
1230 1556 1326 1585 editio
1348 1557 1493 1585 translata
1512 1557 1553 1585 sit
1575 1557 1642 1595 (csr.
1662 1555 1689 1596 5.
1710 1557 1778 1596 δᾶ).

164 1601 273 1639 Neque
293 1602 397 1639 negari
416 1607 534 1640 potest,
554 1603 793 1632 acerbissumum
812 1603 872 1632 hoc
893 1614 986 1641 genus
1006 1604 1102 1632 iudici
1122 1605 1261 1633 futurum
1282 1604 1375 1633 fuisse
1396 1609 1513 1633 remota
1532 1605 1653 1633 ratione
1674 1606 1743 1641 illa,
1764 1616 1850 1643 quam
1871 1615 1959 1633 sena—

90 1654 154 1677 tum
175 1648 207 1676 111
228 1649 419 1678 decernendo
440 1655 577 1678 secutum
598 1651 708 1679 Cicero
730 1651 847 1680 scribit.
887 1652 933 1680 Ita
954 1652 1036 1680 0111111
1056 1652 1124 1680 fieri
1144 1652 1263 1691 potuit,
1290 1657 1342 1687 ut,
1371 1663 1446 1690 quos
1466 1663 1607 1681 maxume
1627 1663 1680 1681 reo
1701 1653 1836 1681 infensos
1858 1654 1959 1688 sciret,

89 1697 208 1725 iudices
228 1701 400 1725 accussator
421 1697 579 1734 deligeret,
599 1698 642 1726 ita
662 1703 696 1726 ut
715 1699 887 1727 uerendum
908 1705 996 1736 esset,
1017 1710 1056 1728 110
1075 1699 1139 1727 sola
1159 1700 1349 1737 malignitate
1370 1701 1455 1730 ducti
1475 1712 1562 1730 reum
1578 1702 1824 1730 condemnarent.
1856 1701 1958 1739 Atque

90 1744 166 1772 haec
185 1754 257 1772 sane
277 1744 401 1772 uidetur
421 1754 523 1772 caussa
542 1745 655 1782 fuisse,
676 1747 714 1775 ob
736 1758 825 1785 quam
846 1747 921 1776 olim
942 1748 1006 1776 Ser.
1029 1747 1186 1786 Sulpicio,
1207 1758 1276 1776 cum
1297 1748 1413 1777 iudices
1435 1749 1577 1778 editicios
1599 1760 1662 1777 esse
1683 1750 1786 1782 uellet,
1807 1758 1958 1786 repugna-

90 1796 195 1821 tumst.
235 1791 352 1820 Scribit
379 1792 461 1820 0111111
488 1792 597 1821 Cicero
623 1804 680 1832 pro
707 1795 788 1825 Mur.
818 1796 851 1824 C.
872 1796 999 1824 XXIII.
1026 1795 1053 1835 5.
1071 1797 1134 1831 47.:
1153 1796 1240 1824 Idem
1267 1796 1405 1825 editicios
1425 1798 1542 1826 iudices
1564 1807 1624 1826 esse
1652 1798 1795 1830 uoluisti,
1824 1802 1859 1824 ut
1887 1797 1958 1824 odia

89 1841 212 1868 coculla
231 1841 357 1875 ciuium,
378 1851 457 1878 quae
477 1842 582 1869 tacitis
602 1851 685 1870 nunc
704 1843 866 1872 discordiis
886 1845 1095 1877 continentur,
1115 1845 1149 1871 in
1160 1843 1314 1881 sbrlzmas
1334 1846 1453 1882 optumi
1471 1847 1619 1883 cuiusque
1639 1849 1841 1882 erumperent.
1880 1843 1957 1872 Cum

91 1887 200 1926 quibus
222 1889 413 1926 conparanda
433 1894 519 1924 sunt,
548 1898 623 1926 quae
643 1889 724 1918 idem
744 1890 777 1918 in
798 1901 842 1919 or.
862 1891 964 1919 Plane.
985 1890 1012 1930 5.
1032 1892 1078 1920 40.
1100 1895 1223 1930 questus
1245 1896 1299 1919 est.

164 1935 271 1974 Itaque
291 1935 469 1964 Laterensis
490 1936 548 1964 etsi
569 1942 689 1965 senatus
710 1938 874 1967 consilium
892 1949 955 1967 non
975 1939 1129 1975 seruauit,
1157 1948 1226 1966 cum
1246 1939 1335 1974 alias,
1356 1949 1443 1977 quam
1465 1949 1536 1977 quas
1557 1942 1717 1976 corruptas
1738 1938 1957 1967 criminabatur

91 1983 189 2012 tribus
210 1983 322 2020 edidit,
349 1989 450 2013 tamen
471 1989 578 2013 contra
597 1984 672 2023 legis
693 1986 788 2014 uerba
807 1987 917 2015 fecisse
941 1996 1004 2015 non
1024 1991 1128 2026 potest
1155 1986 1226 2014 dici.
1265 1986 1437 2014 Prudenter
1465 1991 1565 2014 autem
1586 1985 1681 2023 egisse
1701 1996 1785 2022 eum,
1813 1987 1864 2025 qui
1885 1998 1956 2025 quas

90 2031 205 2067 tribus,
245 2041 313 2060 cum
340 2036 440 2060 essent
467 2043 483 2060 a
502 2033 628 2062 Plancio
654 2033 818 2071 largitione
848 2034 1023 2070 deuinctae,
1052 2034 1220 2063 beneuolos
1248 2034 1314 2062 sore
1344 2033 1460 2061 iudices
1488 2034 1700 2071 praeuiderat,
1729 2044 1792 2062 11011
1813 2034 1957 2069 ediderit,

91 2088 189 2118 neque
208 2079 307 2119 ipsum
327 2079 510 2110 Ciceronem
529 2081 609 2119 fugit
629 2079 668 2121 (5.
689 2080 748 2119 44)
769 2086 800 2110 ct
818 2081 855 2110 ab
874 2081 1046 2121 interprete
1065 2081 1272 2110 Ambrosiano
1293 2086 1377 2110 recte
1397 2086 1443 2110 est
1463 2081 1659 2110 admonitum.

978 2169 1006 2210 §-
1032 2176 1060 2204 ι..

896 2233 960 2267 De
990 2247 1151 2278 poena,

298 2291 415 2331 Quae
444 2293 662 2326 aduersus
695 2291 921 2326 soclalicz'a
949 2293 1046 2337 lege
1076 2292 1264 2326 Licinia
1303 2293 1553 2327 constituta
1578 2293 1747 2338 fuerit.

169 2366 254 2403 Quae
273 2378 372 2406 poena
391 2371 457 2409 lege
477 2372 601 2400 Licinia
620 2372 764 2401 aduersus
785 2382 836 2400 eos
857 2372 1023 2401 constituta
1041 2372 1153 2409 fuerit,
1181 2372 1234 2411 qui
1254 2372 1471 2401 sodaliciorum
1492 2373 1624 2402 damnati
1645 2378 1746 2407 erant,
1768 2373 1833 2411 ipsa
1854 2371 1951 2400 oratio

95 2414 258 2444 Planciana
277 2415 380 2454 docet,
399 2418 432 2447 iu
453 2430 511 2458 qua
531 2420 564 2449 C.
585 2420 641 2448 III.
661 2418 688 2460 §.
709 2422 735 2450 8.
761 2420 925 2460 scriptum:
955 2426 1019 2449 tum
1040 2423 1119 2449 enim
1138 2422 1358 2459 magistratum
1379 2432 1440 2449 non
1461 2422 1589 2460 gerebat
1615 2424 1660 2455 is,
1695 2423 1750 2460 qm?
1768 2426 1905 2457 alm-al,
1926 2422 1953 2447 si
