2264 2746
281 104 334 130 „5
926 90 1498 120 COMMENTARIUS.

284 187 332 208 ne
365 170 545 204 diffidat
582 165 767 207 reliquis
798 164 1037 196 honoribus
1069 171 1168 207 post
1196 165 1447 197 aedilitatis
1485 165 1721 208 repulsam3
1763 167 1931 207 quando
1970 169 2041 200 illi
2074 170 2149 202 hac

286 225 428 271 specie
465 221 645 254 lionoris
688 229 772 249 non
811 217 1037 260 inpetrata
1075 218 1365 260 peruenerint
1402 225 1536 250 tamen
1573 219 1621 249 ad
1658 218 1881 260 fastigium
1917 222 2150 254 consulare·

285 283 444 313 Senomi
468 277 674 307 UA‘rICANA.
719 271 812 302 Haec
836 282 919 312 quae
942 270 1122 313 praeposui
1146 271 1249 301 uerba
1271 270 1366 301 Tulli
1390 271 1570 303 Uaticanus
1593 272 1704 304 habet.

368 332 464 371 Quae
487 326 549 357 tibi
572 325 664 355 ultro
682 329 787 366 pater
810 329 842 355 et
864 324 1010 355 maiores
1034 324 1088 354 tui
1109 341 1150 347 -
1173 325 1306 363 dit-ent,
1332 336 1439 368 neque
1461 337 1494 357 ιι.
1518 337 1582 368 qno
1606 330 1638 356 te
1661 323 1816 363 liberent,
1839 330 1887 356 set
1911 331 1949 356 iit
1972 340 2012 347 —
2035 326 2153 358 cohor-

288 384 414 424 lentur)
459 376 681 409 Scribendum
705 382 755 407 est
777 376 1016 407 liberarent—
1036 377 1316 409 cohortarentur.-
1339 377 1509 420 praecedit
1532 377 1621 408 enin]
1645 378 1806 408 dicerent.
1849 378 1964 419 Atque
1986 376 2033 408 sic
2056 378 2154 410 edidi.

289 439 377 473 Uitia
407 438 479 464 orta
510 436 588 461 sunt
612 440 631 460 a
654 429 850 471 conpendiis
875 429 1059 465 scribendi,
1097 428 1183 460 sicut
1215 429 1250 460 in
1274 430 1326 461 ed.
1350 431 1393 461 R.
1418 437 1450 462 et
1471 431 1528 462 Br.
1560 435 1609 460 est
1639 429 1738 459 etiam
1762 430 1874 461 (licent
1906 441 1969 472 pro
1995 431 2156 464 dicerent.

286 494 356 526 Nec
379 498 460 518 uero
484 485 597 515 dicent
621 494 741 513 uerum
765 489 830 521 est,
863 481 942 523 quia
963 487 1040 511 ante
1064 481 1130 512 iam
1153 488 1202 513 est
1228 482 1463 525 inperfectum.
1489 484 1711 514 ERNESTIUS.
1758 483 1953 513 Necessaria
1975 483 2055 514 haec
2081 494 2158 514 cor-

286 543 387 577 rectio
412 542 512 575 esset‚
536 536 564 567 si
588 536 778 567 Laterensis
801 547 834 566 se
858 534 985 566 nescire
1010 534 1159 572 dixisset,
1185 535 1264 576 quid
1289 547 1511 578 responsurus
1533 541 1617 566 esset
1640 534 1727 577 patri
1750 542 1886 567 mortuo
1909 541 1943 566 et
1964 536 2158 575 maioribus,

285 598 312 630 si
335 606 377 626 ex
401 590 517 623 inferis
540 589 701 620 redirent.
747 588 855 629 Atqui
878 599 954 618 cum
978 598 1019 618 ex
1039 587 1135 617 initio
1161 587 1258 619 huius
1281 590 1409 631 capitis,
1431 589 1580 628 Quaeris
1604 589 1718 626 etiam,
1741 589 1826 631 qnid
1845 589 2056 631 imaginibus
2078 590 2161 628 tuis,

288 649 372 694 quid
396 644 625 677 ornatisszmzo
650 648 752 685 atque
781 647 918 684 optumo
942 641 1036 681 uiro,
1070 642 1171 684 patri
1200 648 1258 674 tuo
1291 642 1553 685 respondeas
1585 647 1738 678 mortuo,
1774 641 1963 671 luculenter
1993 647 2161 684 appareat,

288 704 504 735 Laterensem
529 694 569 725 de
594 694 812 736 imaginibus,
837 693 871 723 id
896 699 945 724 est
971 693 1011 723 de
1035 699 1129 735 patre
1151 705 1188 723 ac
1210 693 1392 725 maioribus
1416 694 1463 725 sic
1485 705 1555 725 esse
1578 694 1738 732 locutum,
1763 704 1800 723 ac
1821 693 1849 724 si
1872 693 1944 724 uiui
1967 699 2076 724 essent
2097 693 2163 724 ho—

288 755 413 791 mines,
438 749 495 792 qui
519 748 549 779 ei
572 747 875 790 exprobrauerint,
900 747 989 788 quod
1012 746 1217 777 aedilitatem
1241 758 1309 777 non
1333 752 1418 778 esset
1440 746 1598 789 adeptus:
1633 746 1815 788 aptissume
1838 746 2036 777 Ciceronem
2061 747 2162 777 etiam

289 809 330 840 de
352 812 448 850 patre
470 813 507 833 ac
529 801 712 832 maioribus
727 799 917 831 Laterensis
941 799 986 831 sic
1010 799 1103 841 loqui
1126 805 1228 841 patet,
1255 810 1291 830 ac
1313 799 1341 830 si
1365 799 1557 829 etiamnunc
1580 799 1615 829 in
1638 799 1725 829 uiuis
1749 798 1813 829 sint
1837 804 1869 829 et
1892 810 1967 829 cum
1980 800 2162 831 Laterense

289 856 447 900 conloqui
476 854 623 897 possint,
661 853 804 894 ideoque
837 852 1033 883 rectissume
1061 858 1093 882 et
1116 853 1230 884 (lit-ent
1262 858 1295 883 et
1318 851 1461 883 liberent
1490 858 1523 882 et
1545 854 1764 884 cohortentur
1793 863 1826 882 se
1854 852 1988 882 habere.
2034 852 2164 884 Eodem

291 912 392 946 modo
416 910 481 940 iam
510 908 539 948 ξ.
565 908 616 938 51.
641 905 816 937 Laterensi
840 905 1023 937 obiecerat:
1061 911 1163 948 atque
1194 906 1275 937 illut
1305 917 1388 937 caue
1410 906 1548 948 potius,
1581 918 1622 936 ne.
1646 911 1706 937 tua
1731 905 1799 936 ista
1824 905 1975 948 querella
2002 905 2164 948 dolorque

291 967 419 1001 nimius
441 962 483 994 ab
507 961 578 992 illis
601 958 876 1002 sapientissimus
900 959 989 990 uiris
1012 959 1119 999 (patre
1142 964 1174 988 et
1194 958 1393 996 maioribus)
1417 958 1735 1001 reprehendam
1746 969 1774 989 r.

374 1017 456 1051 IVon,
480 1012 678 1045 consolandi
701 1012 755 1042 tui
774 1011 909 1055 gratia)
954 1013 1121 1043 Iacturam
1153 1011 1243 1042 enim
1273 1016 1349 1041 tuae
1371 1011 1542 1053 dignitatis
1565 1010 1694 1041 nullam
1716 1008 1843 1050 fecisti,
1875 1015 1913 1040 ut
1942 1008 2165 1043 consolandus

292 1084 362 1106 esse
383 1066 540 1102 uidearis.
571 1065 783 1096 Msxm‘irs.

376 1124 442 1155 Est
465 1119 602 1161 aliquid
622 1118 725 1148 etiam
747 1118 788 1148 cle
813 1117 944 1148 uirtute
973 1115 1215 1159 significatum
1239 1116 1315 1158 tua)
1360 1115 1462 1157 Quod
1495 1127 1668 1147 reseruare
1698 1115 1844 1158 populus
1873 1115 2092 1146 Laterensem
2123 1115 2164 1146 ad

293 1177 456 1211 maiorem
482 1172 726 1214 magistratum,
753 1169 789 1200 in
806 1180 871 1211 quo
888 1169 918 1199 ei
932 1180 1071 1211 magnae
1093 1169 1232 1200 utilitati
1255 1180 1324 1200 esse
1347 1175 1470 1212 posset,
1492 1169 1602 1200 uideri
1624 1174 1734 1212 potest
1759 1167 1916 1198 uoluisse.
1964 1167 2166 1210 Cfr.§.15..

1084 1265 1112 1298 C
1129 1263 1160 1298 A
1174 1264 1214 1297 P.
1257 1263 1378 1297 XXII.

379 1335 466 1369 Noli
489 1334 579 1366 enim
601 1332 799 1363 existimare
829 1343 895 1362 non
918 1343 1083 1374 magnmn
1112 1332 1281 1376 quendam
1303 1337 1433 1362 motam
1446 1329 1564 1373 ficis-se
1589 1331 1685 1362 illius
1703 1330 1885 1374 petitionis
1909 1336 2006 1370 tuae,
2037 1332 2078 1363 de
2101 1343 2168 1375 qua

295 1405 335 1424 ne
358 1388 495 1432 aliquid
519 1387 654 1417 iurares
678 1384 857 1426 destitisti)
902 1384 1057 1415 Tacite
1081 1384 1251 1427 quidem
1275 1383 1466 1415 subiecit
1493 1394 1678 1421 causam,
1718 1394 1824 1424 quae
1846 1384 2071 1415 Laterensi
2099 1385 2168 1416 uel

298 1443 482 1477 maxime
505 1437 703 1469 obfuisse
726 1436 949 1476 uideatur,
985 1437 1094 1479 quod
1128 1449 1220 1468 eum
1245 1437 1363 1467 dicat
1387 1435 1554 1478 aliquid
1582 1435 1781 1466 noluisse
1804 1435 1965 1476 iurare,
1997 1449 2042 1468 ac
2064 1449 2168 1480 pro-

297 1503 445 1540 pterea
474 1493 786 1534 impugnatum,
834 1500 914 1530 quo
952 1490 1082 1532 magis
1115 1490 1333 1532 repulsam
1370 1488 1514 1520 ferret.
1560 1488 1871 1520 Existimamus
1904 1490 2045 1532 igitur
2079 1502 2169 1523 eum

297 1552 436 1592 legem
466 1545 618 1577 Iuliam
648 1541 923 1584 significare,
970 1553 1090 1584 quam
1123 1542 1275 1573 Caesar
1307 1541 1456 1572 consul
1487 1540 1698 1583 agrariam
1734 1542 1899 1573 tulerat
1929 1542 1978 1574 de
2012 1543 2170 1584 uiris¹)

299 1599 500 1635 creandis
535 1603 575 1628 et
604 1607 678 1638 per
710 1593 991 1632 seditionem,
1030 1601 1234 1636 quantum
1257 1594 1447 1626 sehabet
1476 1593 1589 1625 fides
1614 1594 1845 1632 historiae,
1881 1601 1920 1626 et
1940 1596 1989 1627 M.
2013 1596 2168 1628 Bibulo

299 1658 507 1688 seruante
540 1649 587 1680 de
616 1647 785 1687 cael0²)·
831 1648 876 1678 In
908 1647 1017 1678 hanc
1048 1648 1298 1680 Laterensis
1330 1647 1508 1678 uidetur
1538 1647 1840 1678 iusiurandum
1874 1660 1992 1680 suum
2031 1649 2169 1681 dicere

300 1706 500 1740 noluisse
522 1721 565 1727 —
589 1702 619 1742 ³)
648 1707 787 1731 tamen
811 1701 859 1732 M.
883 1700 1057 1731 Tullius
1086 1712 1169 1732 non
1200 1700 1425 1743 expressit
1447 1700 1578 1742 ipsam
1604 1701 1709 1742 legis
1733 1701 1869 1731 Iuliae
1890 1701 2168 1741 mentionem,

301 1773 350 1792 ne
381 1756 580 1791 Caesaris
609 1754 772 1786 animus
807 1752 1068 1784 laederetur.
1107 1754 1267 1785 SCHOLIA
1295 1755 1502 1785 UATICANA.
1545 1753 1739 1795 Respicitur
1769 1754 1887 1796 petitio
1916 1754 2121 1794 tribunatus,
2152 1767 2170 1786 a

302 1825 367 1856 qua
390 1810 518 1843 destitit
539 1800 710 1844 Plancius,
742 1818 783 1836 ne
806 1806 869 1837 sibi
893 1817 977 1848 opus
1001 1812 1086 1837 esset
1107 1806 1142 1837 in
1165 1807 1272 1848 legem
1297 1807 1446 1837 Caesaris
1471 1808 1511 1837 de
1533 1817 1612 1846 agro
1638 1807 1808 1848 Campano
1832 1806 2018 1837 diuidundo
2040 1806 2170 1847 iurare3

302 1868 336 1898 in
367 1877 433 1907 quo
464 1863 581 1895 Cicero
616 1860 657 1891 ad
684 1858 837 1892 Atticum
869 1859 917 1898 H,
959 1859 1007 1890 18.
1043 1860 1263 1891 Laterensem
1290 1859 1406 1891 scribit
1436 1859 1634 1891 existumavi
1666 1859 1755 1890 laute
1784 1859 1910 1892 fecisse.
1953 1860 2169 1892 SCHUTZIUs.

304 1918 374 1951 Cfr.
400 1916 500 1949 huius
525 1927 574 1945 or.
600 1915 637 1945 C.
661 1913 706 1944 V.
733 1912 856 1953 §.15..
1978 1917 1981 1919 ,

388 1970 501 2010 Quam
523 1966 719 1999 ambitionis
744 1965 834 1996 ratio
851 1964 1065 2008 postulabat)
1109 1966 1191 1997 'Non
1215 1964 1356 1996 debebas
1380 1970 1430 2004 te,
1469 1976 1544 1996 cum
1569 1965 1776 1996 tribunatum
1802 1964 1908 2007 plebis
1934 1969 2084 2005 peteres,
2120 1972 2172 1996 ta—

306 2024 370 2056 lem
394 2021 587 2057 ostendere,
612 2018 670 2060 qui
692 2017 930 2060 optumatibus,
953 2017 989 2047 id
1013 2017 1103 2060 quod
1125 2029 1195 2048 non
1215 2017 1358 2049 iurando
1382 2017 1417 2048 in
1440 2017 1547 2060 legem
1573 2018 1721 2050 Caesaris
1744 2016 1926 2056 declarasti,
1949 2017 2053 2059 magis
2073 2029 2172 2060 quam

307 2076 432 2119 populo
456 2074 597 2105 faueres.

385 2196 412 2232 1)
451 2196 556 2223 Scribe
584 2196 608 2223 si
629 2196 715 2223 lubct
737 2197 921 2223 triumuiris.
962 2195 1099 2233 Namque
1127 2205 1196 2233 ager
1225 2195 1420 2223 diuidebatur
1445 2205 1500 2233 per
1520 2196 1652 2223 delectos
1673 2195 1851 2223 triumuiros
1880 2200 1929 2222 aut
1951 2195 2171 2234 quinqueuiros

310 2250 361 2274 ant
381 2243 579 2272 decemuiros.
619 2243 714 2270 Innno
730 2242 884 2279 Augustus
905 2253 1005 2280 agrum
1022 2244 1207 2282 Campanum
1230 2244 1296 2282 lege
1316 2244 1382 2282 ipsa
1403 2243 1480 2270 Iulia
1501 2243 1606 2271 diuisit
1627 2253 1682 2281 pcr
1702 2242 1835 2270 delectos
1852 2243 1919 2270 XX
1934 2243 2024 2271 uiros.
2046 2244 2170 2274 Sueten.

310 2295 387 2330 Aug.
409 2292 442 2319 C.
465 2291 535 2317 IV..
575 2290 610 2316 Λ.
635 2292 661 2317 Μ
676 2300 750 2317 xirs.

383 2339 411 2377 ῃ)
450 2339 532 2373 Lege
554 2338 677 2363 Sui-ron.
706 2337 760 2364 lul.
783 2336 816 2364 C.
837 2337 932 2364 XX..

383 2386 413 2422 3)
451 2383 567 2422 Supple
589 2384 681 2410 uerba
701 2383 769 2410 duo.
810 2385 847 2412 A.
867 2386 982 2412 Mum.
