2264 2746
862 81 886 110 C
906 80 934 109 A
955 82 994 111 P.
1034 82 1074 111 V.
1113 80 1140 122 §.
1169 89 1213 114 12.
1946 96 1980 121 75

96 157 287 201 gitandum,
323 157 460 188 aliunde
484 156 610 199 ignoto.
654 155 764 198 Atqui
787 168 862 188 cum
886 156 947 188 tris
971 157 1030 189 has
1055 156 1160 190 fuisse
1182 159 1366 191 consularis
1393 161 1544 204 repulsas
1573 160 1652 192 satis
1683 160 1978 204 declarauerimus,

96 211 249 242 concidat
276 216 439 242 necessest
463 209 570 241 omnis
594 209 676 240 haec
702 208 898 251 disputatio.
911 212 931 228 “

179 264 260 295 Post
282 265 372 303 haec,
398 275 482 305 quae
497 262 701 294 Garatonius
725 268 758 293 et
777 262 900 294 Bakius
927 263 1146 305 scripserunt,
1170 276 1275 307 pauca
1302 271 1429 298 tantum
1456 272 1571 298 contra
1594 267 1786 298 Feri-atium
1810 270 1979 300 monenda

94 323 233 349 restant.
278 317 330 349 Ac
352 316 502 359 primum
526 315 662 357 quidem
687 316 881 357 conparatio
906 316 995 347 inter
1018 317 1229 347 consularem
1250 318 1362 348 Catuli
1386 325 1418 350 et
1440 319 1628 351 aediliciam
1645 321 1837 352 Laterensis
1861 322 1980 363 repul-

94 381 164 402 sam
187 376 368 412 propterea
390 380 457 400 non
481 368 656 407 claudicat,
681 368 769 409 quod
796 368 925 408 Cicero,
950 369 984 399 id
1009 368 1099 410 quod
1123 381 1184 399 nec
1199 370 1403 401 Garatonius
1426 383 1486 402 nec
1500 373 1622 405 Bakius
1645 374 1789 412 monuit,
1814 374 1847 404 id
1872 386 1976 405 unum

91 423 157 454 hoc
190 423 263 454 loco
296 422 379 464 agit,
422 427 459 451 ut
481 422 649 464 populum
672 433 770 463 saepe
795 421 830 452 in
856 421 1053 453 mandandis
1077 422 1326 463 magistratibus
1350 424 1578 457 nobilissumis
1602 427 1796 458 hominibus
1823 433 1855 458 et
1878 439 1978 470 prae-

90 474 313 508 stantissumis
338 473 611 515 ignobilissumos
635 480 667 505 et
691 474 925 515 deterrumos,
966 475 993 506 si
1016 475 1180 506 submisse
1201 475 1279 506 satis
1303 476 1564 518 supplicassent,
1604 480 1837 522 praeposuisse
1859 492 1978 511 exem-

90 528 157 572 plis
181 527 381 570 quibusdam
405 525 532 556 doceat.
577 527 734 558 Minume
760 527 864 569 igitur
889 540 974 571 opus
998 528 1052 559 hic
1076 533 1164 565 erat,
1205 533 1243 557 ut
1266 527 1307 558 de
1330 529 1509 560 aedilitatis
1538 536 1669 563 tantum
1694 533 1837 575 repulsis
1864 545 1975 564 sermo

92 587 189 613 esset.
233 579 367 612 Deinde
391 578 432 610 de
454 579 634 611 aedilitatis
658 581 803 623 repulsa,
830 593 928 622 quam
954 581 1070 612 tulerit
1093 581 1136 622 Q.
1153 580 1304 619 Catulus,
1329 587 1508 623 propterea
1527 583 1622 613 nullo
1646 591 1742 625 pacto
1770 587 1864 628 loqui
1886 598 1976 618 nunc

89 634 207 667 Cicero
230 639 357 676 potest,
396 632 485 674 quod
509 633 741 675 praepositum
765 634 795 664 ei
819 633 900 665 dicit
924 635 962 666 C.
986 633 1191 672 Fimbriam,
1231 647 1354 665 nouom
1379 635 1559 668 hominem.
1603 637 1692 668 Nam
1716 639 1867 671 Fimbria
1899 651 1974 670 cum

87 688 186 720 homo
209 698 315 717 nouos
341 685 472 716 dicatur
494 684 615 725 fuisse,
641 698 706 728 quo
731 691 886 728 tempore
911 697 987 717 cum
1011 686 1132 717 Catulo
1156 686 1389 728 magistratum
1415 688 1562 729 petierit,
1586 697 1752 721 necessest
1774 692 1840 723 iam
1864 704 1976 734 gesse-

87 740 135 772 rit
155 739 363 770 aedilitatem
387 738 560 777 curulem,
588 745 646 770 aut
667 745 880 781 praeturam,
903 745 1085 781 antequam
1108 739 1300 781 conpetitor
1324 740 1367 782 Q.
1396 740 1507 771 Catuli
1532 740 1645 772 suerit.
1691 742 1857 785 Alioquin
1877 746 1974 777 homo

87 805 193 826 nouos
217 792 282 823 dici
308 803 378 823 non
401 790 597 834 potuisset„
627 803 692 832 quo
721 792 860 822 nomine
889 797 1018 823 constat
1042 803 1097 823 eos
1121 791 1299 834 insignitos
1330 804 1420 832 esse,
1461 794 1517 835 qui
1540 794 1646 837 primi
1671 807 1688 825 e
1711 795 1839 828 familia
1866 797 1976 840 magi-

86 852 231 878 stratum
257 845 409 876 curulem
436 844 471 875 in
495 842 658 874 familiam
682 855 775 875 suam
801 844 1019 884 adtulissent,
1056 856 1161 886 eaque
1194 857 1231 876 re
1254 845 1305 877 ius
1329 845 1484 888 imaginis
1509 847 1678 879 consecuti
1702 856 1822 880 essent.
1866 850 1976 881 Deni-

86 910 152 941 que
175 897 327 929 minume
350 897 525 934 mirumst,
556 895 645 937 quod
671 897 732 927 Cn.
757 898 895 929 Mallius
918 898 953 929 in
980 910 1029 929 or.
1054 910 1117 940 pro
1141 898 1233 929 Mur.
1257 909 1284 929 c.
1310 899 1388 930 VII.
1414 904 1447 930 et
1469 900 1565 931 VIII.
1600 912 1668 931 non
1692 912 1768 932 cum
1792 902 1972 945 Pompeiis,

85 951 220 990 BIariis,
244 951 373 987 Didiis,
399 955 432 980 et
453 948 574 979 Caeliis
598 948 687 979 inter
709 961 816 982 nouos
842 951 998 982 homiues
1025 956 1230 981 recensetur.
1276 951 1366 982 Nam
1388 951 1435 981 ibi
1460 963 1578 984 eorum
1601 954 1781 985 hominum
1804 965 1974 985 nouorum

84 1005 223 1037 inicitur
243 1002 388 1039 mentio,
430 999 487 1042 qui
510 1006 653 1042 propter
678 1002 841 1034 uirtutem
866 1016 960 1035 suam
982 1003 1233 1045 magistratibus
1258 1003 1432 1035 curulibus
1454 1003 1583 1037 admoti
1612 1013 1725 1047 erant,
1766 1006 1887 1049 quibus
1912 1007 1973 1039 Cn.

84 1058 242 1092 Mallium
266 1067 335 1086 non
357 1053 507 1097 potuisse
530 1053 747 1086 adnumerari
770 1063 890 1098 sponte
915 1062 1018 1100 patet.

166 1111 284 1151 Itaque
306 1115 359 1147 ut,
385 1107 465 1149 quid
489 1106 554 1137 hoc
575 1107 649 1138 loco
675 1107 793 1139 Cicero
819 1108 922 1148 dicat,
946 1109 1060 1152 paucis
1083 1110 1391 1152 conprehendatur,
1415 1111 1643 1153 tenendumst,
1666 1113 1848 1157 triplicem,
1873 1125 1973 1156 quam

83 1166 127 1206 Q.
150 1161 308 1195 Lutatius
333 1160 471 1192 Catulus
496 1158 531 1189 iu
554 1159 719 1201 petitione
740 1162 930 1193 consulatus
954 1162 1090 1201 tulerit,
1122 1164 1293 1206 repulsam
1316 1165 1517 1205 memorari3
1559 1166 1725 1208 primam,
1762 1178 1838 1198 cum
1862 1168 1970 1200 uictus

82 1223 133 1250 est
154 1228 173 1247 a
196 1216 234 1248 C.
256 1214 365 1247 Atilio
393 1214 557 1250 Serrano,
602 1212 659 1254 qui
683 1224 712 1244 a.
736 1226 769 1244 u.
795 1214 866 1256 647.
897 1226 974 1245 cum
998 1215 1041 1256 Q.
1067 1215 1213 1247 Seruilio
1240 1216 1410 1259 Caepione
1436 1218 1553 1249 consul
1575 1218 1660 1258 fuit3
1697 1220 1856 1261 alteram,
1893 1233 1968 1252 cum

80 1268 287 1315 postpositus
311 1273 360 1298 est
384 1267 445 1298 Cn.
469 1265 599 1304 Mallio,
626 1265 683 1308 qui
706 1278 735 1297 a.
759 1278 792 1298 u.
817 1267 889 1298 648.
914 1278 990 1298 cum
1012 1268 1049 1297 P.
1074 1268 1206 1299 Rutilio
1230 1268 1322 1299 Rufo
1346 1271 1462 1302 consul
1486 1270 1569 1310 fuit3
1598 1272 1751 1313 tertiam,
1775 1286 1852 1305 cum
1875 1275 1906 1306 ei
1931 1276 1968 1307 C.

81 1323 217 1357 Flauios
253 1319 406 1352 Fimbria
435 1319 647 1361 praepositus
671 1325 737 1359 est,
782 1318 840 1360 qui
868 1330 896 1350 a.
926 1331 959 1350 u.
992 1320 1064 1362 649.
1096 1332 1173 1352 cum
1204 1322 1241 1352 C.
1276 1322 1387 1353 Mario
1419 1324 1537 1354 consul
1565 1323 1640 1355 suit.
1685 1325 1730 1357 A.
1755 1338 1788 1358 u.
1813 1328 1885 1359 650.
1911 1334 1969 1359 aut

80 1376 220 1410 omnino
243 1385 312 1404 non
335 1371 457 1414 petiuit
480 1373 708 1412 consulatum,
733 1377 791 1402 aut
813 1372 1002 1413 repulsam,
1027 1373 1054 1403 si
1082 1385 1181 1414 quam
1206 1375 1295 1415 tulit,
1319 1387 1388 1407 non
1412 1377 1731 1410 commemorandam
1758 1380 1877 1411 Cicero
1900 1392 1968 1423 pu-

78 1430 176 1463 tauit.
220 1425 375 1458 Tandem
404 1435 433 1454 a.
457 1435 490 1454 u.
516 1425 587 1457 651.
611 1436 687 1456 cum
712 1426 749 1457 C.
773 1424 884 1456 Mario
915 1426 1126 1457 consulatum
1150 1428 1261 1469 gessit.
1309 1430 1379 1460 Cur
1401 1435 1513 1461 autem
1543 1436 1659 1461 contra
1682 1433 1844 1474 temporis
1872 1433 1967 1464 ordi-

78 1494 159 1515 nem
183 1482 221 1513 C.
244 1477 431 1511 Fimbriam
454 1483 531 1508 aute
554 1478 729 1517 Mallium,
755 1476 812 1519 qui
835 1483 912 1519 post
935 1478 1092 1510 Mallium
1117 1481 1234 1511 consul
1257 1480 1338 1521 fuit,
1380 1482 1498 1513 Cicero
1523 1485 1846 1524 conmemorauerit,
1882 1486 1965 1517 haec

78 1535 145 1567 fuit
171 1544 304 1571 caussa,
330 1530 420 1573 quod
443 1530 640 1572 gradatione
664 1543 742 1562 usus
766 1530 917 1573 primum
942 1531 1117 1563 hominem
1144 1533 1310 1574 nobilem,
1335 1535 1457 1566 deinde
1482 1548 1625 1576 nouom,
1659 1537 1805 1580 denique
1829 1539 1965 1582 ignobi..

79 1590 146 1622 lem
170 1586 290 1618 Catulo
313 1583 545 1627 praepositum
571 1595 641 1615 esse
663 1584 890 1615 animaduerti
913 1583 1034 1614 uoluit.

165 1640 201 1672 C.
223 1639 367 1671 Flaziios
391 1636 561 1679 Fimbria)
613 1637 741 1668 Consul
770 1636 836 1668 fuit
869 1648 922 1667 an.
953 1637 1024 1668 650.
1056 1648 1132 1668 cum
1165 1638 1202 1669 C.
1226 1639 1349 1670 Mario.
1394 1641 1567 1683 Loquitur
1599 1642 1640 1674 de
1664 1655 1702 1675 eo
1732 1643 1821 1676 infra
1846 1645 1964 1677 Cicero

80 1707 107 1727 c.
129 1693 247 1729 XXL,
278 1690 337 1721 ubi
360 1695 558 1720 numeratur
580 1689 617 1720 in
640 1690 698 1729 iis',
733 1690 791 1732 qui
815 1702 891 1720 cum
917 1689 1043 1720 tribuni
1067 1690 1114 1732 pl.
1139 1690 1212 1721 fieri
1236 1703 1304 1722 non
1326 1694 1533 1735 potuissent,
1572 1697 1724 1728 consules
1748 1704 1860 1729 tamen
1886 1697 1966 1730 facti

79 1752 168 1780 sunt.
215 1743 317 1785 Quod
340 1744 403 1781 ait,
441 1755 564 1774 nouom
586 1743 775 1781 hominem,
810 1742 899 1773 idem
925 1742 1089 1784 significat
1113 1745 1158 1776 V.
1188 1744 1222 1774 in
1250 1746 1350 1777 Uerr.
1379 1759 1428 1788 70.
1473 1749 1579 1780 Modo
1602 1750 1636 1781 C.
1658 1750 1851 1782 Fimbriam
1874 1751 1963 1793 (Ga-

79 1802 152 1834 ium
177 1797 268 1829 enim
291 1795 440 1838 appellat
462 1794 570 1825 codex
593 1795 640 1825 ibi
664 1802 822 1837 optumus
848 1796 924 1827 Car.
949 1796 1085 1838 Steph.,
1126 1796 1215 1838 quod
1241 1797 1313 1828 fieri
1338 1798 1460 1830 debere
1482 1801 1654 1832 Manutius
1678 1809 1798 1844 sponte
1827 1803 1964 1834 intelle-

78 1858 192 1890 xerat,
231 1861 300 1881 non
324 1856 361 1880 ut
386 1848 443 1879 alii
468 1847 654 1890 Lucium),
681 1848 715 1880 C.
739 1850 912 1888 IlIczrium,
949 1849 984 1882 C.
1008 1850 1163 1882 Caelium
1185 1850 1338 1882 uidimus
1362 1865 1428 1883 non
1449 1853 1676 1885 mediocribus
1701 1855 1896 1887 inimicitiis
1921 1870 1962 1888 (ιο

77 1904 251 1939 laboribus
276 1903 496 1939 contendere,
533 1906 572 1931 nt
594 1901 642 1932 acl
663 1902 747 1933 istos
769 1903 912 1934 honores
932 1904 1179 1945 peruenirent,
1213 1904 1261 1935 acl
1282 1916 1364 1947 qnos
1388 1918 1449 1936 uos
1467 1918 1532 1949 per
1562 1906 1684 1939 ludum,
1706 1914 1740 1940 et
1759 1919 1822 1950 per
1844 1910 1962 1952 negle-

76 1958 233 2003 gentiam
249 1954 474 2000 peruenistiS.
518 1954 779 1985 GARATONJUS.

161 2010 220 2042 Cn.
242 2009 389 2041 Mallias
412 2006 614 2048 Maxumus)
638 2018 714 2037 cum
738 2007 773 2038 P.
790 2008 922 2039 Rutilio
945 2007 1038 2040 Rufo
1062 2009 1178 2039 consul
1202 2008 1267 2040 fuit
1289 2021 1342 2040 an.
1364 2010 1436 2052 649.
1481 2011 1607 2053 Scripsi
1623 2013 1790 2046 IlIallizcm
1813 2014 1960 2048 duorum

77 2062 174 2096 codd.
198 2061 406 2092 auctoritate.
450 2060 556 2091 Recte
580 2059 670 2090 enim
694 2060 827 2091 monuit
849 2062 1022 2094 Manutius
1046 2062 1085 2093 ad
1110 2062 1144 2093 h.
1169 2063 1299 2094 locum:
1333 2063 1530 2104 „lgnobiles
1554 2065 1682 2105 Mallii,
1707 2067 1835 2099 nobiles
1859 2069 1961 2100 Man-

76 2116 134 2155 lii3
158 2115 199 2145 de
222 2114 336 2145 eadem
359 2125 396 2144 re
418 2112 466 2143 sic
487 2123 550 2154 pro
575 2113 666 2143 Mur.
692 2125 718 2144 ο.
747 2126 812 2156 17.:
839 2115 915 2157 quis
939 2115 981 2155 Q.
1005 2115 1185 2155 Catulum,
1210 2117 1438 2154 humanitate,
1461 2118 1646 2160 sapientia,
1670 2120 1874 2163 integritate
1895 2134 1959 2154 an—

79 2169 297 2204 tecellentem,
323 2180 344 2198 a
366 2166 425 2198 Cn.
446 2166 598 2197 Mallio?
642 2167 687 2197 Et
709 2166 763 2198 hic
786 2172 898 2197 autem
922 2173 955 2198 et
978 2168 1013 2198 in
1037 2169 1189 2200 oratione
1212 2169 1412 2200 Mureniana
1436 2169 1541 2200 eiecto
1565 2170 1695 2202 Manlio
1719 2173 1877 2204 Mallium
1900 2185 1958 2205 re·-

75 2220 181 2253 stitui.
225 2219 271 2251 Et
291 2218 326 2249 in
353 2219 504 2249 oratione
531 2230 665 2260 quoque
690 2231 753 2262 pro
780 2220 859 2250 Sex,
884 2219 1006 2251 Roscio
1031 2220 1167 2252 Mallius
1193 2221 1333 2252 Glaucia
1364 2221 1519 2263 quidam,
1561 2233 1637 2254 cum
1668 2230 1764 2256 antea
1786 2226 1957 2268 legeretur

76 2272 241 2310 Blanlius,
276 2271 431 2314 reposui3
468 2271 546 2313 quia
568 2272 778 2303 Manliorum
801 2278 881 2303 nota
904 2273 1083 2311 nobilitas,
1122 2274 1233 2305 Mallii
1264 2280 1376 2304 autem
1398 2274 1615 2316 perobscuri3
1653 2275 1688 2307 in
1715 2289 1781 2319 quo
1805 2285 1955 2310 nostram

76 2325 274 2368 opinionem
296 2330 450 2355 ueterum
472 2324 640 2356 librorum
662 2326 800 2357 adiuuat
822 2325 1013 2357 auctoritas.
1026 2328 1046 2344 ‘⁶
1092 2325 1262 2364 oremus,
1309 2327 1366 2367 qui
1394 2326 1488 2359 idem
1511 2328 1645 2359 Manuti
1673 2331 1833 2373 probauit
1864 2331 1956 2362 iudi-

75 2378 176 2419 cium,
202 2376 350 2408 conferri
373 2377 466 2409 iubet
489 2377 530 2408 de
553 2378 768 2424 διττογραφίᾳ
790 2378 854 2410 ista
877 2378 971 2409 Cort.
994 2378 1035 2409 ad
1059 2379 1140 2410 Sall.
1162 2379 1235 2421 Iug.
1263 2379 1351 2411 114..

1475 2438 1510 2464 22
1523 2432 1539 2448 *
