2264 2746
262 89 317 115 200
914 81 1479 110 COMMENTARIUS.

262 156 386 188 debere
416 156 606 196 commoda,
640 166 724 196 quae
747 154 979 197 unusquisque
1008 154 1045 185 in
1067 155 1130 186 hac
1152 167 1265 186 caussa
1289 166 1333 186 ex
1357 155 1528 187 Ciceronis
1551 157 1739 199 patrocinio
1762 157 1881 199 capiat.
1923 159 1963 190 Id
1976 160 2030 191 >sic
2050 159 2130 192 sacit

263 217 391 251 orator,
422 217 460 242 ut
480 209 577 240 dicat:
608 207 744 248 Agitur
767 207 922 239 studium
945 214 1062 247 tuum,
1092 209 1151 240 uel
1172 209 1295 248 etiam,
1324 210 1356 241 si
1378 210 1452 248 uis,
1480 210 1718 249 existumatio,
1750 210 1828 242 laus
1849 210 2041 243 aedilitatis
2062 211 2129 253 (uel

263 263 443 304 aedilitas):
477 268 514 294 at
541 260 600 291 Cn.
621 258 750 291 Planci
778 260 892 299 salus,
922 261 1067 304 putria,
1089 260 1274 303 fortunae.
1317 262 1534 304 Apertumst,
1569 268 1739 304 postrema
1766 263 1887 302 uerba,
1922 263 2044 304 agitur
2072 263 2131 296 Cn.

262 317 392 350 Planci
419 316 513 347 salus
543 318 604 342 etc.
637 310 671 341 in
696 310 785 341 hunc
814 323 883 343 esse
908 325 1044 344 sensum
1068 313 1173 345 dicta:
1215 315 1277 345 Cn.
1301 314 1455 346 Plancius
1478 321 1534 346 aut
1558 314 1681 346 amittit
1709 315 1851 346 salutem
1874 320 1954 353 etc„
1989 314 2018 345 si
2039 325 2059 345 a
2079 326 2133 346 me

264 369 413 400 desertus
442 365 725 406 condempnatur,
761 370 818 395 aut
847 365 970 396 retinet
996 366 1139 397 salutem
1175 372 1256 405 etc.‚
1295 366 1323 397 si
1351 378 1369 397 a
1398 378 1454 398 me
1482 366 1635 398 defensus
1664 367 1861 399 absoluitur.
1904 366 2036 398 Eodem
2064 366 2135 398 fere

264 421 363 453 modo
386 419 490 451 uerba
511 418 634 461 agitur
657 416 813 449 studium
836 423 935 450 tuum
963 418 1046 449 dicta
1076 430 1146 449 esse
1170 424 1316 461 oportet.
1360 419 1413 451 Ac
1435 421 1592 453 studium
1615 421 1751 463 quidem
1775 420 1856 462 quid
1879 418 2044 462 significet
2071 419 2136 450 hoc

264 475 355 512 loco,
388 472 447 502 etsi
470 482 569 502 nemo
593 469 776 512 explicuit,
810 476 922 502 tamen
945 483 1013 503 non
1037 478 1085 503 est
1107 471 1305 510 obseurum3
1340 471 1476 503 denotat
1498 473 1732 505 uehementem
1757 473 1945 505 Laterensis
1969 471 2137 515 cupidita-

265 533 332 557 tem
362 523 519 554 uincendi
551 522 587 554 in
611 521 685 553 foro
709 534 804 562 eum,
843 534 862 554 a
885 536 952 566 quo
975 524 1010 555 in
1033 535 1151 566 campo
1183 523 1291 555 uictus
1315 530 1373 555 est.
1418 525 1536 566 Itaque
1564 526 1720 568 agitur
1751 527 1907 558 studium
1934 532 2034 557 taum
2069 531 2136 558 est:

266 578 422 620 expletur
453 575 598 607 studium
628 581 741 615 tuum,
775 576 802 607 si
825 576 941 608 Planci
967 588 1114 607 caussam
1145 576 1297 608 deserens
1327 588 1388 619 ego
1411 583 1522 608 tecum
1545 577 1668 616 efficio,
1704 585 1742 610 ut
1766 579 2047 622 condempnetur,
2081 582 2138 608 aut

265 642 333 662 non
360 629 534 672 expletur,
571 628 599 660 si
626 629 741 660 Planci
764 641 913 661 caussam
941 640 1040 671 agens
1070 628 1198 668 efficio,
1234 635 1270 660 ut
1294 629 1496 662 absoluatur.
1540 630 1648 661 Porro
1678 632 1801 675 agitur
1829 631 2051 665 existumatio
2077 635 2140 662 tua

265 688 342 725 apte
365 682 524 714 dictumst
546 682 610 722 ita,
633 688 671 713 ut
693 681 870 724 significet:
898 682 1023 713 amittis
1049 682 1173 713 bonam
1197 681 1236 712 de
1259 688 1290 714 te
1312 681 1454 723 famam,
1480 682 1508 713 si
1530 682 1715 714 absoluitur
1736 683 1901 723 Plancius,
1924 690 1983 715 aut
2002 682 2140 723 retines,

264 735 294 765 si
317 734 593 778 condempnatur.
637 736 727 766 Nam
757 735 869 766 uereri
899 734 1014 776 utique
1036 735 1230 766 Laterensis
1262 735 1422 776 debebat,
1458 747 1501 767 ne
1523 736 1611 767 male
1640 736 1679 767 de
1708 748 1742 767 se
1763 737 1917 769 homines
1944 736 2139 775 iudicarent,

266 787 293 817 si
315 799 358 818 ne
381 787 417 818 in
441 787 516 819 soro
542 787 676 830 quidem
699 786 831 819 uicisset
851 799 946 827 eum,
984 799 1085 829 quem
1115 788 1151 819 in
1173 799 1291 831 campo
1321 788 1479 830 superare
1512 788 1581 819 iam
1603 788 1788 829 debuisset,
1826 796 1857 821 et
1878 789 2002 820 iterum
2029 789 2140 821 uictus

267 851 310 871 ex
334 839 456 870 iudicio
482 840 692 872 discessisset.
737 840 936 883 Aptissume
961 840 1090 872 additur
1122 841 1219 879 laus,
1259 841 1386 884 quippe
1410 852 1493 883 quae
1517 842 1676 884 consequi
1699 843 1999 874 existmnatzonem
2023 842 2141 873 soleat.

267 891 336 924 Cfr.
362 892 399 923 C.
423 893 559 924 XXIII.
585 894 615 934 ξ.
639 894 690 924 55.
716 893 790 925 alia
814 899 846 925 te
872 894 982 932 ratio,
1004 894 1078 926 alia
1103 895 1270 937 cogitatio
1293 896 1340 927 acl
1361 907 1454 938 spem
1475 894 1579 927 huius
1603 895 1819 938 opprimendi
1842 895 2026 926 excitauit.-
2066 905 2141 925 ma-

264 956 357 988 gnae
381 951 462 976 sunt
485 945 521 976 in
545 951 576 977 te
599 958 697 989 opes,·
721 947 791 978 late
807 952 908 990 patet
928 947 1071 989 gratia3
1097 948 1200 979 multi
1222 947 1345 987 amici,
1376 947 1480 979 multi
1502 947 1620 990 cupidi
1646 948 1715 986 tui,
1738 947 1841 979 multi
1854 946 2019 990 fautores
2042 946 2142 978 Zau-

266 998 336 1029 dis
369 1003 479 1030 tuae.
523 997 617 1029 Ante
645 1003 825 1040 utramque
855 1010 974 1029 uocem
1003 1005 1116 1030 autem
1145 999 1341 1042 praeposuit
1365 999 1484 1031 Cicero
1512 999 1617 1030 uerba
1646 1000 1704 1031 uel
1728 1001 1850 1041 etiam,
1887 1000 1918 1031 si
1940 1000 2014 1038 uis,
2050 997 2143 1041 quod

267 1048 340 1092 ipse
364 1061 474 1091 neque
496 1050 532 1081 in
556 1061 674 1093 campo
699 1051 918 1082 Laterensem
941 1051 1065 1082 iniuria
1087 1064 1106 1083 a
1129 1053 1264 1083 Plancio
1289 1063 1358 1083 esse
1381 1058 1588 1094 superatum,
1612 1063 1723 1095 neque
1745 1052 1781 1084 iu
1799 1052 1921 1083 iudicio
1945 1051 2066 1082 debere
2087 1050 2144 1082 ui-

268 1108 394 1133 ctorem
418 1102 584 1134 discedere
605 1103 758 1135 confiteri
779 1103 901 1145 potuit.
947 1104 1105 1145 Sequitur
1126 1106 1270 1137 uerbum
1301 1106 1512 1144 aedilitatis,
1550 1104 1637 1146 quod
1660 1105 1732 1136 siue
1755 1117 1829 1137 casu
1854 1103 2064 1137 nominatiuo
2088 1114 2144 1134 ec-

267 1153 412 1194 feratur,
448 1155 521 1186 siue
545 1155 716 1198 genitiuo,
757 1156 853 1186 nullo
883 1156 983 1187 modo
1012 1168 1088 1188 cum
1110 1158 1250 1199 reliquis
1279 1158 1391 1190 uerbis
1414 1157 1595 1189 conuenire
1624 1157 1780 1189 uidimus.
1825 1159 1942 1200 Itaque
1966 1168 2026 1199 ego
2046 1157 2084 1188 in
2105 1167 2144 1187 ea

268 1218 343 1238 sum
366 1208 550 1247 sententia,
587 1214 624 1238 ut
653 1208 846 1239 aedilitatis
877 1208 917 1239 ab
938 1208 1122 1252 interprete
1145 1210 1184 1240 ad
1207 1210 1440 1252 explicandam
1463 1222 1581 1241 uocem
1614 1211 1729 1242 laudis
1752 1209 1897 1241 additum
1920 1217 2047 1253 putem.
2091 1210 2143 1241 Eo

269 1260 360 1291 enim
393 1260 517 1291 omisso
549 1260 653 1291 totius
682 1260 748 1291 loci
776 1260 940 1291 sententia
969 1262 1102 1304 egregie
1133 1274 1167 1293 se
1198 1263 1309 1293 habet.
1354 1262 1475 1294 Altera
1497 1269 1608 1294 autem
1631 1262 1794 1304 scriptura
1816 1264 1979 1296 aedilitas
2007 1269 2081 1294 orta
2102 1262 2143 1293 ab

269 1313 310 1344 iis
334 1313 478 1344 librariis
502 1319 567 1352 est,
604 1313 661 1355 qui
686 1313 931 1355 conpendium,
959 1326 1024 1356 quo
1049 1314 1216 1356 genitiuos
1238 1315 1340 1346 scribi
1360 1315 1456 1354 solet,
1479 1327 1549 1346 non
1571 1315 1833 1352 intellexerunt3
1858 1316 1946 1356 quod
1970 1327 2071 1358 quam
2092 1315 2146 1347 fa-

272 1365 336 1396 cile
360 1365 433 1396 fieri
456 1366 626 1407 potuerit,
654 1365 713 1408 qui
737 1365 863 1396 codices
886 1367 1018 1397 saeculo
1041 1368 1132 1399 XIV
1157 1375 1187 1399 et
1209 1369 1282 1401 XV
1307 1368 1447 1411 scriptos
1470 1368 1642 1410 legerunt,
1669 1373 1864 1409 conpertum
1888 1368 2021 1399 habent.

354 1419 536 1450 Distilzeor
560 1419 688 1460 tamen)
735 1419 854 1450 Fraue.
886 1431 938 1462 pr.
966 1420 1161 1459 distrahor,
1206 1421 1293 1463 quod
1315 1432 1378 1464 pro
1402 1420 1495 1451 uaria
1517 1420 1662 1451 lectione
1686 1420 1784 1451 habet
1811 1431 1926 1463 margo
1950 1419 2023 1451 cod.
2046 1419 2146 1451 Barb.

272 1478 305 1503 et
331 1471 439 1502 nihilo
464 1471 609 1502 deterius
634 1478 690 1502 est.
738 1472 966 1513 Coniungitur
996 1473 1098 1504 etiam
1127 1473 1321 1505 distrahere
1348 1484 1423 1504 cum
1454 1473 1620 1505 diuellere
1648 1471 1736 1503 infra
1759 1484 1786 1503 c.
1811 1477 1863 1509 42.
1893 1485 1955 1515 pro
1979 1472 2073 1504 Sulla
2095 1483 2146 1505 20.

272 1531 305 1556 et
327 1526 353 1555 Ι.
378 1524 417 1555 de
441 1524 515 1555 Fin.
548 1524 594 1554 16.
623 1525 884 1556 GARATONIUS.
929 1525 1038 1556 Immo
1072 1537 1114 1556 ne
1139 1526 1205 1557 dici
1239 1526 1373 1568 quidem
1404 1527 1581 1558 distrahor
1611 1531 1643 1557 et
1670 1526 1819 1558 dizaellor
1846 1527 1961 1559 dolore
1985 1526 2146 1568 potuisse,

272 1577 325 1608 illi
355 1577 440 1619 ipsi,
483 1587 564 1617 quos
590 1577 796 1609 Garatonius
825 1577 960 1616 adtulit,
996 1578 1063 1609 loci
1092 1578 1217 1621 aliique
1246 1579 1348 1611 multi
1378 1579 1508 1610 abunde
1536 1578 1715 1611 docebunt.
1759 1579 1916 1619 Accedit,
1955 1579 2048 1622 quod
2069 1579 2148 1611 libri

273 1629 412 1668 Franci,
455 1628 585 1671 saepius
609 1629 823 1673 interpolati,
846 1630 972 1662 nullast
994 1631 1184 1663 auctoritas.

359 1682 401 1714 In
426 1694 549 1714 caussa
573 1682 720 1726 dispari)
769 1684 824 1715 Tu
848 1683 938 1714 enim
961 1684 1101 1726 perdere
1121 1684 1295 1717 Plancium
1314 1685 1377 1725 uis,
1409 1686 1469 1728 ego
1494 1697 1704 1717 conseruare.
1728 1685 1943 1717 MANt’TIFS.
1987 1686 2070 1718 Non
2090 1696 2147 1716 re-

276 1741 346 1773 cte3
384 1746 532 1766 caussam
557 1734 726 1777 disparem
750 1737 846 1773 dicit,
887 1737 920 1768 in
947 1747 1012 1778 qua
1034 1737 1134 1779 longe
1157 1737 1223 1768 alia
1243 1739 1435 1770 Laterensis
1458 1745 1556 1780 atque
1580 1738 1694 1769 Planci
1717 1738 1870 1770 condicio
1893 1738 1951 1778 sit,
1980 1749 2056 1769 cum
2075 1738 2146 1769 La-

278 1787 416 1818 terensis
440 1798 483 1817 ex
505 1787 807 1830 condempnatione
832 1789 947 1821 Planci
970 1789 1059 1820 leuia
1083 1790 1244 1831 quaedam
1267 1791 1446 1824 commoda
1465 1798 1704 1834 consequatur,
1737 1791 1892 1822 Plancius
1917 1797 2029 1822 autem
2051 1790 2147 1821 dam·-

278 1846 399 1883 pnatus
424 1840 583 1879 salutem,
611 1842 775 1883 patriani,
802 1849 834 1874 et
857 1842 1008 1874 fortunas
1032 1843 1169 1874 amittat.

363 1894 520 1925 Salutem
535 1906 603 1937 pro
629 1900 661 1926 te
684 1895 850 1939 abies-ero)
887 1896 941 1927 Sic
964 1896 1082 1938 utique
1105 1896 1297 1939 legendum.
1342 1898 1432 1929 ,Nam
1455 1897 1585 1929 obicere
1606 1898 1753 1930 salutem
1768 1909 1836 1941 pro
1859 1897 1974 1940 aliquo
1996 1906 2067 1927 non
2089 1896 2148 1926 ad-

279 1946 367 1985 dito,
392 1947 445 1977 cui
469 1946 652 1987 obiciatur,
678 1954 716 1979 ut
740 1949 1008 1987 discriminibus,
1032 1949 1203 1983 hostibus.
1235 1949 1526 1989 contentionibus,
1550 1950 1693 1981 latinum
1717 1962 1754 1982 os
1776 1949 1915 1992 respuit.
1940 1949 2147 1979 GRAECIUS.

280 1998 400 2030 Adfert
423 2000 628 2031 Garatonius
652 2002 712 2032 ΙΙΙ.
737 2001 779 2032 ad
803 2001 875 2033 Att.
904 2014 950 2044 19.
977 2002 1165 2045 Nusquam
1178 2001 1331 2045 facilius
1355 2005 1443 2036 lzanc
1465 2004 1706 2035 miserrumam
1729 2004 1839 2035 uitam
1861 2001 1918 2033 uel
1939 2000 2146 2040 sustentabo,

282 2052 355 2089 uel,
391 2053 481 2094 quod
509 2053 652 2085 multost
681 2054 822 2092 melius,
862 2055 1026 2087 abiecero.
1072 2055 1150 2096 Quo
1177 2055 1212 2086 in
1236 2056 1311 2087 loco
1335 2056 1436 2087 simul
1459 2056 1498 2086 ad
1525 2055 1702 2087 discrimen
1728 2055 1832 2087 futuri
1855 2060 1887 2084 et
1909 2053 2017 2084 futuri
2039 2052 2147 2085 exacti

282 2103 578 2145 adtendendumst,
611 2113 650 2138 ut
674 2107 867 2149 intellegas,
897 2119 956 2139 cur
976 2108 1040 2139 hoc
1062 2108 1138 2139 l'oco
1162 2108 1314 2139 abiecero
1339 2115 1369 2139 et
1393 2109 1569 2140 tradidero
1592 2120 1610 2139 a
1634 2109 1795 2140 Cicerone
1817 2106 1861 2137 sit
1884 2105 2021 2136 dictum.

371 2156 399 2197 ξ.
424 2156 474 2187 80.
518 2159 660 2190 Etenim
691 2159 764 2202 etc.)
810 2160 924 2192 Primo
951 2167 1086 2203 aspectu
1112 2161 1194 2191 haec
1221 2161 1329 2192 uideri
1352 2167 1492 2203 possunt
1515 2172 1584 2192 non
1607 2162 1681 2192 satis
1711 2160 1889 2192 cohaerere
1915 2170 1991 2189 cum
2014 2163 2148 2189 antece-

284 2207 456 2247 dentibus,
493 2215 662 2252 tamquam
689 2213 822 2252 Cicero,
865 2213 893 2244 si
921 2213 1096 2245 Laterensi
1127 2213 1256 2253 faueat,
1296 2214 1466 2256 ingratum
1496 2225 1530 2244 se
1559 2214 1643 2245 dicat
1672 2224 1750 2243 esse.
1796 2215 1927 2246 Uerum
1954 2212 2020 2243 hoc
2050 2211 2147 2244 dicit:

283 2260 476 2293 Laterensis
499 2262 587 2293 leuia
610 2264 822 2297 incommoda
845 2277 931 2306 esse,
959 2267 985 2297 si
1009 2267 1182 2306 uincatur‚
1207 2266 1321 2297 Planci
1342 2266 1564 2308 grauissuma‚
1596 2266 1653 2309 qui
1676 2266 1873 2308 dampnatus
1895 2265 2056 2306 salutem,
2085 2276 2148 2308 pa-

283 2314 404 2352 triam,
438 2319 471 2343 et
494 2312 646 2347 fortunas
669 2319 799 2360 perdat.
842 2318 954 2350 Huius
977 2319 1096 2361 igitur,
1127 2331 1146 2350 a
1168 2331 1235 2361 quo
1258 2319 1330 2362 ipse
1354 2325 1504 2351 seruatus
1525 2319 1585 2358 sit,
1616 2331 1685 2351 non
1707 2330 1804 2363 posse
1826 2318 1965 2350 salutem
1988 2330 2007 2350 a
2028 2330 2063 2350 se
2086 2318 2146 2349 de-

287 2365 371 2405 seri,
406 2365 472 2396 nisi
494 2366 521 2397 si
540 2366 644 2399 homo
669 2370 711 2400 sit
733 2371 997 2412 ingratissunnis.
