2264 2746
607 90 632 119 0
651 90 680 118 A
699 92 736 120 P.
777 89 955 119 XXXVII.
975 87 1003 129 ς.
1023 94 1068 122 90.
1087 105 1125 111 -
1143 90 1338 119 XXXVHI.
1359 88 1385 129 §.
1407 95 1452 122 92.
1906 101 1958 128 231

94 170 194 196 tatem
217 170 250 196 et
272 164 480 196 inimicitiam
502 165 724 198 intercessisse
754 164 933 197 concedere
961 164 1110 196 deberet.
1156 164 1321 196 Similiter
1344 176 1413 196 non
1439 163 1611 196 dissentire
1631 176 1666 196 se
1688 165 1728 196 ab
1752 166 1792 198 iis
1814 171 1959 212 amplius

93 217 156 257 ait,
192 217 312 258 quibus
336 217 585 249 amicissunium
610 229 699 249 nunc
722 229 791 250 esse
816 230 850 249 se
874 217 984 249 dicere
1007 217 1157 248 debebat.

177 270 393 308 Dis-sentire,
425 270 640 314 dissentiam)
686 272 764 303 Non
788 270 886 302 ualde
913 270 1017 313 placet
1043 270 1236 302 dissentire.
1278 269 1363 300 Puto
1394 281 1464 301 esse
1493 269 1698 312 glossatoris.
1732 271 1959 307 EnxnsTlt's.

92 323 267 354 Ernestius
290 323 384 354 nulla
404 323 514 365 potuit
535 324 600 355 alia
623 335 660 354 re
682 323 826 363 offendi,
863 323 927 354 uisi
951 322 1040 364 quod
1064 333 1234 366 proxume
1257 323 1441 356 dissentire
1463 329 1493 354 et
1515 323 1717 355 dissentiam
1747 324 1961 368 coniungun-

95 382 160 406 tur.
207 376 245 406 In
270 387 307 406 ea
330 387 412 406 uero
436 388 473 406 re
499 377 624 408 nullast
647 376 799 408 offensio.
845 376 899 407 Sic
922 376 983 406 hac
1006 374 1078 417 ipsa
1109 386 1157 405 or.
1192 375 1230 406 C.
1260 376 1430 408 XXVIII.
1463 378 1492 418 ξ.
1522 378 1572 418 69.
1602 388 1670 419 pro
1692 377 1837 410 Plancio
1850 379 1962 423 fitz-io,

82 427 207 471 facere
223 429 366 472 possim.
393 439 456 470 pro
481 430 576 460 Caec.
602 430 639 461 C.
664 431 689 461 Ι.
715 430 744 471 §.
769 429 798 460 5.
823 441 941 472 quom,
965 429 1009 459 iis
1035 428 1110 459 siue
1132 428 1302 468 ereditur,
1328 430 1482 461 creditur
1505 431 1566 462 lzoe
1589 429 1712 472 ipsum.
1736 429 1778 460 II.
1802 431 1836 462 in
1862 434 1960 465 Uerr.

96 482 147 519 V,
181 481 217 518 6,
246 480 292 511 15.
325 481 442 524 Atque
464 482 548 513 llaec
570 482 680 514 sic-ubi
696 482 802 526 facta
825 487 923 519 sunt,
946 480 1052 524 facta
1075 486 1174 520 sunt,
1203 486 1242 512 ut
1265 486 1345 519 etc.;
1378 481 1417 511 de
1442 481 1539 513 Offic.
1564 482 1612 521 II,
1641 492 1698 523 22,
1723 493 1773 525 79.
1800 485 1860 527 qui
1883 487 1963 518 nul-

92 534 167 564 lum
190 533 330 571 habuit,
361 533 494 565 habeat.

176 586 216 617 Si
239 585 318 616 bene
342 586 383 616 de
408 598 460 616 me
485 588 619 619 meritis
639 594 785 631 gratum
806 599 859 619 me
875 587 1042 630 praebeo,
1081 599 1147 618 non
1171 587 1287 618 desino
1318 587 1495 618 incurrere
1525 587 1561 618 in
1585 588 1712 619 crimen
1739 589 1886 621 bominis
1908 592 1963 622 ni·-

91 638 199 669 mium
228 638 387 669 memoris
419 639 630 684 nimiumque
658 640 771 684 grati)
815 639 1002 671 Lambinus
1035 640 1167 682 putabat
1200 639 1380 680 legendum
1412 651 1479 670 non
1508 640 1608 671 debeo
1635 652 1698 682 pro
1728 654 1795 672 non
1824 643 1962 679 desino,-

90 690 181 732 quod
206 701 284 721 saue
307 691 496 732 speciosum
520 699 580 724 est.
626 694 788 726 Attamen
810 692 983 734 uolgatum
1013 693 1077 724 1100
1099 704 1197 723 sensu
1221 691 1353 722 defendi
1381 698 1509 734 potest:
1547 693 1619 734 Ego
1642 693 1706 724 hoc
1729 693 1802 736 ipso
1826 695 1964 726 liberta-

90 748 159 774 tem
182 754 292 774 meam
318 745 476 783 ostendo,
501 745 591 787 quod
613 757 716 788 pergo
739 757 793 777 me
815 746 901 776 bene
923 746 962 776 de
986 757 1039 776 me
1062 745 1191 777 meritis
1217 750 1350 785 gratum
1373 756 1440 774 una
1461 745 1640 786 praebere,
1670 746 1730 776 etsi
1754 747 1853 777 multi
1876 755 1962 786 sunt,

90 796 149 839 qui
171 796 234 828 1100
256 798 517 840 reprehendunt,
544 798 687 840 ideoque
710 810 779 830 non
802 798 916 829 desino
944 798 978 829 111
999 810 1116 830 eorum
1140 797 1277 828 uoculas
1302 797 1494 834 incurrere3
1521 797 1607 839 quod
1625 804 1672 829 est
1693 798 1841 831 hominis
1865 801 1962 833 liberi

90 849 236 880 aliorum
262 849 382 881 iudicia
404 851 521 893 iniqua
544 851 786 883 contemnentis
813 857 846 882 et
870 851 904 881 iu
928 863 985 882 sua
1009 850 1168 882 sententia
1194 849 1451 891 perseuerantis.
1486 850 1705 881 SCHrTzn's.
1750 852 1829 882 Non
1851 854 1963 895 potuit

91 902 208 933 Cicero
232 903 279 934 sic
301 903 458 942 scribere,
482 910 519 935 ut
541 904 648 935 uoluit
672 904 869 936 Lambinus.
913 904 1027 935 Uerba
1050 916 1116 934 non
1141 903 1257 934 desino
1281 903 1458 933 incurrere
1475 920 1517 924 —
1534 903 1635 945 grati
1657 903 1692 933 111
1715 903 1805 934 1111110
1828 917 1963 937 sensum

90 955 177 986 (ficta
199 962 291 987 sunt:
325 969 514 999 numquam
536 969 602 988 non
626 957 874 1000 reprehendor,
908 956 999 999 quod
1020 956 1167 986 nimium
1187 960 1315 997 gratus
1338 955 1425 992 sim3
1459 954 1548 995 quod
1574 955 1629 985 uel
1653 967 1695 986 ex
1718 957 1831 989 uerbis
1854 970 1964 990 1116111-

89 1007 141 1038 bri
166 1008 331 1051 oppositi,
359 1014 448 1040 certe
471 1022 537 1041 non
561 1011 659 1041 modo
682 1021 748 1041 non
772 1021 848 1040 sum
871 1009 1188 1051 reprehendendus,
1210 1007 1286 1037 satis
1306 1017 1473 1048 superque
1498 1006 1716 1049 intellegitur.
1761 1010 1825 1040 Iste
1850 1022 1964 1042 sensus

88 1066 202 1092 autem
224 1061 321 1092 unice
344 1066 440 1102 aptus
464 1061 543 1092 huic
566 1063 683 1093 locost.
729 1061 903 1093 Ciceronis
928 1061 1018 1091 6111111
1042 1061 1215 1097 sententia,
1240 1060 1279 1090 de
1300 1059 1462 1090 industria
1486 1059 1657 1091 obscurius
1681 1062 1860 1101 enuntiata,
1884 1063 1966 1094 haec

89 1120 119 1144 et
142 1120 187 1145 est
209 1119 241 1144 et
265 1125 335 1145 esse
359 1113 472 1145 debet:
507 1115 626 1152 Errat,
650 1114 708 1156 qui
731 1113 858 1155 aliquid
883 1112 923 1143 de
946 1113 1102 1143 libertate
1128 1124 1203 1143 mea
1226 1112 1439 1142 deminutum
1463 1118 1574 1153 putat,
1604 1112 1757 1155 mihique
1781 1116 1964 1157 opprobrio

88 1165 183 1204 facit,
215 1166 302 1208 quod
325 1178 401 1197 cum
423 1167 481 1206 iis,
514 1167 635 1208 quibus
657 1173 755 1198 antea
775 1165 933 1197 inimicus
957 1164 1098 1204 fuerim,
1131 1165 1167 1196 111
1193 1165 1331 1206 gratiam
1355 1164 1530 1195 redierim:
1567 1176 1645 1195 nam
1668 1166 1695 1196 si
1718 1178 1822 1209 pergo
1846 1169 1964 1200 amici-

88 1219 171 1250 tiam
194 1220 305 1250 colere
328 1231 465 1257 eorum,
497 1219 554 1261 qui
578 1219 661 1250 olim
684 1219 770 1250 bene
794 1218 834 1248 de
857 1230 912 1248 me
934 1218 1045 1248 meriti
1068 1224 1162 1256 sunt,
1196 1218 1305 1259 iisque
1328 1222 1461 1258 gratum
1484 1228 1539 1246 me
1564 1218 1745 1259 praebere,
1776 1222 1964 1263 reprehen-

88 1272 167 1311 dor,
203 1272 292 1313 quod
316 1272 460 1303 nimium
483 1283 615 1303 memor
637 1272 701 1303 sim
722 1271 936 1311 nimiumque
967 1277 1096 1312 gratus3
1133 1270 1185 1300 sin
1208 1276 1318 1300 autem
1345 1269 1416 1300 sine
1439 1269 1510 1300 ullo
1532 1270 1581 1300 rei
1604 1282 1638 1313 p.
1664 1271 1863 1305 detrimento
1886 1286 1963 1306 cum

86 1325 127 1356 iis
150 1337 204 1356 me
228 1325 413 1366 coniungo,
437 1335 455 1354 a
479 1325 600 1366 quibus
623 1331 720 1356 antea
742 1324 907 1355 diiunctus
931 1323 992 1362 sui,
1018 1329 1055 1354 ut
1078 1322 1163 1354 mihi
1186 1323 1338 1364 meisque
1359 1323 1538 1364 aliquando
1561 1324 1745 1364 consulam,
1770 1336 1838 1356 non
1862 1328 1961 1360 modo

86 1389 154 1410 non
177 1389 252 1409 sum
274 1376 594 1420 reprehendendus,
623 1384 671 1409 set
696 1377 778 1409 adeo
801 1376 1000 1414 laudandus,
1033 1375 1122 1417 quod
1144 1387 1239 1407 meae
1262 1375 1379 1414 saluti⁷
1410 1386 1552 1417 quacum
1575 1376 1663 1407 salus
1686 1377 1735 1407 rei
1757 1389 1792 1419 P·
1817 1380 1961 1412 coniun-

88 1438 138 1463 cta
163 1437 226 1469 est,
254 1429 470 1474 prospiciam.

173 1485 203 1526 ἓ.
228 1495 279 1526 92.
323 1485 395 1515 Res
418 1495 499 1515 uero
523 1483 599 1527 ipsa
615 1483 759 1526 publica
780 1484 812 1515 si
834 1484 929 1527 loqui
946 1488 1063 1526 posset
1086 1481 1161 1519 etc.)
1206 1482 1245 1511 ln
1268 1492 1321 1519 ea,
1347 1491 1411 1522 qua
1433 1491 1532 1522 saepe
1554 1480 1621 1512 iam
1644 1487 1733 1521 utor,
1757 1483 1899 1524 epistula
1920 1486 1959 1516 ad

88 1538 276 1569 Lentulum
307 1537 359 1578 [ad
382 1537 463 1567 Diu.
487 1537 518 1574 Ι,
550 1537 594 1578 9.]
628 1547 701 1567 rem
725 1548 759 1579 p.
783 1536 855 1579 ipse
878 1534 1072 1576 adloquitur
1101 1533 1220 1565 eodem
1246 1539 1459 1574 argumente,
1497 1538 1535 1563 ut
1556 1545 1590 1564 se
1613 1534 1651 1564 ad
1675 1534 1874 1577 Pompeium
1898 1538 1960 1568 ad-

90 1590 183 1631 iungi
213 1590 310 1621 sinat.
356 1589 516 1632 Cbnlegi,
551 1589 616 1626 ait,
658 1590 730 1632 ipse
752 1602 822 1627 me,
861 1595 893 1621 et
916 1600 993 1620 eum
1017 1588 1093 1629 ipsa
1117 1586 1217 1629 quasi
1247 1598 1283 1618 re
1302 1599 1337 1629 p.
1361 1585 1558 1617 conlocutus
1581 1599 1678 1625 sum,-
1717 1593 1757 1618 ut
1779 1590 1866 1620 mihi
1888 1596 1959 1622 tam

89 1643 201 1674 multa
228 1654 295 1686 pro
319 1654 353 1673 se
370 1654 533 1685 perpesso
561 1648 665 1686 atque
689 1642 877 1686 perfuncto
903 1641 1117 1678 concederet,
1151 1645 1190 1670 ut
1219 1640 1510 1683 officium'meum
1539 1650 1785 1682 memoremque
1814 1642 1849 1672 in
1881 1642 1960 1676 bene

88 1696 229 1727 meritos
251 1696 423 1734 animum,
448 1693 627 1738 fidemque
640 1694 776 1738 fratris
798 1695 864 1726 mei
882 1699 1115 1738 praestarem,
1144 1704 1305 1735 eumque,
1337 1704 1436 1735 quem
1459 1691 1582 1723 bonum
1605 1693 1714 1723 ciuem
1742 1704 1874 1736 semper
1896 1695 1959 1726 lla·-

89 1748 234 1787 buisset,
268 1747 392 1780 bonum
421 1748 539 1780 uirum
565 1761 634 1780 esse
659 1753 852 1792 pateretur.
896 1745 1045 1780 Uidebat
1076 1744 1177 1787 igitur
1199 1745 1262 1775 sibi
1287 1745 1421 1786 quidem
1444 1744 1646 1783 conducere,
1679 1750 1727 1775 set
1749 1755 1817 1774 non
1841 1745 1891 1776 rei
1914 1757 1960 1788 μ,

87 1806 127 1832 111
151 1801 190 1832 ad
218 1800 478 1832 triumuirorum
508 1801 715 1833 uoluntatem
743 1811 815 1832 sese
846 1799 1060 1842 adgregaret3
1092 1809 1175 1840 quos
1204 1803 1315 1827 tamen
1344 1798 1412 1829 suis
1443 1797 1563 1840 opibus
1589 1807 1744 1827 coercere
1768 1808 1836 1828 non
1859 1805 1960 1841 pote-

86 1859 146 1886 rat.
193 1854 453 1886 GARATONIUS.

182 1907 284 1939 Ut—
301 1913 341 1939 ut
363 1908 435 1940 iam
459 1907 546 1939 mihi
567 1906 747 1949 seruirem)
790 1906 830 1937 In
852 1905 921 1937 mei
943 1904 1012 1937 cod.
1036 1904 1186 1946 margine
1208 1902 1352 1945 scriptor
1374 1902 1446 1945 ipse
1469 1902 1648 1941 adnotauit‚
1672 1901 1827 1934 abundat
1851 1917 1958 1936 unum

90 1965 149 1999 ut3
194 1966 244 1991 set
282 1960 376 1992 illam
412 1960 625 1992 iterationem
657 1958 906 1991 consuetudinis
947 1969 1017 1989 esse
1047 1957 1225 1988 Tullianae
1260 1956 1417 1988 obseruat
1445 1961 1535 1986 recte
1563 1954 1749 1986 Manutius.
1795 1956 1884 1988 Uide
1915 1957 1955 1988 ad

89 2023 117 2044 c.
137 2013 187 2044 24.
213 2012 250 2043 in
271 2012 355 2045 Pis..
401 2014 661 2045 GARATONIUS.

173 2065 231 2098 Ne
257 2078 384 2109 parum
414 2067 500 2098 milti
523 2078 591 2110 pro
620 2078 657 2098 eo
665 2090 675 2104 ,
714 2064 806 2109 qnod
832 2069 905 2096 tum
929 2076 952 2096 a
973 2076 1025 2096 me
1046 2063 1202 2102 haberet,
1235 2061 1456 2103 reddidisset)
1501 2060 1556 2092 Sic
1577 2070 1694 2091 omnes
1718 2059 1790 2091 sere
1814 2060 1954 2093 editores

90 2118 309 2162 scripserunt,
345 2131 548 2162 quamquam
570 2125 644 2151 tum
665 2116 863 2162 particulam
885 2116 925 2147 ab
948 2117 1011 2149 hoc
1034 2116 1106 2148 loco
1128 2115 1378 2147 alienissumam
1404 2125 1475 2145 esse
1497 2113 1663 2144 uiderunt.
1709 2113 1824 2154 Itaque
1845 2114 1957 2146 Erne-

91 2172 174 2204 stius
205 2172 296 2215 qztocl
326 2172 415 2212 iam,
452 2172 653 2204 Garatonius
683 2171 774 2215 quod
794 2170 928 2202 iamdiu
951 2169 1186 2211 corrigendum
1208 2173 1381 2210 putarunt.
1427 2167 1558 2199 Uerum
1586 2165 1674 2196 uidit
1697 2165 1864 2205 Orethus,
1897 2167 1954 2209 qui

92 2231 229 2267 optume
251 2224 421 2257 intellexit
441 2225 476 2257 in
498 2226 524 2257 B
545 2232 578 2257 et
599 2226 628 2257 E
651 2225 819 2267 scriptura
841 2235 944 2267 quam
967 2229 1041 2254 tum
1062 2222 1163 2253 latere
1188 2226 1376 2264 quamtum.
1421 2219 1671 2262 Saepenumero
1694 2218 1784 2249 enim
1806 2218 1842 2249 in
1865 2219 1955 2250 anti-

93 2276 273 2319 quissumis
302 2277 398 2308 codd.
426 2290 489 2321 pro
520 2284 669 2323 quantus
704 2276 870 2320 reperitur
901 2282 1061 2320 quamtus
1090 2274 1264 2317 seriptum.
1310 2273 1396 2305 Uide
1430 2272 1624 2304 Schneideri
1654 2272 1715 2304 Gr.
1744 2271 1819 2302 Lat.
1853 2271 1894 2302 T.
1926 2272 1951 2302 I.

92 2341 127 2374 p.
150 2330 242 2362 511..
286 2329 365 2361 Illut
388 2337 555 2374 quantum
584 2338 694 2362 autem
725 2330 823 2361 unice
845 2329 1127 2361 accommodatum
1153 2327 1219 2359 loci
1237 2326 1467 2365 seiuentiaest,
1499 2336 1560 2357 nec
1586 2324 1772 2356 inauditum
1794 2322 1951 2364 loquendi

93 2394 197 2426 genus
222 2389 271 2415 est
289 2395 356 2426 pro
379 2395 433 2424 eo,
466 2390 642 2427 quantum.
688 2381 756 2414 Csr.
781 2382 850 2414 Cic.
874 2381 913 2412 de
930 2382 1005 2413 Fin.
1028 2381 1066 2412 Β.
1094 2387 1124 2411 et
1147 2381 1195 2413 M.
1219 2381 1289 2419 lv,
1319 2390 1375 2418 21,
1404 2379 1455 2411 58.
1478 2390 1582 2422 eaque
1599 2389 1665 2422 pro
1687 2389 1743 2414 eo,
1784 2382 1950 2418 quantum
