2264 2746
741 102 765 130 C
786 102 813 130 A
834 103 873 132 P.
913 102 996 131 XIII
1014 118 1052 124 -
1072 102 1163 132 XIV.
1197 101 1225 143 ἕ.
1252 109 1297 137 33.
1902 117 1951 142 111

66 178 294 220 xissetque
332 177 618 211 ioculariter:
670 178 806 210 Grani
838 178 942 220 quid
981 178 1127 210 tristis
1159 180 1226 210 es?
1271 178 1338 211 An
1371 180 1486 222 quod
1516 180 1736 212 auc-tiones
1768 184 1953 216 reiectae

64 231 184 262 sunt?
229 230 391 261 Scimus
422 231 535 263 enim
559 231 848 274 praeconibus
884 231 1114 263 auctiones
1138 230 1310 263 fructui
1339 244 1444 273 esse,
1481 233 1593 275 quod
1615 246 1690 277 per
1717 247 1783 267 eos
1808 238 1953 268 omnia

64 282 394 321 distrahantur3
432 282 514 314 illo
545 289 684 315 autem
716 283 896 315 iustitio
920 297 995 316 nec
1022 285 1142 327 ipsae
1165 290 1378 326 poterant
1401 286 1616 318 exerceri.
1662 288 1775 319 Huic
1798 289 1834 320 P.
1859 291 1953 321 Sci-

63 334 182 377 pioni
207 347 225 366 e
248 334 470 366 contrario
497 347 579 367 non
603 336 696 367 sine
720 349 863 369 morsu
887 336 1099 369 stomachi
1126 336 1406 379 respondisse
1431 338 1644 371 Granium
1668 340 1790 373 dicit:
1822 343 1950 374 Immo

64 387 158 418 ideo
182 388 327 420 tristis
350 400 459 427 sum,
487 388 597 430 quod
621 389 862 431 legationes
886 390 1079 421 reiectae
1105 390 1205 421 siut.
1251 389 1403 421 Uoluit
1421 397 1564 422 autem
1587 392 1801 434 pudorem
1824 395 1952 426 Nasi—

64 451 133 471 cae
158 440 352 472 consulis
378 441 677 484 perstringere
701 443 778 474 hoc
802 443 1071 474 amarissimo
1096 442 1224 473 dicto.
1269 443 1377 473 Nam
1410 442 1658 483 legationes
1682 446 1729 476 ab
1753 448 1951 479 externis

63 493 245 535 populis
275 494 429 526 missae
460 494 507 525 ad
537 502 737 527 senatum
760 496 961 527 solebant
993 494 1190 526 ordinari
1217 506 1296 537 pro
1320 493 1552 526 uoluntate
1576 498 1818 537 consulum;
1850 511 1950 542 quas

65 546 321 588 plerumque
343 547 502 589 gratia,
541 559 863 591 nonnumquam
886 554 926 579 et
948 554 1119 590 accepta
1144 547 1337 589 pecunia
1370 548 1567 580 consules
1594 551 1873 591 ordinabant,
1907 558 1951 584 ut

63 598 285 630 introduci
307 599 356 630 ad
379 606 569 631 senatum
594 608 777 643 possent.
803 603 965 633 SelloLIA
989 601 1250 632 Annnosmm.
1296 600 1374 631 Post
1398 600 1488 639 haec,
1515 612 1598 641 quae
1622 603 1808 635 uerissume
1831 605 1871 636 ab
1894 606 1950 637 in-

64 657 210 694 terprete
230 652 459 683 Ambrosiano
482 653 611 684 monita
634 660 726 693 sunt,
753 666 820 684 nou
846 664 929 695 opus
953 658 1020 690 est,
1052 658 1091 682 ut
1114 651 1279 683 Garatoni
1302 652 1448 684 refutem
1471 654 1687 692 sententiam,
1722 657 1779 698 qui
1801 657 1837 688 in
1860 659 1948 691 notis

61 703 112 734 ed.
136 705 243 747 Neap.
275 711 454 747 antequam
485 705 573 736 edita
604 713 700 737 erant
731 706 858 737 scholia
885 706 960 743 illa,
998 705 1039 735 de
1062 704 1284 746 legationibus
1306 716 1325 735 a
1348 712 1466 737 senatu
1489 705 1530 737 ad
1556 706 1751 747 Iugurtham
1776 711 1884 743 missis
1908 713 1948 743 ab

61 768 168 799 eoque
190 758 376 801 repudiatis
400 769 592 789 sermonem
616 758 670 789 hic
693 759 826 801 putauit
850 770 929 798 esse,
953 770 1113 789 monens:
1138 758 1365 799 „Legationes
1390 758 1444 788 hic
1464 758 1627 789 uidentur
1649 760 1829 802 significari
1851 764 1946 805 duae,

60 821 140 852 quas
175 811 215 841 ad
248 812 447 853 Iugurtham
477 817 610 842 senatus
641 811 796 850 miserat,
830 818 863 842 et
890 810 1068 841 audiuerat
1099 810 1237 852 quidem
1269 810 1345 845 ille,
1379 815 1428 840 set
1451 810 1611 843 reiecerat
1642 819 1674 844 et
1697 814 1946 855 repudiauerat.

60 864 143 894 Inde
166 864 294 895 bellum
318 864 462 901 exarsit,
502 864 595 895 cuius
627 864 769 906 parandi
792 875 904 895 caussa
935 863 1102 894 iustitium
1127 863 1280 894 consules
1305 861 1488 893 edixerunt
1510 863 1545 893 P.
1574 865 1695 896 Nasica
1718 873 1750 898 et
1772 869 1813 898 L.
1836 870 1947 901 Bestia

59 928 147 948 anno
170 917 378 949 DCXLIII..
424 917 513 950 Uide
529 917 726 948 Sallustium
750 917 821 959 Iug.
845 917 946 955 XXI,
968 916 999 946 4.
1023 916 1144 954 XXV,
1167 915 1198 945 4.
1222 916 1376 953 XXVII,
1400 915 1430 946 4.
1457 922 1489 947 et
1502 916 1694 949 Diodorum
1717 919 1782 950 Sic.
1804 920 1839 951 111
1861 922 1945 954 Exc.

59 970 201 1001 Peiresc.
231 981 264 1012 p.
294 970 385 1001 581..
430 969 572 1011 Legatio
601 969 719 1000 saltem
747 970 852 1000 altera
882 968 982 999 missa
1013 968 1165 1007 uidetur,
1200 979 1277 998 cum
1301 968 1421 999 Nasica
1444 967 1480 998 in
1504 970 1680 1001 consulatu
1703 973 1849 1013 petendo
1873 986 1946 1006 ma-

58 1034 162 1055 xume
191 1027 369 1065 occupatus
404 1028 508 1061 esset,
546 1027 579 1052 et
604 1021 639 1052 in
663 1033 700 1053 ea
723 1034 822 1053 nemo
850 1022 914 1053 nisi
937 1021 1122 1053 consularis
1145 1019 1273 1052 suisset.
1322 1020 1454 1062 Quodsi
1483 1021 1639 1053 Nasicam
1664 1023 1697 1054 in
1725 1036 1802 1056 eum
1825 1038 1946 1058 nume-

57 1089 134 1108 rum
156 1076 274 1107 liceret
294 1074 487 1114 includere,
522 1074 630 1106 Grani
654 1086 856 1118 responsum
879 1074 978 1106 fieret
1000 1075 1096 1106 nobis
1120 1073 1288 1115 apertius3
1318 1085 1523 1115 quamquam
1550 1074 1707 1107 laudatur
1729 1077 1787 1108 ille
1818 1090 1835 1109 a
1858 1080 1945 1111 Dio-

57 1131 141 1162 doro
173 1126 365 1170 magnifice,
406 1133 454 1165 et,
494 1127 584 1169 quod
615 1128 680 1158 huc
712 1128 810 1159 ualde
832 1128 995 1170 pertinet,
1027 1124 1276 1168 cidinoozldijog
1301 1126 1424 1157 dicitur
1447 1125 1584 1160 ἅπαντα
1608 1127 1668 1161 τόν
1689 1130 1769 1172 βίον
1792 1143 1825 1174 p.
1850 1133 1921 1164 585.
1936 1157 1943 1164 .

56 1184 267 1225 Conpertum
290 1187 339 1212 est
362 1180 470 1219 enim,
496 1187 620 1222 quanta
641 1181 676 1212 in
699 1181 829 1211 inuidia
851 1186 984 1211 senatus
1008 1186 1082 1211 tum
1099 1179 1221 1218 fuerit,
1246 1178 1424 1219 omnisque
1450 1179 1618 1219 nobilitas,
1647 1183 1738 1223 quod
1762 1185 1944 1226 Iugurthae

56 1235 184 1267 diuitiis
214 1246 287 1265 rem
310 1245 343 1276 p.
367 1233 514 1276 prodere
543 1239 733 1276 putaretur.
777 1233 871 1264 Haec
900 1238 1013 1263 tamen
1036 1243 1088 1263 res
1117 1233 1225 1264 Grani
1250 1232 1378 1263 dictum
1405 1231 1518 1273 aliqua
1541 1233 1615 1263 luce
1638 1234 1832 1276 perfundit,
1867 1250 1944 1270 cum

57 1289 93 1320 in
115 1288 189 1331 ipso
212 1286 335 1319 Nasica
360 1286 447 1317 nihil
466 1286 571 1328 magis
596 1286 736 1317 haberet
766 1285 857 1327 quod
880 1284 1165 1328 reprehenderet,
1205 1297 1303 1327 quam
1328 1285 1362 1315 111
1387 1285 1548 1316 Scaeuola
1571 1285 1755 1327 publicani.
1803 1291 1943 1323 Consuli

54 1341 197 1373 sortasse
222 1339 367 1371 obicitur
389 1338 501 1381 inperi
525 1338 687 1370 dedecus:
715 1350 791 1369 cum
814 1344 906 1369 tanta
929 1338 1112 1379 Iugurthae
1134 1337 1259 1368 ferocia
1281 1337 1443 1380 pecuniae
1468 1337 1597 1377 fiducia,
1623 1345 1656 1370 et
1679 1351 1810 1381 eorum,
1835 1344 1943 1384 quise

56 1394 108 1425 illi
130 1392 372 1431 uendiderant,
395 1391 586 1434 inpunitate
608 1392 767 1423 aleretur.
813 1392 972 1423 Ceterum
995 1391 1049 1422 1116
1072 1390 1203 1428 Nasica,
1231 1396 1268 1421 ut
1290 1391 1335 1422 ait
1360 1391 1477 1422 Cicero
1501 1391 1536 1422 in
1560 1392 1666 1422 Bruto
1691 1404 1718 1423 c.
1742 1393 1805 1433 54„
1833 1397 1942 1428 omnis

58 1447 130 1479 sale
143 1446 357 1490 facetiisque
379 1445 599 1488 superabatf‘
642 1444 736 1476 Idem
760 1450 872 1474 tamen
896 1444 1101 1475 Garatonius
1122 1443 1157 1473 in
1182 1443 1280 1474 Curis
1295 1443 1456 1474 Secundis
1483 1444 1748 1486 probabiliorem
1770 1445 1942 1480 intellexit

55 1500 252 1532 scholiastae
281 1497 543 1540 explicationem
569 1509 654 1536 esse,
678 1497 807 1529 dicens:
832 1498 962 1535 „Nunc
984 1497 1083 1528 huius
1107 1497 1255 1528 hominis
1279 1497 1513 1539 interpretatio
1538 1497 1855 1531 commendationem
1877 1501 1941 1532 ha·-

57 1554 114 1585 bet
136 1550 355 1594 antiquitatis.
399 1550 521 1582 Liuius
544 1551 705 1589 XXXII,
737 1550 766 1582 ὅ.
797 1550 915 1583 Attali
937 1550 1060 1582 deinde
1083 1551 1176 1593 regis
1204 1551 1336 1594 legatos
1359 1551 1395 1581 in
1418 1556 1576 1581 senatum
1603 1551 1756 1582 consules
1779 1553 1939 1585 introdu-

58 1611 195 1639 xerunt.
235 1603 447 1645 Ambiguum
476 1610 525 1635 est
555 1605 718 1635 reiectae:
757 1614 817 1645 ego
846 1603 960 1644 itaque
989 1602 1172 1645 legationes
1201 1603 1240 1633 ab
1272 1602 1434 1644 Iugurtha
1464 1602 1655 1644 repudiatas
1688 1603 1938 1645 intellegebam,

54 1659 212 1691 mandata
234 1656 377 1696 scilicet,
413 1668 497 1698 quae
520 1656 621 1698 legati
642 1656 791 1687 Romani
815 1655 1024 1693 detulerant3
1059 1655 1113 1686 hic
1138 1655 1172 1686 in
1194 1655 1279 1686 aliut
1304 1661 1434 1697 tempus
1459 1661 1614 1686 externas
1638 1656 1785 1695 Romae,
1818 1669 1938 1699 quem-

55 1711 240 1743 admodum
265 1709 451 1749 auctiones,
480 1709 587 1740 iustiti
610 1720 723 1740 caussa
746 1708 880 1739 delatas.
925 1709 1042 1750 Atque
1064 1708 1111 1739 ita
1133 1707 1304 1751 profecto,
1335 1708 1393 1738 ubi
1416 1708 1477 1739 hac
1500 1708 1541 1739 de
1563 1721 1601 1739 re
1623 1709 1744 1751 agitur.
1791 1711 1937 1744 Gabinia

56 1766 114 1796 lex
137 1769 224 1802 erat,
260 1774 325 1804 qua
347 1762 498 1794 consules
521 1769 593 1794 toto
615 1774 730 1793 mense
752 1762 938 1794 Februario
963 1763 1041 1805 cogi
1064 1762 1223 1792 dicuntur
1245 1762 1287 1792 II.
1311 1761 1352 1792 ad
1379 1762 1421 1803 Q.
1447 1760 1541 1792 fratr.
1570 1773 1636 1799 12.‚
1670 1762 1794 1794 exteris
1817 1763 1934 1802 legatis

57 1817 179 1850 cotidie
202 1822 354 1848 senatum
380 1815 469 1847 dare.
514 1816 615 1857 Quod
639 1815 742 1857 igitur
766 1816 791 1846 Ι.
815 1815 924 1857 Epist.
949 1815 979 1845 4.
1003 1814 1163 1856 legimus,
1198 1820 1355 1847 senatum
1380 1815 1498 1847 haberi
1523 1828 1590 1846 non
1612 1827 1712 1858 posse
1733 1828 1846 1848 mense
1865 1817 1934 1850 Fe-

55 1872 195 1904 bruario
219 1876 312 1908 tote,
343 1870 414 1900 nisi
433 1868 598 1912 perfectis
620 1874 683 1900 aut
706 1868 841 1900 reiectis
864 1867 1115 1911 legationibus,
1145 1867 1191 1898 ita
1212 1867 1478 1909 intellegendum
1504 1873 1568 1903 est,
1602 1873 1637 1898 ut,
1659 1874 1791 1900 senatus
1816 1869 1933 1901 decer-

54 1936 136 1956 nere
160 1923 225 1954 alia
249 1923 290 1953 dc
312 1933 350 1952 re
373 1922 459 1952 nihil
482 1927 610 1963 posset,
634 1921 698 1952 nisi
721 1927 901 1963 postquam
922 1921 1129 1963 legationum
1155 1925 1212 1950 aut
1234 1920 1431 1951 absoluisset
1454 1920 1626 1961 negotium
1649 1926 1705 1950 aut
1728 1926 1839 1952 totum
1862 1922 1932 1954 dis-

54 1977 196 2009 tulisset.
242 1976 333 2007 Hinc
355 1975 381 2006 I.
405 1974 446 2005 ad
472 1973 576 2006 Attio.
604 1974 668 2011 1³²1„
693 1986 777 2016 quae
800 1974 914 2006 Idibus
936 1973 1129 2005 Februariis
1154 1972 1230 2002 data
1252 1979 1301 2003 est
1325 1972 1483 2014 epistula,
1508 1977 1646 2003 senatus
1670 1978 1702 2003 et
1725 1974 1765 2005 cle
1781 1977 1931 2017 prouin-

57 2031 119 2062 ciis
137 2036 341 2073 praetorum
364 2034 397 2060 et
419 2028 460 2059 cle
480 2026 711 2069 legationibus
734 2033 766 2059 et
789 2028 830 2060 de
852 2028 973 2060 ceteris
996 2026 1094 2059 rebus
1118 2026 1328 2064 decernebat,
1352 2031 1390 2057 ut
1412 2031 1502 2062 ante,
1526 2037 1629 2068 qnam
1651 2028 1788 2068 rogatio
1814 2028 1930 2068 (quam

54 2082 228 2115 ferendam
257 2080 472 2122 decreuerat)
506 2081 580 2112 lata
608 2087 712 2119 esset,
749 2093 791 2113 ne
820 2081 905 2125 quid
936 2086 1111 2123 ageretur.
1156 2078 1343 2109 Differebat
1373 2078 1475 2119 igitur
1498 2078 1691 2119 legationes.
1736 2080 1821 2110 Item
1849 2081 1928 2112 Kal.

54 2135 154 2168 Febr.
179 2133 315 2165 alterius
338 2133 417 2164 anni
440 2133 521 2165 ibid.
548 2145 600 2176 ep.
626 2133 692 2165 18.:
737 2146 798 2165 nos
821 2134 977 2177 cogimur
1000 2133 1143 2175 reliquis
1167 2132 1208 2163 de
1228 2132 1326 2163 rebus
1349 2131 1439 2162 nihil
1457 2131 1654 2169 decernere,
1674 2148 1717 2154 —-
1746 2145 1853 2175 quare
1878 2140 1928 2166 et-

55 2190 126 2221 iam
152 2187 340 2231 legationes
362 2189 525 2220 reiectum
547 2188 594 2219 iri
614 2189 739 2230 PILZO.“
783 2187 874 2218 Nolo
897 2186 1043 2217 aliorum
1065 2184 1242 2216 hominum
1267 2185 1443 2215 doctorum
1468 2184 1708 2226 explicationes
1732 2196 1928 2218 conmemo-

53 2252 130 2273 rare
160 2246 193 2271 et
220 2238 385 2280 refutare,
419 2252 499 2282 quas
530 2240 641 2282 quiuis
672 2239 768 2271 falsas
800 2250 870 2270 esse
899 2240 1072 2281 intelleget
1098 2250 1180 2269 uera
1210 2238 1276 2268 loci
1305 2237 1469 2269 sententia
1493 2237 1657 2280 exposita.
1700 2237 1754 2269 Ac
1776 2238 1926 2280 primum

56 2293 193 2336 quidem
216 2292 469 2332 monendumst‚
501 2304 614 2324 errare
639 2292 860 2324 Garatonium
874 2316 883 2331 ,
908 2292 966 2334 qui
989 2292 1179 2335 legationes
1203 2293 1329 2323 νείκει-6
1351 2297 1382 2322 et
1406 2290 1460 2321 1116
1484 2297 1516 2322 61
1537 2291 1617 2322 alibi
1640 2302 1773 2333 semper
1795 2291 1926 2333 signiti-

55 2358 130 2378 care
162 2345 304 2390 differre
333 2346 521 2388 legationes
549 2352 657 2389 putat.
702 2347 823 2387 Neque
848 2346 991 2376 uerbum
1014 2345 1125 2386 ipsum
1151 2345 1333 2383 reiciendi,
1366 2355 1475 2385 neque
1499 2344 1664 2375 sententia
1685 2346 1852 2380 Iocorum,
1888 2343 1924 2374 iu

56 2398 176 2441 quibus
199 2398 342 2429 elocutio
366 2399 428 2430 ista
450 2406 610 2442 usurpata
631 2399 811 2441 reperitur,
839 2397 933 2429 illam
956 2397 1217 2440 explicationem
1242 2396 1401 2428 admittit.
1449 2396 1538 2428 Uide
1560 2396 1662 2427 modo
1676 2396 1701 2427 Ι.
1725 2394 1766 2425 ad
1781 2395 1861 2426 Diu·
1878 2393 1921 2431 4„
