2264 2746
518 96 618 125 PRO
646 95 720 125 CN.
747 96 990 125 PLANCIO.
1012 97 1114 126 CAP.
1136 97 1244 126 XVII.
1265 98 1390 128 XVIII.
1408 99 1503 129 XIX.
1914 108 1948 133 25

69 171 134 203 coli
156 177 271 202 nostra
292 170 426 203 modica
448 171 651 204 liberalitate
673 171 840 211 noluerit3
876 183 986 215 neque
1019 173 1084 205 hoc
1114 173 1228 205 liberis
1260 175 1383 207 nostris
1406 173 1728 214 interdicendumst',
1766 186 1809 206 ne
1831 176 1948 207 obser-

69 229 151 255 uent
173 223 307 256 tribulis
330 236 426 264 suos,
453 236 495 256 ne
518 224 676 267 diligant,
700 236 743 256 ne
765 225 928 257 conficere
952 226 1146 258 necessariis
1170 227 1238 259 suis
1260 240 1353 260 suam
1377 228 1505 260 tribum
1528 228 1673 270 possint,
1693 239 1737 259 ne
1758 240 1821 271 par
1843 229 1882 259 ab
1906 229 1947 261 iis

67 287 190 308 munus
222 276 258 308 in
289 289 348 308 sua
372 277 537 320 petitione
561 284 763 321 respectent.
808 279 902 310 Haec
932 279 1023 311 enim
1054 280 1155 323 plena
1185 286 1263 311 sunt
1293 281 1399 321 offici,
1438 282 1539 324 plena
1561 281 1808 322 obseruantiae,
1844 282 1945 324 plena

67 329 169 361 etiam
191 330 410 372 antiquitatis.
455 332 523 362 Isto
546 330 582 362 in
605 342 728 373 genere
751 337 784 362 et
805 330 932 364 fuimus
954 332 1036 375 ipsi,
1070 345 1145 364 cum
1169 332 1362 365 ambitionis
1385 340 1520 365 nostrae
1542 341 1696 377 tempora
1717 335 1944 378 postulabant,

66 388 99 413 et
125 383 336 415 clarissumos
359 383 452 416 uiros
483 395 553 414 esse
580 383 730 415 uidimus
762 389 794 415 et
817 383 918 415 hodie
945 397 1014 417 esse
1038 386 1193 417 uidemus
1228 386 1507 429 quamplurumos
1532 387 1734 429 [gratiosos].
1778 387 1944 420 Decuria-

64 435 113 466 tio
140 435 333 475 tribulium,
372 436 559 479 descriptio
576 436 714 478 populi,
752 436 909 479 suffragia
940 439 1120 481 largitione
1149 438 1305 470 deuincta
1326 439 1541 471 seueritatem
1563 446 1696 471 senatus
1720 447 1752 472 et
1774 441 1943 473 bonorum

65 488 218 519 omnium
241 489 312 520 uim
334 500 371 520 ac
394 489 545 521 dolorem
571 489 773 520 excitarunt.
817 490 912 521 Haec
934 491 1033 532 doce,
1056 493 1138 524 haec
1159 491 1294 535 profer,
1324 492 1391 523 huc
1413 491 1586 531 incumbe,
1610 493 1818 535 Laterensis,
1840 494 1943 525 decu-

64 540 166 572 riasse
188 541 378 582 Plancium,
403 542 653 585 conscripsisse,
682 549 890 585 sequestrem
912 542 1032 584 fuisse,
1063 544 1319 588 pronuntiasse,
1349 544 1520 576 diuisisse:
1552 551 1624 576 tum
1646 546 1814 587 mirabor,
1844 554 1878 579 te
1902 548 1942 579 iis

63 593 165 625 armis
187 594 248 634 uti,
273 607 357 637 quae
380 596 441 627 tibi
465 597 523 627 lex
546 595 655 635 dabat,
681 595 840 627 noluisse.
886 594 1085 627 Tribulibus
1109 597 1200 628 enim
1222 597 1390 629 iudicibus
1409 609 1477 628 non
1497 597 1599 627 modo
1623 598 1837 632 seueritatem
1860 601 1942 632 illo-

63 658 158 686 rum,
193 646 222 678 si
244 646 308 679 ista
330 660 410 680 uera
433 655 529 688 sunt,
558 655 608 681 set
626 661 670 680 ne
691 648 804 679 uoltus
829 646 966 689 quidem
988 647 1080 679 ferre
1101 661 1287 692 possemus.
1332 651 1431 681 Hanc
1453 656 1490 681 tu
1513 649 1680 681 rationem
1703 663 1779 684 cum
1800 652 1938 695 fugeris,
1948 658 1984 686 46

63 711 206 742 cumque
233 712 289 732 eos
313 700 440 733 iudices
461 702 584 733 habere
607 701 768 740 nolueris,
794 712 939 742 quorum
964 700 999 732 in
1019 701 1119 733 huius
1143 702 1265 733 delicto
1289 713 1367 734 cum
1388 702 1527 734 scientia
1550 703 1754 745 certissuma,
1778 712 1852 737 tum
1876 705 1939 736 do-

61 753 115 784 lor
135 753 364 796 grauissuinus
387 766 458 786 esse
481 753 651 786 debuerit:
688 753 768 796 quid
799 758 881 796 aput
908 753 970 784 hos
994 753 1099 794 dices,
1138 755 1195 797 qui
1218 755 1275 787 abs
1301 762 1335 787 te
1358 755 1450 787 taciti
1472 756 1668 798 requirunt,
1707 768 1765 789 cur
1788 759 1852 789 hoc
1873 758 1938 790 sibi

61 807 173 838 oneris
195 805 404 850 inposueris,
438 819 497 839 cur
518 819 554 840 se
575 807 801 851 potissumum
831 804 1014 848 delegeris,
1045 818 1105 838 cur
1128 807 1274 852 denique
1297 820 1332 841 se
1358 809 1512 840 diuinare
1534 809 1705 850 malueris,
1747 822 1846 852 quam
1869 823 1936 851 eos,

62 859 121 902 qui
143 859 284 900 scirent,
312 859 485 892 iudicare?

146 929 247 961 XIX.
290 929 363 971 Ego
392 928 584 967 Plancium,
621 925 832 965 Laterensis,
869 930 903 957 et
930 924 1043 968 ipsum
1072 928 1257 970 gratiosum
1281 941 1352 962 esse
1375 930 1450 962 dico
1474 937 1508 962 et
1528 931 1684 963 habuisse
1710 931 1746 963 in
1774 930 1938 974 petitione

61 982 186 1014 multos
211 981 350 1024 cupidos
376 981 428 1012 sui
458 980 633 1023 gratiosos.
680 979 775 1021 Quos
800 984 838 1009 tu
855 976 884 1010 si
905 978 1030 1011 sodalis
1059 991 1178 1021 uocas,
1210 982 1394 1016 officiosam
1415 984 1599 1016 amicitiam
1622 984 1761 1016 nomine
1783 983 1938 1026 inquinas

130 1169 262 1210 modica)
282 1171 328 1200 La
348 1181 416 1200 cum
437 1170 475 1209 gl.
496 1170 644 1202 admodo,
665 1169 711 1198 Le
733 1170 879 1205 admodo,
899 1170 952 1198 Ma
971 1171 1155 1208 admodum,
1175 1173 1226 1201 Mc
1247 1173 1356 1202 amodo
1376 1174 1506 1211 modica,
1527 1174 1594 1210 Mb,
1614 1175 1657 1212 H,
1677 1185 1704 1210 ς,
1725 1178 1757 1203 et
1776 1183 1810 1212 χι
1833 1183 1854 1201 a
1873 1182 1938 1200 mo-

59 1221 111 1256 do,
131 1219 160 1247 D
182 1219 350 1247 moderata.
369 1235 406 1240 —
443 1217 643 1255 liberalitate)
663 1217 719 1253 La,
739 1218 790 1253 Pa,
810 1218 851 1253 D,
873 1218 911 1254 T,
932 1229 959 1254 ς,
982 1226 1013 1248 et
1032 1221 1070 1258 χὸ
1090 1220 1243 1248 libertate.
1262 1235 1300 1242 —
1337 1220 1487 1260 noluerit)
1514 1223 1570 1258 La,
1598 1222 1638 1259 D,
1663 1223 1696 1258 C,
1723 1228 1754 1251 et
1773 1223 1811 1261 23
1831 1223 1938 1250 uolue-

55 1270 108 1298 rit.
129 1282 166 1289 —-
204 1265 276 1304 hoc)
304 1266 328 1294 C
348 1277 408 1294 0111.
427 1281 466 1286 —-
504 1266 565 1301 cst)
592 1272 619 1302 ψ
648 1275 717 1293 esse.
736 1281 774 1286 —
812 1265 864 1303 ne)
893 1275 928 1304 χι
952 1277 1023 1303 nec,
1051 1272 1154 1296 utrum
1181 1272 1251 1295 ante
1271 1267 1350 1304 olm„
1377 1279 1416 1298 an
1436 1275 1506 1298 aute
1534 1272 1603 1305 dil„
1624 1280 1688 1298 non
1709 1269 1869 1298 adnotauit
1889 1268 1938 1297 ed.

56 1316 132 1344 Ox..
151 1328 190 1337 -—·
226 1313 391 1352 conficere)
419 1313 469 1341 Sic
489 1313 524 1348 B,
544 1312 581 1347 E,
602 1312 657 1347 Pb,
679 1318 709 1339 ct
730 1312 789 1340 duo
810 1313 1023 1351 Lallcmandi3
1045 1315 1141 1343 ceteri
1163 1316 1298 1351 reficere.
1317 1331 1355 1338 —-
1392 1318 1573 1346 necessariis
1593 1317 1667 1356 suis)
1687 1318 1729 1346 Pa
1748 1319 1814 1346 suis
1833 1326 1938 1345 neees-

54 1365 157 1392 sariis.
175 1377 214 1383 ·—-
251 1361 331 1397 suis)
358 1361 383 1388 F
409 1361 488 1397 (sic)
515 1371 574 1388 om.
593 1375 632 1382 -
670 1359 802 1398 possint)
830 1361 877 1389 La
904 1372 971 1391 cum
1000 1363 1039 1401 gl.
1055 1369 1195 1401 possunt.
1213 1378 1252 1386 —·
1289 1364 1414 1404 munus)
1436 1366 1460 1395 C
1481 1367 1602 1401 ηιίηιιε,
1622 1366 1660 1403 χδ
1680 1367 1807 1394 mirans.
1827 1379 1865 1385 —-
1903 1363 1937 1391 in

56 1412 126 1448 sua)
146 1411 190 1439 Pb
211 1415 241 1438 et
261 1410 302 1436 Pe
322 1419 388 1436 sua.
407 1423 445 1429 ·—-
482 1406 671 1446 respectent)
695 1408 721 1435 T
743 1410 938 1445 respicerent.
957 1426 996 1432 —-

127 1458 228 1494 enim)
248 1466 282 1495 χΙ
305 1466 384 1484 cum.
403 1469 442 1476 —
480 1454 586 1493 officii)
607 1465 626 1493 χ
647 1454 715 1493 (sic)
735 1456 852 1493 ffllciis.
871 1472 909 1479 —-

128 1505 204 1545 Isto)
224 1505 255 1533 II
276 1505 352 1532 Hoc.
371 1516 410 1523 -·
448 1507 479 1530 et
497 1500 625 1541 fuimus)
645 1503 697 1530 Mc
718 1505 812 1531 etiam
823 1503 967 1541 fuimus,
994 1504 1042 1533 La
1061 1510 1091 1533 et
1109 1515 1230 1541 sumus,
1255 1506 1438 1545 Hsnimm.
1456 1521 1496 1528 --
1533 1507 1669 1546 nostrae)
1691 1508 1741 1536 Sic
1761 1508 1796 1543 B,
1817 1507 1853 1542 E,
1874 1507 1934 1543 Lb,

57 1555 86 1589 S,
107 1553 146 1588 T,
166 1558 197 1581 ct
216 1563 250 1587 ς;
277 1551 373 1580 ceteri
393 1558 508 1579 nostra.
529 1566 566 1572 —
603 1549 756 1587 uidimus)
785 1551 837 1579 Ma
857 1553 1007 1581 uidemus.
1026 1568 1064 1574 —
1102 1552 1214 1590 hodie)
1240 1556 1292 1583 Ma
1316 1565 1375 1582 om.
1395 1569 1433 1577 —-
1471 1554 1628 1592 uidemus)
1655 1556 1692 1591 E,
1712 1557 1772 1592 Ma,
1792 1556 1857 1591 Mb,
1878 1555 1933 1590 La,

54 1601 115 1637 Lb,
134 1601 190 1635 Le,
210 1600 264 1633 Pb,
285 1599 336 1633 Pe,
357 1599 398 1634 D,
419 1598 457 1633 O,
479 1598 512 1633 C,
533 1598 574 1632 H,
595 1607 621 1632 ς,
643 1602 673 1625 et
692 1607 727 1635 χι
751 1600 914 1635 nolumus;
934 1601 976 1629 Pa
996 1602 1171 1635 unluinzus;
1199 1603 1237 1640 χ3
1258 1603 1408 1631 nolumus.
1428 1618 1467 1623 ·—

127 1645 323 1684 Decuriatio)
342 1645 371 1672 D
393 1656 460 1673 cum
481 1645 519 1683 gl.
540 1645 576 1673 de
596 1646 687 1673 caria
708 1647 742 1673 in
763 1649 884 1675 cariam
903 1650 956 1676 ire.
976 1663 1014 1669 —
1052 1648 1229 1687 tribulium)
1258 1651 1292 1685 B,
1323 1651 1360 1686 E,
1387 1651 1448 1685 Ma,
1474 1651 1539 1685 Mb,
1566 1653 1628 1686 Mc,
1648 1652 1703 1687 La,
1723 1651 1782 1686 Lb,
1802 1651 1859 1687 Lc,
1878 1650 1932 1685 Pa,

54 1701 86 1725 et
104 1696 147 1724 Pc
168 1694 336 1725 tribulam:
366 1698 412 1721 set
431 1693 463 1720 ill
485 1694 531 1720 La
551 1703 667 1731 supers-
691 1692 844 1728 tribuam,·
879 1695 912 1723 H
933 1696 1079 1725 tribuum.
1099 1711 1137 1717 -—
1174 1697 1251 1736 uim)
1274 1698 1323 1726 Lb
1345 1709 1403 1726 om.
1423 1714 1461 1720 —-
1499 1700 1583 1727 Haec
1603 1714 1641 1720 —
1660 1698 1747 1736 haec)
1776 1699 1799 1727 C
1820 1699 1876 1726 Ιιοι·
1894 1712 1932 1719 ·—

54 1743 120 1772 hoc.
139 1756 177 1764 --
216 1740 287 1779 huc)
306 1751 341 1779 χ]
366 1746 396 1769 ct
415 1742 433 1769 3
451 1741 542 1768 lame.
561 1755 598 1762 ·—-
635 1740 862 1780 pronuntiasse)
882 1753 908 1780 ψ
924 1745 1108 1781 prouincias
1128 1754 1168 1773 se.
1187 1760 1225 1766 —-
1264 1745 1420 1785 diuisisse)
1441 1746 1465 1774 C
1486 1747 1649 1782 discidisse,
1670 1755 1695 1785 ψ
1716 1748 1875 1776 dimisisse.
1894 1760 1931 1767 —

53 1796 85 1820 te
101 1789 153 1828 iis)
174 1790 200 1817 E
221 1789 309 1822 telas,
342 1789 391 1816 Lb
413 1793 443 1816 ct
463 1789 504 1816 Pa
524 1794 569 1823 te,
595 1788 628 1816 H
656 1794 685 1816 ct
711 1790 761 1817 iis.
779 1804 818 1809 —-
857 1791 918 1826 uti,
947 1789 1035 1829 quae)
1061 1791 1087 1818 E
1109 1797 1140 1820 et
1168 1793 1197 1820 D
1227 1796 1350 1832 ulique,
1386 1799 1431 1822 set
1459 1794 1491 1822 in
1522 1795 1552 1822 D
1580 1799 1760 1822 correctum.
1780 1808 1817 1815 —
1854 1792 1931 1829 tibi)

52 1839 91 1877 23
111 1849 169 1867 om.
189 1852 226 1859 —
262 1836 415 1872 noluisse)
436 1837 465 1863 D
487 1840 517 1863 et
538 1835 566 1863 O
587 1836 726 1872 uoluisse,
754 1846 789 1874 χι
814 1838 965 1867 diuisisse.
984 1853 1023 1860 —
1061 1838 1156 1877 enim)
1177 1841 1215 1878 χ5
1235 1852 1314 1871 cum.
1334 1857 1371 1863 —
1411 1840 1580 1880 iudicibus)
1600 1842 1652 1869 Mc
1673 1841 1794 1870 entibus
1814 1842 1931 1870 iudici-

54 1886 118 1916 ὐιιε.
138 1901 176 1906 -
214 1884 266 1913 scd
286 1886 342 1921 nc)
362 1886 400 1922 χῖ)
420 1895 497 1912 seue.
517 1898 556 1904 —
593 1882 712 1921 uultus)
739 1884 786 1912 La
807 1890 838 1914 et
856 1893 882 1924 ψ
902 1887 1004 1915 uultu.
1022 1901 1061 1907 —-—

126 1931 154 1972 §.
173 1932 219 1960 46.
239 1937 273 1960 tu
292 1933 461 1968 rationem)
482 1932 508 1959 E
528 1933 732 1967 iurationem,
754 1932 778 1960 C
799 1935 998 1961 curationem.
1018 1948 1056 1954 -
1094 1934 1227 1972 fugeris)
1248 1936 1289 1964 Pa
1300 1937 1443 1975 filgeres.
1463 1952 1501 1959 —-
1540 1937 1609 1972 eos)
1635 1936 1672 1972 E,
1698 1937 1760 1973 Ma,
1780 1937 1847 1971 Mb,
1867 1938 1929 1973 Mc,

54 1980 109 2015 La,
128 1980 188 2016 Lb,
207 1980 264 2015 Lc,
285 1980 337 2014 Pa,
357 1981 409 2016 Pe,
429 1980 470 2012 D,
491 1979 529 2014 O,
551 1979 585 2011 C,
606 1978 648 2013 H,
669 1978 699 2013 S,
721 1978 757 2009 T,
778 1989 825 2017 χι,
847 1986 878 2008 et
897 1981 914 2009 3
934 1981 997 2017 hos,
1017 1991 1034 2013 ς
1054 1982 1118 2010 lzoc.
1138 1998 1177 2003 —-
1215 1983 1350 2021 iudices)
1370 1996 1388 2016 ς
1408 1986 1566 2013 iudicium.
1582 1998 1620 2005 --
1657 1985 1813 2022 nolueris)
1831 1986 1873 2020 D,
1894 1986 1929 2021 C,

55 2038 83 2063 ς,
103 2036 151 2065 χι,
172 2031 202 2054 et
220 2027 238 2055 3
258 2029 402 2058 uolneris.
421 2042 458 2048 —
498 2037 565 2054 cuin
586 2025 731 2061 scicntia)
750 2026 777 2054 E
799 2032 829 2055 et
847 2028 899 2057 Mc
920 2034 986 2056 tum
1005 2031 1156 2065 scientia;
1176 2031 1238 2064 Ma,
1258 2032 1323 2066 Mb,
1344 2032 1400 2067 Lc,
1420 2032 1461 2067 D,
1481 2033 1522 2068 H,
1550 2037 1580 2060 et
1599 2043 1617 2064 ς·
1643 2036 1848 2070 conscientia,
1882 2038 1930 2062 set

53 2074 88 2102 in
107 2074 136 2102 D
157 2084 250 2112 super
269 2087 326 2103 con
345 2076 494 2114 scriptum
514 2081 581 2102 tum
600 2078 634 2101 ut
653 2073 866 2112 inserendum3
892 2075 947 2111 La,
969 2076 1003 2111 C,
1024 2081 1055 2104 ct
1074 2082 1100 2112 ψ
1121 2084 1187 2105 tam
1205 2082 1370 2115 sentenlia,
1391 2085 1436 2107 set
1455 2080 1488 2108 in
1507 2081 1553 2109 La
1573 2091 1664 2119 super
1683 2088 1758 2112 sent.
1778 2082 1928 2121 scriptum

55 2123 262 2156 conscientia;
290 2124 329 2161 753
349 2130 384 2151 tm
404 2124 567 2151 sententia.
586 2136 624 2142 —
662 2122 745 2156 tum)
778 2123 839 2156 Ma,
863 2123 929 2159 Mb,
957 2123 1013 2159 La,
1040 2124 1096 2160 Lc,
1123 2126 1164 2161 Π,
1184 2136 1210 2161 ς,
1242 2131 1272 2154 ct
1291 2137 1325 2164 χι
1350 2133 1468 2164 lamen,
1496 2134 1526 2156 ct
1546 2129 1588 2156 sic
1609 2129 1641 2157 in
1660 2129 1709 2164 D,
1736 2134 1782 2158 set
1801 2129 1926 2168 punctis

55 2169 250 2198 subnotatum
271 2175 301 2198 et
321 2180 436 2208 superS.
457 2176 531 2198 tum.
551 2185 589 2191 —
628 2169 728 2205 dices)
749 2179 784 2207 χι
807 2171 906 2199 daces.
926 2185 964 2190 —
1001 2171 1107 2208 taciti)
1127 2173 1174 2200 La
1194 2178 1223 2200 et
1246 2181 1270 2210 ψ
1289 2176 1391 2202 tac-ite.
1410 2190 1448 2196 -
1474 2175 1550 2212 hoc)
1570 2178 1608 2215 χὸ
1628 2177 1691 2205 hec.
1711 2192 1748 2198 —
1775 2177 1833 2205 hoc
1854 2176 1927 2216 sibi)

55 2218 83 2246 E
104 2222 135 2245 et
153 2217 199 2245 Lc
219 2218 278 2245 sibi
297 2217 371 2251 lzoc;
391 2217 428 2245 de
442 2218 467 2245 B
484 2223 612 2246 tacetur.
626 2231 664 2237 -
705 2217 776 2252 cur)
796 2218 833 2254 753
854 2229 933 2253 cum,
960 2223 1063 2247 utrum
1085 2225 1155 2248 ante
1175 2232 1214 2256 se,
1235 2231 1273 2248 an
1294 2226 1363 2249 aute
1384 2223 1528 2260 (lenique,
1549 2234 1612 2252 non
1633 2225 1701 2253 adn.
1722 2225 1769 2253 ed.
1791 2225 1868 2253 Ox..
1887 2240 1925 2246 -

55 2264 187 2302 denique
208 2264 252 2303 se)
272 2266 323 2292 Mc
343 2275 373 2292 se
392 2266 522 2303 denique
541 2276 626 2293 se.—
664 2274 696 2292 se
717 2264 874 2302 diuinare)
895 2266 922 2294 T
944 2266 1099 2303 diuinare,
1120 2267 1150 2295 in
1171 2269 1204 2296 H
1223 2279 1254 2296 se
1273 2270 1395 2307 punctis
1416 2271 1621 2308 subnotatum,
1641 2273 1680 2310 23
1699 2283 1730 2302 se
1751 2273 1864 2302 diuina
1882 2284 1922 2302 re.

56 2329 94 2336 -
112 2312 262 2350 indicare)
283 2313 325 2341 Pb
347 2317 378 2340 et
394 2313 435 2340 Pc
457 2313 644 2342 iudicarent.
662 2327 702 2333 —

132 2365 166 2394 C.
186 2365 279 2393 XIX.
299 2365 480 2402 gratiosum)
500 2365 554 2394 Mb
572 2367 805 2403 gratissimum,
833 2371 880 2395 set
907 2376 985 2395 corr.
1007 2377 1023 2394 a
1043 2377 1081 2395 m.
1102 2377 1178 2396 sec..
1198 2382 1236 2390 —-
1275 2369 1401 2408 cupidos
1427 2369 1487 2409 sui)
1512 2371 1537 2399 F
1557 2371 1625 2412 (sic)
1652 2375 1703 2401 sui
1729 2373 1864 2410 cupidos.
1883 2385 1922 2393 -·

56 2419 92 2443 tu
110 2413 154 2449 si)
174 2414 216 2441 Pa
235 2415 263 2440 si
282 2418 324 2440 ιιι.
343 2426 380 2434 —·

1483 2471 1517 2498 16
