2264 2746
809 129 847 157 L.
874 129 931 158 111.
977 129 1012 159 c.
1039 129 1079 158 v.
1118 127 1144 168 ς.
1169 137 1193 157 ι.
1860 125 1938 155 xc1

73 206 287 245 congessimus.
329 205 405 234 Tria
431 205 468 233 de
490 204 651 234 Ciceronis
678 203 781 233 reditu
817 209 938 234 senatus
966 205 1105 234 consulta
1127 205 1267 240 suerunt3
1302 207 1460 232 enumerat
1487 202 1557 241 ipse
1582 211 1639 240 pro
1668 200 1752 229 Sext.
1771 200 1816 228 54.
1837 205 1865 228 et
1886 200 1941 228 61..

73 255 211 284 Primum
231 255 290 283 hoc
311 254 387 289 fuit,
416 263 486 282 cum
512 255 545 281 in
572 254 698 291 templo,
727 252 844 290 inquit,
872 255 1009 282 lionoris
1033 254 1169 281 Uirtutis
1188 252 1282 280 honos
1308 252 1434 280 habitus
1453 256 1529 280 esset
1549 252 1681 282 uirtuti,
1709 250 1823 286 Cuique
1842 248 1944 279 Mari,

73 304 299 331 conservatoris
333 302 425 329 liuius
461 302 580 337 inperi,
612 307 844 328 monumentum
871 303 1023 339 municipi
1051 303 1115 329 eins
1146 306 1173 328 et
1201 302 1248 328 rei
1268 310 1302 336 p.
1332 298 1612 337 clefi1tzsori‘sedem
1638 297 1682 325 cul
1699 296 1830 325 salutem
1845 305 1942 332 prae-

72 351 195 379 buisset.
235 351 321 387 Quae
341 348 401 376 sibi
422 347 554 385 gloriosa
585 353 689 377 secuta
716 353 804 383 sunt,
838 353 942 376 narrat
968 358 992 376 c.
1013 348 1074 376 55:
1101 349 1218 376 recenti
1238 349 1347 375 nuntio
1368 347 1404 374 cle
1424 347 1477 374 illo
1498 347 1578 380 SC0,
1606 345 1826 383 quoclfactum
1847 349 1891 370 est
1909 343 1943 369 in

71 400 183 436 templo
209 399 359 429 Uirtutis,
390 396 434 423 acl
451 396 538 423 Italos
560 406 762 434 scaenamque
779 398 908 433 perlato.
946 396 1032 424 Haut
1059 395 1141 430 scio,
1171 405 1207 422 an
1228 395 1273 422 ibi
1294 395 1431 421 Honoris
1454 393 1622 428 exciderit,
1643 397 1677 420 ut
1694 391 1853 431 superiore
1872 390 1942 417 loco

71 446 176 474 multis
197 446 228 473 in
249 445 346 473 libris.
385 445 494 472 Honos
515 443 649 481 quidem,
671 444 723 481 qui
744 444 892 472 uirtutem
913 443 1061 481 sequitur,
1082 443 1134 481 qui
1155 453 1217 470 non
1238 452 1310 480 prae
1331 441 1448 468 uirtute
1466 446 1511 468 set
1527 445 1596 479 post
1610 440 1760 468 uirtutem
1781 444 1826 467 est
1846 447 1943 475 expe-

71 493 191 528 tendus,
210 492 346 531 priorem
362 491 446 520 tituli
462 491 563 520 locum
580 502 641 520 non
656 497 785 525 teneret,
804 491 925 529 opinor,
945 491 1006 518 nisi
1023 490 1212 518 constructio
1230 489 1351 517 iuberet
1367 489 1569 525 grammatica.
1597 488 1698 516 L'erus
1713 488 1815 525 itaque
1832 484 1942 513 titulus

69 541 174 576 fuerit,
186 539 369 568 HONORI.
381 539 613 575 UIRTL'TIS„
630 540 681 578 qui
699 540 816 568 uirtute
832 538 952 576 paritur
966 549 1091 576 canique
1108 538 1280 565 comitatur.
1303 535 1419 563 Similis
1436 535 1518 563 tituli
1536 536 1613 563 ratio
1625 535 1655 563 in
1672 535 1789 574 templo
1797 533 1944 562 Herculi-s·

69 590 253 620 Musarum,
275 597 364 625 quem
385 587 576 625 [llusageten
596 588 762 626 appellant,
782 588 941 616 Musarum
961 585 1088 614 chorum
1109 584 1268 623 Apollinis
1288 583 1357 611 loco
1379 582 1560 619 ducenten13
1581 593 1670 620 quem
1691 588 1800 617 tamen,
1821 581 1846 609 si
1866 579 1943 607 lice-

70 643 132 674 ret,
170 633 355 675 φιλόμουσον
384 637 516 665 mallem.
575 638 611 665 In
639 638 820 667 Bellorianis
859 637 943 665 urbis
975 635 1107 672 uestigiis
1138 635 1245 662 tabula
1281 633 1414 661 secunda
1455 637 1514 670 est7
1552 634 1686 662 AEDIS.
1725 629 1945 662 HERCULIS.

68 687 307 724 MUSARL‘M„
326 698 426 726 neque
446 693 547 715 tamen
567 688 657 716 aliter
676 688 806 717 inscribi
827 686 943 721 debuit,
964 694 1052 722 quam
1072 683 1280 713 HERCULI.
1301 683 1539 718 MUSARUM„
1561 684 1617 711 etsi
1634 684 1730 711 Musis
1750 683 1824 711 haut
1843 680 1945 709 minus

69 740 150 764 esset
169 735 257 764 aedes
278 740 452 764 consecrata
475 745 563 773 quam
584 736 725 764 Herculi.
759 736 816 764 Ait
836 734 917 762 enim
938 733 1048 761 Cicero
1069 743 1125 771 pro
1146 731 1263 760 Archia
1285 741 1309 759 c.
1333 741 1386 767 11„
1406 732 1448 760 M.
1470 730 1617 759 Fuluium
1638 730 1726 758 illum
1746 729 1942 758 Nobiliorem

68 784 191 812 Martis
218 783 382 812 manubias
411 785 516 811 Effusis
543 794 754 817 ccunseerasse;
787 793 914 822 quarum
941 785 1054 809 statuas
1083 779 1252 808 Ambracia
1279 779 1412 807 sublatas
1440 789 1509 807 cum
1538 779 1569 806 in
1598 789 1634 807 eo
1658 779 1773 817 templo
1800 776 1947 805 Fuluium

70 831 225 859 dedicasse
245 830 359 859 scribat
374 831 542 860 Eumenius
563 842 620 870 pro
638 831 740 859 Schol.
761 841 825 868 cap.
847 839 882 866 7.‚
904 840 1007 858 earum
1029 839 1132 856 caussa
1152 828 1301 866 templum
1329 827 1402 855 illut
1428 827 1606 855 extruxisse
1625 827 1716 856 facile
1736 824 1946 862 intellegitur3

68 879 238 908 Herculem
258 889 332 907 uero
354 879 497 907 comitem
518 879 686 917 (lucemque
714 877 908 912 adiunxisse,
941 886 980 904 ne
1001 875 1099 904 Musis
1126 876 1256 904 amicior
1288 885 1377 913 quam
1405 874 1551 903 bellatori
1579 874 1743 909 conuenit,
1777 872 1946 905 uideretur,

70 937 140 955 cum
159 926 357 965 praesertim,
394 926 447 964 qui
475 927 506 955 id
526 928 641 965 probro
668 927 697 955 ei
726 926 851 961 darent,
884 935 947 953 non
969 925 1125 960 deessent3
1158 932 1254 960 eaque
1281 922 1519 959 coniunctione,
1551 923 1633 961 quod
1654 933 1722 951 eum
1742 930 1805 949 non
1824 917 1947 952 fefellit,

69 975 198 1005 duarum
217 974 276 1001 sibi
297 978 370 1011 aput
388 978 528 1012 posteros
548 979 778 1002 monumentum
798 973 934 1001 laudium
955 972 1107 1001 statuisse.
1145 970 1253 1008 Aeque
1275 969 1370 1007 igitur
1385 970 1473 998 aedes
1493 971 1548 999 illa
1562 973 1731 999 ,Musarum
1751 967 1813 996 dici
1833 965 1946 1005 potuit,

69 1032 165 1060 aeque
185 1021 259 1050 haec
279 1020 417 1049 Mariana
441 1023 583 1050 Uirtuti&
622 1022 715 1058 Quod
735 1026 837 1050 autem
857 1021 969 1059 passim
990 1021 1125 1048 Honoris
1146 1025 1174 1047 et
1199 1019 1339 1046 Uirtutis
1359 1018 1549 1056 appellatur,
1570 1028 1605 1046 ea
1623 1028 1657 1046 re
1677 1015 1860 1055 significatio
1880 1012 1947 1052 pri-

71 1072 168 1101 maria
191 1081 253 1099 non
275 1070 411 1105 tollitur3
435 1075 478 1099 cst
501 1072 580 1100 enim
603 1072 709 1101 eadem
731 1069 764 1101 ἓν
786 1069 837 1101 oco?
859 1071 942 1101 δυοῖν
957 1069 985 1108 ³).
1029 1070 1076 1098 Ita
1098 1069 1129 1097 in
1153 1068 1318 1097 honorario
1344 1073 1519 1106 temporum
1542 1073 1740 1106 optumorum
1762 1065 1850 1094 titulo
1874 1067 1945 1101 aput

68 1121 259 1160 Aegyptium
280 1120 317 1148 ad
338 1120 368 1148 S.
390 1120 423 1149 C.
444 1121 481 1149 de
500 1122 651 1151 Baechan.
679 1123 717 1151 T.
737 1122 810 1151 VII.
838 1121 914 1150 Liui
935 1121 1033 1149 Drak.
1053 1131 1083 1159 p.
1103 1129 1185 1157 207.:
1210 1118 1478 1148 MESSALLAE.
1516 1118 1725 1147 HONORIS.
1757 1116 1824 1145 ET.
1852 1113 1947 1141 UIR-

70 1169 210 1197 TUTIS.
232 1167 398 1201 CAUSA.‚
429 1168 460 1197 h.
481 1180 506 1198 e.
534 1169 663 1199 honoris
683 1170 748 1199 eius
769 1169 882 1199 uirtuti
901 1169 1035 1198 habendi
1056 1179 1167 1197 caussa.
1206 1167 1248 1194 Et
1275 1167 1308 1194 in
1329 1167 1600 1205 praestantissuma
1618 1163 1843 1203 inscriptione,
1871 1171 1947 1199 quae

67 1216 167 1246 adhuc
187 1216 304 1244 Romae
323 1216 378 1244 sub
401 1216 557 1255 Capitolio
579 1219 789 1256 conspicitur,
810 1224 887 1256 aput
909 1218 1079 1245 Gruterum
1100 1213 1282 1244 CCCCLV.
1305 1223 1345 1242 1.:
1372 1215 1406 1243 C.
1427 1214 1641 1243 POBLICIO.
1661 1214 1699 1242 L.
1720 1213 1755 1241 F.
1775 1210 1946 1241 BIBULo.

67 1265 167 1293 AED.
183 1263 246 1292 PL.
266 1264 474 1292 HONORIS.
495 1264 808 1302 UIRTUTISQUE.
829 1265 1003 1295 CAUSSA.
1032 1262 1240 1292 SENATUS.
1263 1261 1510 1291 CONSULTO.
1530 1261 1793 1298 POPULIQUE.
1814 1257 1947 1288 IUSSU.

67 1310 221 1341 LOCUS.
241 1311 525 1341 MONUMENTI.
556 1313 659 1349 QUO.
688 1314 788 1342 IPSE.
818 1311 1137 1348 POSTEREIQUE.
1158 1309 1267 1338 EIUS.
1294 1309 1625 1338 INFERRENTUR.
1647 1308 1842 1337 PUBLICE.
1870 1305 1947 1334 DA-

70 1359 163 1388 TUS.
183 1359 284 1388 EST..
322 1360 446 1387 Deinde
467 1362 657 1389 consuetudo
677 1361 889 1399 loquentium,
910 1370 986 1398 quae
1006 1360 1184 1398 plurumum
1204 1357 1303 1392 ualet,
1324 1357 1420 1385 multa
1440 1367 1529 1396 saepe
1550 1357 1765 1393 transformat3
1792 1360 1947 1395 postremo

71 1412 190 1436 constat
209 1417 247 1435 ex
267 1407 362 1435 Liuio
383 1408 534 1443 XXVII,
554 1410 609 1444 25„
630 1410 705 1438 duos
727 1410 821 1438 fuisse
841 1410 913 1437 illos
933 1418 1043 1437 reuera
1062 1407 1183 1435 habitos
1205 1406 1286 1434 deos.
1325 1404 1461 1433 Uidebat
1481 1405 1696 1443 sentiebatque
1716 1415 1785 1433 cum
1806 1402 1947 1432 omnibus

70 1455 187 1484 Lucius
208 1454 329 1491 quidam
350 1455 464 1493 Ulpius
485 1460 559 1493 aput
580 1456 670 1485 Grut.
692 1458 725 1486 C.
746 1458 790 1493 4.,
820 1463 866 1486 set
886 1457 1037 1494 originem
1058 1456 1143 1484 illam
1170 1454 1314 1492 ignorans
1343 1452 1425 1490 [cum
1452 1453 1595 1481 omnibus
1623 1454 1748 1481 omnino
1769 1449 1947 1488 Roma11is],

72 1514 127 1532 suo
156 1502 272 1531 iudicio
293 1502 451 1531 nominum
479 1503 619 1532 ordinem
646 1504 794 1542 inuertit,
820 1511 856 1534 ut
881 1510 1002 1533 rectum
1028 1504 1163 1532 faceret:
1190 1499 1389 1530 UIRTUTI.
1415 1500 1484 1529 ET.
1512 1500 1696 1529 HONORI.
1721 1501 1759 1529 L.
1780 1497 1946 1527 ULPlUs.

72 1549 347 1580 MARCELLUS.
374 1550 472 1578 LEG.
499 1550 601 1579 AUG.
631 1553 695 1581 PR.
723 1554 787 1582 PR.
816 1551 1009 1582 PANNON.
1036 1551 1119 1579 INF.
1147 1549 1187 1577 U.
1215 1549 1254 1577 S..
1293 1548 1440 1587 Idemque
1469 1549 1545 1577 ordo
1573 1547 1739 1577 Plutarcho
1766 1546 1884 1586 placuit
1909 1545 1947 1573 de

72 1599 159 1627 Fort.
179 1597 268 1625 Rom.
289 1597 327 1625 T.
347 1597 420 1625 VII.
441 1598 544 1626 Reisk.
565 1610 594 1638 p.
616 1600 679 1628 264.
700 1600 733 1628 in
753 1601 836 1629 aedis
856 1600 1076 1629 Marcellianac
1097 1597 1190 1627 titulo
1212 1596 1487 1633 conmemorando,
1515 1607 1604 1635 quam
1625 1596 1735 1624 deinde
1756 1607 1785 1634 p.
1805 1605 1870 1629 277.
1889 1604 1946 1632 pro

73 1656 108 1675 re
128 1644 264 1680 scilieet,
285 1654 372 1682 quam
392 1645 514 1681 agebat,
534 1646 625 1674 unius
646 1647 784 1676 Uirtutis
804 1648 931 1677 nomine
951 1648 1097 1687 appellat.
1130 1646 1183 1673 Set
1203 1644 1236 1672 in
1256 1644 1383 1682 antiquo
1404 1644 1531 1673 denario
1552 1650 1625 1684 aput
1645 1645 1769 1674 Morell.
1790 1644 1822 1671 in
1843 1642 1947 1670 tabula

71 1692 248 1726 FUfiOI'Uffl,
266 1696 296 1719 et
315 1691 444 1719 Eekhel.
466 1692 504 1720 T.
525 1694 565 1721 V.
585 1694 625 1722 D.
647 1695 686 1723 N.
707 1706 736 1734 p.
757 1706 820 1725 220.
840 1696 904 1725 256.
925 1700 1084 1723 extumum
1105 1699 1152 1721 est
1171 1693 1340 1721 laureatum
1360 1692 1500 1721 Honoris
1521 1699 1620 1731 eaput,
1641 1693 1791 1730 galeatum
1810 1690 1946 1719 Uirtutis

72 1740 214 1773 interius,
234 1744 269 1767 ut
288 1738 375 1776 prior
395 1738 558 1777 inscriptio
579 1741 619 1769 sit
638 1742 721 1778 110,
742 1744 874 1772 secunda
899 1744 1027 1772 UIRT„
1048 1742 1091 1770 Et
1111 1740 1143 1768 in
1165 1740 1334 1776 Gallfianis,
1355 1751 1431 1779 quos
1451 1740 1622 1769 Eekhelius
1642 1739 1764 1775 adiecit,
1785 1737 1945 1767 HONOS.

73 1788 141 1816 ET.
161 1786 346 1815 UIRTUS..
385 1786 494 1824 Typus
514 1787 569 1814 illo
597 1789 633 1816 ab
653 1790 882 1829 Hauereampio
904 1790 964 1819 Th.
985 1789 1109 1818 Morell.
1135 1798 1168 1826 p.
1190 1788 1251 1817 185.
1283 1787 1321 1816 ad
1340 1788 1458 1817 exitum
1478 1789 1555 1817 belli
1582 1788 1703 1817 socialis
1724 1786 1848 1816 uidetur
1867 1783 1945 1814 mihi

74 1835 194 1874 egregie
213 1834 338 1863 relatus.
375 1834 485 1876 Honos
506 1835 588 1864 enim
607 1835 731 1866 habitus
752 1843 798 1867 est
817 1843 900 1868 certe
920 1837 1048 1874 uirtuti,
1069 1835 1196 1865 ciuitate
1216 1835 1310 1864 sociis
1331 1841 1363 1865 et
1380 1836 1504 1865 Latinis
1525 1836 1601 1865 data.

76 1986 108 2012 de
127 1984 249 2016 Cimbris,
268 1984 488 2018 Teutonibusque
508 1985 661 2017 conlocarit,
681 1986 714 2011 de
733 1987 826 2020 quilius
843 1987 976 2013 Nardinus
994 1987 1040 2012 IV.
1059 1987 1137 2012 Rom.
1157 1987 1220 2014 Uet.
1238 1996 1264 2013 2.
1282 1987 1370 2013 addita
1388 1986 1572 2019 inscriptione3
1598 1993 1653 2010 non
1670 1993 1701 2010 ea
1720 1985 1831 2010 sortasse
1851 1987 1944 2014 tamen,

76 2039 153 2064 quam
171 2039 203 2055 ex
221 2029 363 2054 Mazochio
383 2029 512 2054 Gruterus
531 2030 611 2055 habet
631 2031 812 2056 CDXXXVI.
829 2032 871 2064 3.,
899 2040 974 2065 quam
992 2032 1019 2056 in
1038 2033 1080 2057 uia
1099 2032 1226 2057 Flaminia
1245 2037 1374 2064 repertam
1398 2030 1477 2054 tradit
1496 2030 1605 2055 Ursinus
1630 2030 1662 2054 ad
1680 2029 1801 2054 Marlian.
1822 2027 1944 2062 Topogr.

76 2075 109 2101 U.
127 2075 161 2100 R.
178 2074 225 2100 IV.
243 2074 283 2106 8.,
311 2074 383 2098 cuius
402 2079 517 2099 extrema
536 2075 617 2100 uerba
637 2075 770 2101 Manutius
794 2076 838 2101 hic
858 2077 959 2104 adfert,
982 2077 1075 2101 aedem
1093 2077 1160 2101 lianc
1178 2081 1250 2100 recte
1269 2075 1427 2108 distinguens
1447 2074 1478 2099 ab
1498 2075 1595 2105 altera,
1613 2082 1689 2106 quam
1706 2073 1811 2099 Honori
1832 2078 1858 2098 et
1877 2072 1945 2097 Uir-

74 2121 124 2146 tuti
142 2119 282 2145 Marcellus
299 2118 381 2143 multo
399 2124 459 2144 ante
477 2120 594 2152 fecerat,
623 2120 797 2154 adstipulante
816 2120 945 2145 Marliano
964 2120 981 2145 l.
1001 2129 1024 2144 c.
1044 2125 1071 2144 et
1094 2120 1183 2145 Iureto
1209 2121 1241 2145 ad
1260 2119 1409 2153 Symmach.
1426 2119 1449 2144 Ι.
1468 2118 1519 2144 15..
1552 2117 1625 2142 Haut
1649 2126 1742 2151 parum
1761 2119 1828 2143 hanc
1848 2117 1879 2143 ab
1898 2117 1943 2141 illa

77 2169 202 2189 remotam
219 2163 314 2194 fuisse,
332 2163 430 2188 theatri
449 2163 570 2188 uicinitas
591 2165 689 2197 arguit,
708 2164 777 2197 quod
798 2164 982 2188 celeberrumo
1000 2165 1060 2189 loeo
1080 2174 1113 2189 ex
1130 2170 1261 2197 tempore,
1281 2168 1309 2188 ut
1328 2169 1382 2188 tum
1400 2162 1487 2194 fiebat,
1505 2163 1670 2188 aedificatum
1688 2163 1714 2188 in
1730 2163 1839 2197 planitie
1861 2162 1944 2196 Capi-

78 2208 144 2233 tolio
161 2207 280 2233 subiecta
298 2212 337 2232 est
353 2207 508 2239 uerisimile,
534 2208 654 2233 Tiberim
674 2218 764 2234 uersus
783 2214 809 2233 et
828 2208 953 2241 Campum
970 2208 1109 2238 Martiun13
1136 2218 1193 2234 cum
1213 2209 1297 2234 altera
1314 2208 1359 2233 illa
1378 2208 1457 2233 aedes
1475 2207 1554 2233 suerit
1573 2213 1644 2233 extra
1662 2213 1765 2242 portam
1784 2205 1945 2240 Capenam.“

159 2268 178 2300 ἱ)
196 2267 273 2292 Errat
292 2266 465 2299 Gai-monins,
485 2268 527 2301 qui
547 2268 604 2293 lusu
625 2269 776 2298 Ciceronis,
802 2268 928 2300 dicentis,
951 2277 1008 2292 cum
1028 2268 1055 2292 in
1076 2269 1174 2302 templo
1192 2269 1311 2295 lionoris
1332 2267 1450 2294 Uirtutis
1469 2267 1553 2293 honos
1570 2267 1680 2293 habitus
1698 2272 1766 2293 esset
1784 2265 1895 2297 uirtuti,
1913 2265 1940 2290 in

83 2319 197 2336 errorem
213 2311 300 2336 induci
326 2321 354 2336 se
377 2322 465 2345 passus
485 2318 534 2337 est.
569 2313 643 2338 Nihil
670 2314 779 2339 alienius
804 2313 851 2337 ista
872 2313 1096 2346 interpretatione.
1132 2313 1241 2338 Duobus
1259 2314 1420 2345 numinibus,
1446 2318 1472 2337 et
1490 2313 1593 2337 Honori
1619 2318 1645 2337 et
1664 2312 1770 2343 Uirtuti,
1790 2314 1940 2336 consecrata

81 2356 127 2381 illa
147 2355 225 2380 aedes
241 2355 357 2380 MarIana
375 2356 431 2386 fuit,
450 2361 478 2381 ut
496 2362 570 2382 recte
588 2359 734 2391 expositum
754 2357 939 2382 abThorlaeio
958 2357 976 2382 1.
994 2358 1021 2382 1..
1058 2358 1152 2390 Neque
1172 2357 1197 2382 in
1216 2358 1312 2389 uerbis,
1329 2357 1486 2384 Messallae.
1505 2358 1625 2383 lionoris.
1644 2361 1681 2382 et.
1696 2355 1815 2382 uirtutis.
1835 2362 1940 2380 caussa.

81 2399 111 2425 ἓν
129 2398 174 2426 ὃιοὶ
191 2397 264 2426 δυοῖν
282 2404 334 2428 θεῖς
352 2400 495 2433 significant
514 2411 553 2433 ea,
572 2402 710 2428 Messallae
729 2403 836 2428 honoris
855 2411 943 2427 caussa
965 2407 992 2426 et
1009 2407 1119 2436 propter
1137 2402 1271 2428 uirtutem.
1293 2402 1446 2436 Eodemque
1465 2411 1541 2427 sensu
1558 2402 1584 2427 in
1603 2401 1686 2426 altera
1705 2401 1751 2426 illa
1769 2398 1940 2432 inscriptione

79 2444 160 2473 uerba
178 2443 285 2469 honoris
302 2445 411 2470 uirtutis
428 2454 524 2471 caussa
543 2447 613 2473 dicta
630 2453 699 2473 sunt.

1464 2491 1525 2522 12*
