2264 2746
269 67 305 93 ss
909 62 1479 95 COMMENTARIUS.

268 134 336 166 uiri
356 134 549 169 doctissumi
577 149 597 169 a
619 136 809 179 municipiis
833 137 1041 179 coloniisque
1063 138 1179 169 Italiae
1202 138 1338 171 ciuitate
1361 140 1586 180 donarentur,
1624 152 1667 173 ex
1691 142 1862 174 Ciceronis
1891 141 2043 174 oratione
2073 150 2136 182 pro

267 187 397 220 Archia
418 197 517 232 poeta
540 197 736 232 conpertum
762 190 938 228 habemus,
975 190 1010 220 in
1035 201 1099 232 qua
1122 202 1148 222 c.
1174 192 1231 222 III.
1257 193 1287 234 ξ.
1311 194 1341 224 5.
1365 193 1446 225 haec
1468 195 1643 236 leguntur:
1681 196 1806 238 Itaque
1828 195 1918 226 lianc
1943 191 2134 235 (Archiam)

268 246 303 273 et
328 243 511 275 Tarentini
539 251 570 275 e!
595 243 724 286 Regini
753 248 785 274 et
814 243 1044 286 Neapolitani
1074 244 1216 276 ciuitate
1245 247 1431 290 ceterisque
1459 249 1624 291 praemiis
1648 249 1842 283 (lonarnnm
1869 252 1900 277 et
1923 259 2053 285 onmes,
2076 246 2136 289 qni

267 294 405 338 aliquid
433 297 473 327 cle
495 296 644 338 ingeniis
671 301 833 338 poterant
856 297 1027 334 indicare,
1071 298 1265 339 cognitione
1287 304 1389 341 atque
1412 300 1559 342 hospitio
1582 302 1730 344 dignam
1758 301 2023 332 existmnarzmt.
2064 297 2137 329 Ar-

269 346 362 378 chiae
384 354 493 378 antem
516 354 634 389 poetae
657 359 734 378 cum
757 349 984 390 contingeret,
1009 354 1047 379 ut
1068 349 1203 380 ciuitate
1224 350 1259 380 in
1282 350 1398 382 multis
1421 352 1499 383 Lati
1529 355 1662 396 oppidis
1693 353 1893 391 donaretur,
1918 355 2042 392 quanto
2065 360 2138 380 ma-

268 399 317 442 gis
341 399 610 438 Coruncanium,
634 400 807 432 hominem
830 401 913 432 iuris
936 402 1085 444 peritum
1110 409 1141 434 et
1163 404 1281 435 consili
1304 403 1356 434 sui
1377 403 1450 435 aliis
1476 406 1606 448 copiam
1629 406 1818 443 facientem,
1845 405 1975 435 honore
1998 403 2061 434 isto
2081 412 2139 432 or-

266 459 383 483 natum
406 464 475 483 esse
497 452 711 484 credibilest?
758 453 827 485 Csr.
855 455 955 486 etiam
982 455 1050 486 Cic.
1075 454 1115 485 ad
1140 455 1220 487 Diu.
1244 456 1346 495 XIII,
1385 457 1458 489 50..
1505 459 1663 491 Ceterum
1687 459 1838 490 minume
1864 467 1956 487 meae
1979 455 2138 487 aduersa-

266 511 323 536 tur
345 504 583 546 explicationi,
621 504 711 547 quod
735 505 900 548 interpres
928 507 1174 539 Ambrosianus
1207 508 1247 539 ad
1273 521 1322 540 or.
1347 510 1431 541 Sull.
1455 522 1482 541 c.
1507 523 1535 549 7.
1558 523 1592 553 p.
1621 513 1688 543 155.
1713 511 1765 543 ed.
1789 510 1869 542 Mai.
1893 521 1956 540 sec.
1981 507 2136 539 adnotat:

265 558 315 590 M.
338 557 419 588 Cato
444 559 503 590 ille
523 560 695 590 censorius
720 565 751 590 et
779 559 854 591 Tib.
877 560 1111 592 Coruncanius
1132 560 1285 604 fuerant
1309 576 1325 595 e
1347 565 1535 608 municipio
1562 565 1769 598 Tusculano,
1813 563 2023 595 Simillumos
2047 558 2138 590 enim

266 621 396 641 errores
418 611 500 642 alios
524 623 599 642 cum
622 611 788 653 interpres
810 612 868 643 ille
894 619 965 644 tum
988 614 1059 656 ipse
1083 615 1249 646 Asconius
1278 616 1444 647 conmisit.

347 663 447 695 IVum
476 666 517 696 cle
546 671 595 696 tot
617 665 757 697 Fuluiis
784 667 950 709 gloriari)
994 667 1187 708 Legebatur
1210 674 1288 699 ante
1312 670 1499 701 Graeuium
1521 669 1642 701 Fabiis
1664 681 1727 712 pro
1750 669 1908 707 Fuluiis,
1942 665 2033 709 quod
2062 664 2137 696 iure

264 726 307 746 ex
332 717 480 758 optumis
501 717 670 748 codicibus
696 718 891 750 restitutum
914 731 998 759 esse,
1024 720 1219 752 Perizonius
1243 722 1360 753 Anim.
1385 722 1473 754 Hist.
1502 734 1528 753 c.
1552 722 1598 754 V.
1623 721 1747 761 docuit,
1770 721 1817 752 ita
1840 720 2021 751 disserens:
2048 718 2138 758 „Fa-

262 767 310 798 bii
332 779 402 800 non
420 770 567 801 Tusculo
595 770 661 802 orti
683 777 778 810 sunt,
818 778 868 803 set
890 780 968 804 aute
991 774 1097 816 ipsam
1121 773 1240 805 urbem
1266 774 1436 806 conditam
1459 775 1495 806 in
1518 774 1588 806 eius
1611 774 1689 806 sede
1711 774 1800 805 iuter
1819 773 1959 804 Romuli
1981 778 2014 803 et
2035 769 2138 803 Remi

262 821 399 853 comites
422 823 605 864 agitaruut,
629 823 733 854 immo
759 835 797 855 eo
820 825 886 856 loci
910 838 952 858 ex
976 826 1146 865 Euandri,
1172 832 1211 856 ut
1232 827 1390 858 nonnulli
1412 828 1551 867 uolunt,
1580 827 1648 859 filia
1671 827 1711 858 ab
1732 826 1882 858 Hercule
1903 823 2081 868 procreati,
2104 828 2138 854 et

260 880 376 916 postea
400 876 548 917 expulsis
572 876 704 918 regibus
728 876 816 908 inter
838 879 967 920 primos
990 879 1149 922 patricios
1172 879 1295 921 gloria,
1329 880 1508 922 dignitate,
1540 880 1765 912 consulatibus
1788 880 1990 911 floruerunt.
2032 877 2138 909 Recte

260 925 416 968 Pighius,
440 928 530 969 quod
553 928 593 960 de
616 930 765 969 Fuluiis,
788 931 928 973 plebeiis
953 938 986 963 et
1009 932 1158 963 obscuris
1182 932 1312 973 origiue
1335 945 1409 973 sua,
1433 945 1502 965 non
1524 933 1566 964 de
1588 933 1718 972 Fabiis,
1752 932 1950 964 inlustribus
1974 936 2007 961 et
2028 927 2138 973 patri-

261 978 340 1019 ciis,
366 979 461 1022 loqui
484 981 681 1013 Ciceronem
703 989 872 1021 autuman
904 984 1068 1026 ideoque,
1093 985 1127 1015 id
1152 985 1241 1026 quod
1265 997 1371 1017 unum
1395 993 1485 1018 recte
1508 987 1688 1030 temptauit
1710 985 1865 1028 Pighius,
1901 983 2052 1027 accipere
2077 981 2138 1013 de-

259 1030 410 1063 buissent
431 1034 615 1073 Gruterus,
652 1047 721 1066 non
745 1042 856 1067 autem
880 1037 1078 1079 repudiare,
1107 1036 1331 1079 praeferendo
1354 1039 1496 1079 Fabiis,
1537 1040 1578 1071 de
1602 1040 1722 1082 quibus
1745 1045 1783 1070 ut
1806 1050 1849 1069 ex
1871 1038 1967 1069 nullo
1989 1034 2138 1068 munici-

258 1085 333 1127 pio,
362 1085 513 1128 adeoque
535 1098 597 1117 nec
620 1087 767 1118 Tusculo
792 1089 893 1128 ortis,
919 1090 1007 1120 nulli
1029 1090 1216 1132 municipes
1239 1091 1378 1132 gloriari
1401 1098 1568 1134 poterant.
1614 1091 1863 1135 Reponendum
1887 1089 2025 1121 omnino
2046 1088 2137 1121 Ful-

259 1138 347 1176 uiis,
382 1138 440 1180 qui
462 1144 572 1169 tamen
603 1151 671 1170 non
695 1141 871 1180 Tiburtes,
907 1148 957 1173 set
980 1143 1163 1174 Tusculani
1192 1143 1322 1185 origiue
1351 1143 1500 1176 fuerunt.
1542 1145 1679 1177 Etenim
1707 1145 1838 1187 primus
1867 1142 2070 1176 Fuluiorum
2098 1140 2136 1171 in

258 1190 342 1221 urbe
362 1191 472 1221 Roma
494 1192 535 1221 L.
559 1191 698 1223 Fuluios
723 1193 854 1225 Curuos
895 1205 960 1225 cos.
989 1195 1034 1226 A.
1059 1196 1102 1227 U.
1128 1196 1165 1227 C.
1195 1197 1268 1228 451.
1297 1208 1316 1228 a
1339 1197 1539 1229 Tusculanis
1562 1197 1820 1235 rebellantibus,
1851 1207 1997 1238 quorum
2018 1193 2136 1225 consul

259 1249 349 1282 erat,
378 1243 511 1274 transiit
532 1243 573 1273 ad
597 1244 783 1285 Romanos,
808 1247 847 1277 ab
871 1247 979 1288 iisque
1003 1247 1121 1279 eodem
1145 1260 1251 1288 anno,
1277 1261 1343 1291 quo
1366 1250 1471 1282 hostis
1494 1250 1614 1289 suerat,
1638 1250 1755 1281 consul
1780 1248 1885 1280 sactus
1908 1246 2135 1290 triumphauit

257 1294 299 1326 de
325 1295 392 1327 suis
415 1295 646 1338 popularibus.
691 1298 827 1329 Diserte
854 1299 935 1330 haec
958 1300 1087 1332 Plinius
1110 1303 1156 1333 H.
1181 1303 1225 1334 N.
1250 1302 1334 1340 VII,
1358 1303 1409 1333 43.
1454 1303 1570 1344 Atque
1593 1303 1672 1334 111110
1696 1302 1814 1333 Cicero
1836 1301 1985 1343 Philipp.
2009 1301 2076 1340 III,
2103 1301 2133 1332 6.

255 1349 408 1381 Antonio
433 1348 589 1379 Fuluiam
612 1361 756 1382 uxorem
779 1352 925 1392 habenti,
953 1365 1029 1384 cum
1053 1354 1079 1385 is
1103 1355 1291 1386 Octauiano
1313 1356 1498 1387 Aricinam
1519 1362 1664 1388 medrenz
1686 1354 1932 1397 exprobrasset,
1955 1353 2059 1384 obicit
2079 1352 2135 1384 ui-

257 1402 367 1433 cissim
398 1413 543 1433 uxorem
577 1403 824 1436 Tusculanam.
867 1405 1059 1438 Tusculana
1087 1408 1169 1439 haec
1203 1419 1274 1438 non
1302 1407 1366 1438 alia
1395 1414 1445 1439 est
1474 1420 1574 1450 quam
1604 1408 1743 1447 Fuluia,
1778 1418 1862 1448 quae
1892 1405 2025 1438 Antoni
2053 1411 2134 1438 tunc

255 1466 345 1486 uxor
375 1461 408 1486 et
435 1454 504 1486 filia
535 1462 606 1486 erat
645 1456 747 1487 Fului
776 1458 1002 1490 Bambalionis
1041 1472 1078 1490 ac
1107 1460 1329 1504 Semproniae
1360 1461 1524 1493 Tuditani
1558 1462 1656 1494 filiae.
1672 1464 1693 1480 “
1736 1459 1826 1492 Uide
1855 1458 1896 1489 de
1919 1458 2041 1490 Fuluia
2069 1458 2134 1491 ista

255 1507 388 1540 Antoni
413 1520 522 1540 uxore
547 1510 770 1541 Garatonium
797 1511 838 1541 ad
863 1511 950 1542 Phil.
977 1512 1044 1551 III,
1073 1514 1119 1545 6..

340 1562 391 1594 At
416 1562 451 1592 in
475 1575 716 1606 quemeumque
737 1582 778 1587 —
800 1565 1026 1607 audiendam)
1072 1567 1268 1599 Mocleste
1291 1567 1337 1598 (le
1360 1579 1415 1607 se,
1449 1566 1518 1598 sed
1551 1566 1598 1598 de
1627 1567 1663 1598 C.
1688 1565 1828 1598 biario
1858 1564 1998 1596 multo
2028 1564 2132 1596 ube-

255 1614 346 1646 rius
375 1621 414 1645 et
445 1615 624 1653 rectius;
673 1627 723 1647 ex
754 1628 832 1658 quo
864 1617 991 1649 etiam
1019 1631 1095 1650 suo
1125 1619 1277 1651 honori
1309 1620 1543 1662 plurimum
1572 1620 1710 1659 dedit,
1743 1618 1792 1649 de
1815 1630 1897 1660 quo
1921 1618 2130 1660 aliquan-

255 1673 297 1699 to
322 1667 541 1699 demissius
564 1674 606 1699 et
628 1669 923 1702 uerecundius
949 1670 1135 1703 dixerat.
1161 1673 1321 1704 SCHOLIA
1337 1674 1545 1705 UATICANA.
1569 1672 1710 1704 Inlustri
1734 1672 1790 1704 hic
1812 1672 1904 1702 locus
1928 1670 2128 1713 exemplost,

258 1721 338 1762 quid
361 1720 424 1752 sibi
447 1720 614 1762 interpres
642 1720 700 1752 ille
724 1722 759 1753 in
789 1722 1016 1755 describendis
1043 1725 1215 1758 Ciceronis
1251 1725 1363 1756 uerbis
1393 1726 1598 1768 permiserit.
1640 1725 1754 1757 Habet
1777 1724 1866 1756 enim
1890 1723 1968 1755 111110
1988 1723 2130 1754 adnota-

256 1774 341 1805 tioni
363 1774 444 1805 haec
466 1773 570 1803 uerba
592 1775 798 1816 praeposita:
825 1776 876 1808 At
899 1778 930 1807 si
954 1777 989 1808 in
1013 1778 1164 1821 aliquem
1186 1778 1395 1821 Arpinatem
1418 1779 1594 1818 incideris,
1618 1780 1685 1811 erit
1708 1778 1770 1809 tibi
1783 1777 1940 1820 fortasse
1962 1777 2067 1808 etiam
2087 1776 2129 1808 de

258 1827 351 1858 nobis
373 1827 527 1870 aliquid,
550 1828 610 1859 secl
631 1834 720 1859 certe
745 1829 785 1860 ‹Ie
808 1829 842 1860 C.
865 1831 982 1861 illario
1004 1832 1226 1863 crudiendam.
1252 1842 1314 1872 pro
1340 1831 1460 1872 quibus
1483 1832 1586 1863 ceteri
1609 1832 1758 1868 codices,
1782 1831 1818 1861 in
1845 1829 1973 1861 duobus
1996 1834 2128 1860 tantum

257 1879 368 1911 uerbis
390 1891 409 1910 a
434 1891 468 1911 se
493 1880 741 1919 dissentientes,
766 1881 847 1912 haec
869 1882 1010 1915 habent:
1034 1885 1085 1916 At
1108 1885 1143 1915 in
1168 1896 1411 1927 quemeumque
1431 1885 1640 1928 Arpinatem
1662 1885 1845 1922 incideris,
1868 1882 2003 1914 etiamsi
2025 1882 2128 1921 nolis,

258 1933 324 1964 erit
350 1939 460 1964 tamen
484 1933 546 1964 tibi
559 1932 718 1976 fortasse
739 1935 843 1966 etiam
865 1936 905 1967 cle
928 1936 1023 1967 nobis
1046 1937 1193 1980 aliquid,
1216 1938 1353 1980 aliquid
1376 1944 1465 1969 certe
1487 1939 1528 1970 cle
1551 1938 1586 1970 C.
1608 1938 1725 1970 Mario
1748 1937 1970 1969 audiendum.
2012 1936 2125 1968 Nemo

257 1996 327 2015 non
349 1992 466 2027 sponte
489 1985 673 2028 intellegit,
708 1998 776 2021 non
800 1987 1038 2030 interpolatam
1068 1989 1124 2020 1110
1153 1996 1343 2021 ceterorum
1375 1991 1529 2022 codicum
1552 1991 1753 2033 scripturam
1779 1988 1843 2020 dici
1865 1999 1982 2031 posse,
2013 1993 2063 2019 set
2084 1988 2126 2020 ab

256 2037 440 2080 interprete
465 2038 627 2070 Uaticano
650 2039 754 2070 uerba
779 2041 951 2072 Ciceronis
974 2041 1099 2084 partim
1123 2043 1261 2083 omissa,
1285 2050 1323 2075 ut
1346 2044 1571 2087 explicatione
1594 2055 1661 2074 non
1685 2042 1830 2085 egentia,
1864 2041 1989 2084 partim
2010 2041 2126 2073 inmu-

257 2095 325 2122 tata
348 2101 427 2120 esse.
471 2091 509 2121 In
531 2092 594 2123 hoc
618 2104 684 2123 uno
708 2093 897 2135 sequendus
920 2100 1033 2126 tamen
1053 2094 1195 2127 fortasse
1218 2096 1454 2139 palimpsestus
1477 2096 1658 2130 Uaticanus
1682 2102 1740 2135 est,
1765 2095 1855 2137 quod
1876 2096 1917 2127 cle
1939 2095 2035 2126 nobis
2056 2095 2125 2127 ali-

258 2143 354 2186 quid,
375 2144 434 2174 sed
454 2151 542 2176 certe
563 2145 688 2177 scribit.
734 2146 894 2179 Eademst
916 2148 1006 2179 enim
1029 2149 1127 2179 etiam
1153 2148 1360 2181 Ersurtensis
1384 2149 1463 2181 libri
1487 2150 1662 2192 scriptura,
1686 2150 1732 2180 ita
1755 2154 1884 2179 tantum
1908 2147 2124 2179 dissentiente

256 2195 429 2233 Bauarico,
454 2196 542 2236 quod
565 2209 640 2228 cum
663 2199 736 2230 aliis
759 2200 928 2233 codicibus
951 2201 1001 2232 bis
1025 2202 1163 2245 aliquid
1175 2202 1301 2233 scribit.
1348 2203 1443 2244 Quae
1465 2214 1539 2233 mea
1560 2202 1662 2233 fuerit
1686 2201 1726 2232 de
1748 2201 1915 2243 scriptura
1935 2201 2035 2232 huius
2056 2201 2123 2233 loci

256 2246 438 2286 sententia,
472 2248 602 2292 Proleg.
631 2252 707 2282 Lib.
732 2253 774 2285 II.
804 2254 841 2284 C.
864 2254 890 2285 Ι.
923 2255 952 2296 §.
976 2254 1006 2286 8.
1037 2266 1070 2297 p.
1100 2255 1298 2287 XXXVIII
1327 2268 1376 2298 sq.
1408 2255 1536 2298 aperui.
1580 2255 1681 2286 Nunc
1710 2260 1821 2284 tamen
1844 2265 1912 2284 non
1936 2254 2122 2294 dissimulo,

256 2311 354 2343 posse
381 2300 480 2332 etiam
503 2302 646 2334 alterum
668 2306 821 2348 aliquid,
853 2307 942 2348 quod
966 2308 1047 2338 Bau.
1071 2319 1148 2338 cum
1170 2308 1244 2340 aliis
1262 2308 1378 2339 multis
1400 2308 1516 2348 habet,
1546 2318 1610 2350 pro
1632 2307 1757 2349 glossa,
1789 2319 1874 2349 quae
1894 2318 1997 2349 super
2017 2307 2122 2339 uerba

257 2361 308 2387 set
329 2359 418 2386 certe
438 2373 479 2379 -
501 2357 711 2388 audiendum
732 2359 841 2400 posita
862 2359 980 2400 fuerit,
1006 2360 1134 2392 haberi.
