2264 2746
258 77 313 102 250

254 146 330 174 Eme
345 155 415 174 eam
429 146 534 184 aliquo
544 147 606 176 218.
616 148 650 175 in
658 146 795 184 aliquem
811 145 894 181 talis,
907 146 1010 184 qualis
1020 150 1077 175 etc.
1089 147 1153 176 230.

255 192 332 220 Esse
352 194 387 220 in
405 203 519 221 scaena
542 202 602 222 100.

253 240 308 270 Est
336 240 516 278 frequenter
543 240 579 268 ab
600 239 826 279 interpretibus
846 239 983 269 additum
1003 240 1150 271 XXXII.

328 287 474 316 XXXV.
489 287 684 315 XXXVIII.
702 287 826 316 XLIX.
849 287 886 316 ab
903 287 1040 317 librariis
1057 289 1153 318 omis-

333 345 399 363 sum
419 333 564 361 XXXII.
921 366 926 375 .

254 383 296 411 Et
310 387 340 410 et
355 388 389 410 at
402 386 573 419 permutata
589 391 632 419 9¹-
653 388 681 410 et
693 381 725 410 in
745 388 781 410 ut
796 382 996 421 deprauatum
1008 393 1068 421 170.
1089 394 1153 414 non

326 427 528 457 confunditur
555 439 572 458 a
591 429 729 458 librariis
758 440 828 459 cum
847 432 899 459 uel
916 432 1069 470 particula
1091 433 1152 462 125.

325 482 353 504 et
375 476 485 514 copula
505 482 588 505 recte
615 477 768 506 adiectiua
789 480 991 508 misem-umus
1010 484 1042 509 et
1061 485 1155 518 optu-

325 534 393 551 mus
412 523 582 561 iunguntur
602 526 665 554 245.

250 573 291 602 Et
311 572 435 609 quidem
454 571 601 610 singulari
622 583 679 601 usu
702 572 763 600 106.

250 620 291 646 Ec
310 620 339 646 si
356 619 527 656 particulae
547 619 732 648 coniunctae
751 620 932 659 frequenter
951 631 970 650 a
983 621 1048 651 Cic.
1069 630 1113 659 70.

248 667 376 695 Elenim
394 666 546 704 particula
565 677 582 695 a
600 667 666 695 Cic.
685 667 858 706 postposita
880 668 942 697 123.

248 714 357 742 Etiam
381 713 534 752 particula
559 713 593 742 ui
619 713 799 744 adfirmandi
829 725 880 752 172
913 725 957 754 sq.
985 708 1150 744 transitum

323 761 477 799 siguificat
495 770 541 799 90.

249 809 385 836 Etiamsi
404 809 603 847 dcprauatum
626 809 660 837 in
680 811 708 837 si
727 808 772 846 67.

248 857 396 884 Etr-citare
416 859 481 885 aim
500 857 662 892 honorum,
695 867 798 886 rarum
826 855 950 886 dicendi
970 865 1064 895 genus
1087 857 1148 893 137.

247 904 389 933 Exilium
409 904 575 933 decennale
594 904 661 942 lege
676 903 782 933 Tullia
802 904 835 934 in
849 905 981 934 ambitus
1000 915 1071 934 rcos
1091 904 1146 933 de-

321 957 439 981 cretum
459 953 523 981 205.

247 1010 417 1047 Explicata
437 1019 548 1037 caussa
567 1009 613 1038 63.

246 1059 434 1095 Expressum
454 1057 529 1095 quid
548 1056 703 1094 significet
727 1065 786 1084 101.

246 1107 442 1143 Exprimere,
462 1104 630 1144 premendo
653 1103 766 1131 elicere
786 1105 830 1132 81.

684 1187 718 1215 F.

247 1248 339 1276 Fabii
360 1246 441 1275 unde
461 1246 524 1274 orti
544 1247 588 1275 88.

245 1295 365 1323 Fabius
379 1294 495 1332 fornix
515 1294 561 1322 83.

245 1342 406 1371 Fabricius
426 1340 581 1368 Luscinus
604 1340 665 1378 159.

243 1393 361 1420 Facere
381 1389 418 1417 de
437 1388 668 1425 magistratibus
690 1389 829 1417 creandis
850 1389 894 1417 67.

243 1438 364 1466 ,Facilis
384 1447 499 1465 caussa
519 1435 563 1464 63.

245 1487 378 1515 Pantim-
398 1488 429 1511 et
440 1483 556 1521 fautor
577 1482 622 1511 60.

245 1532 356 1561 Feriae
376 1531 490 1559 latinae
511 1541 526 1558 a
547 1541 606 1568 quo
628 1530 788 1559 institutae
815 1540 851 1569 92
871 1541 914 1569 sq.

245 1581 342 1608 Ferre
361 1580 477 1607 iudices
498 1579 535 1606 de
552 1584 743 1607 accussatore
768 1583 798 1607 ct
819 1579 855 1607 de
876 1588 929 1607 reo
951 1578 1066 1607 dicitur
1083 1579 1145 1608 130.

245 1627 342 1655 Ferro
362 1631 541 1664 corruptum
562 1626 594 1654 in
615 1637 715 1655 errore
736 1631 766 1654 et
786 1637 893 1655 cruore
915 1625 1003 1654 VIII.
1024 1628 1070 1664 98.

245 1677 344 1703 Ferus
361 1680 389 1702 et
397 1673 527 1711 set-reus
542 1673 706 1703 coniuncta
714 1683 778 1702 202.
784 1673 879 1711 ferus
888 1679 915 1701 et
923 1675 1061 1703 inmanis
1069 1675 1145 1703 ibid.

246 1722 360 1749 Fessus
371 1721 526 1758 fluctibus
545 1723 591 1759 98.

246 1768 340 1796 Fieri.
380 1768 527 1796 Formula
546 1775 581 1796 ut
592 1769 639 1804 fit
663 1768 737 1807 quid
756 1768 908 1806 significet
932 1770 991 1798 1151.

248 1816 394 1851 Flaccus,
414 1816 470 1851 L.,
490 1826 507 1843 a
528 1815 634 1843 Tullio
657 1816 800 1844 defensus
820 1826 856 1854 99
877 1827 918 1853 sq.

248 1863 392 1898 Flaccus,
412 1863 449 1890 L.
472 1862 634 1898 Ualerius,
655 1865 762 1893 consul
785 1874 846 1893 222.

249 1911 413 1948 Flagitare
433 1921 501 1939 cum
523 1911 643 1939 duobus
662 1912 858 1941 accussatiuis
885 1912 1025 1940 iunctum
1045 1912 1090 1941 64.

248 1957 371 1985 Flanios
390 1958 544 1994 Fimbria,
573 1960 681 1988 consul
702 1961 745 1997 75.

249 2004 377 2040 Flauos‚
403 2016 571 2043 cognomen
592 2007 692 2045 gentis
711 2008 810 2036 Alfiae
830 2007 947 2037 LXXI
966 2018 1009 2046 sq.

249 2051 368 2079 fornix
388 2053 504 2082 Fabius
524 2055 568 2083 83.

247 2098 325 2125 Fors
351 2099 423 2135 quid
442 2101 594 2138 significet
613 2103 676 2132 244.
698 2103 770 2142 fors
791 2109 821 2132 ct
841 2114 904 2131 sors
924 2103 1051 2133 confusa
1069 2114 1086 2133 a
1105 2103 1147 2132 li-

324 2144 434 2174 brariis
454 2148 525 2176 ibid.

250 2191 440 2229 Frequenlia
461 2203 598 2225 nostrum
618 2199 693 2238 quid
713 2198 865 2237 significet
887 2201 931 2228 81.

249 2239 392 2266 Fac-atus
416 2249 474 2267 102.

249 2285 380 2321 Fuluia,
400 2286 517 2315 Antoni
538 2300 617 2318 uxor
637 2294 680 2321 88.

250 2332 357 2360 Fuluii
379 2333 460 2361 unde
481 2337 541 2363 orti
562 2340 605 2365 88.

250 2380 378 2410 l’uluios
400 2381 534 2418 Curuos,
556 2383 608 2419 L.‚
630 2388 735 2415 consul
757 2390 800 2417 88.

1041 73 1334 103 INDEX

1212 149 1332 178 Futuro
1355 152 1496 188 tempore
1523 160 1594 179 usus
1621 155 1668 180 est
1688 152 1753 180 Cic.
1772 161 1893 191 semper
1912 153 1945 182 in
1964 153 2105 183 formulis

1286 198 1393 226 timide
1412 198 1532 234 dicam,
1552 209 1624 227 uere
1643 199 1747 227 dicam
1766 200 1812 238 94.

1642 246 1681 274 G.

1213 292 1347 321 Gabinia
1366 292 1419 321 lex
1442 302 1503 322 111.

1212 340 1382 376 Gabinius,
1401 340 1511 368 consul
1529 341 1586 369 215
1605 350 1648 378 sq.
1668 350 1732 379 2¹9·
1761 343 1895 371 saltator
1915 352 1979 371 220.

1212 388 1380 416 Genitiuos
1407 387 1614 426 explicatiuos
1641 388 1840 427 praecedenti
1872 390 1992 419 nomini
2018 395 2106 429 apta-

1284 439 1334 464 tus
1356 435 1418 464 104.
1784 441 1788 444 '

1212 482 1318 511 Genus
1344 488 1374 511 et
1401 492 1510 512 nomen
1536 493 1600 512 non
1629 484 1732 524 simpl.
1759 485 1956 515 nobilitatem
1987 485 2107 523 signifi—

1286 536 1358 560 cant
1379 531 1441 560 103.

1210 579 1321 608 Gloria
1347 584 1378 608 et
1397 579 1470 607 laus
1495 589 1513 607 a
1532 579 1685 608 Cicerone
1711 581 1892 620 frequenter
1910 581 2106 619 coniungun-

1282 631 1335 655 tur
1354 636 1418 664 227.

1209 674 1354 710 Granius,
1374 684 1485 713 praeco
1507 674 1596 703 dicax
1618 684 1672 704 110
1691 685 1734 714 sq.

1209 722 1357 751 Gratiam
1375 723 1487 751 habere
1507 733 1569 761 179.
1585 726 1727 761 gratiam
1746 724 1853 753 debere
1880 725 1942 753 180.

1210 770 1346 798 Gratias
1366 770 1482 808 referre
1502 772 1556 799 243
1572 781 1614 809 sq.

1208 818 1373 846 Gratiosus
1393 818 1461 856 quis
1481 818 1602 847 dicatur
1630 819 1692 848 138.
1712 827 1776 846 non
1796 823 1881 848 recte
1910 829 1980 849 cum
2000 819 2103 849 datiuo

1282 865 1474 894 construitur
1496 865 1570 894 ibid.

1205 914 1374 942 Gratulari
1399 923 1417 941 a
1443 913 1580 942 librariis
1607 913 1641 942 in
1667 913 1864 953 conpositum
1890 915 2106 953 congratulari

1277 961 1477 1000 deprauatum
1497 961 1576 989 XX.

1201 1009 1318 1037 Grauis
1339 1019 1429 1037 sensu
1450 1009 1630 1048 praegnanti
1652 1010 1713 1039 158.

1207 1056 1389 1084 Gubernare
1407 1057 1546 1085 absolute
1568 1067 1611 1095 77.

1629 1105 1670 1133 H.

1205 1154 1331 1182 Habere
1351 1153 1498 1192 singulari
1518 1153 1743 1191 significatione
1763 1155 1879 1190 (no-see)
1904 1154 1964 1183 152.

1205 1201 1339 1228 Hercule
1359 1211 1376 1228 a
1394 1201 1532 1228 librariis
1552 1205 1703 1229 mutatum
1721 1201 1755 1229 in
1775 1200 1947 1229 mehercule
1966 1200 2037 1229 LV.

1205 1247 1355 1275 Homines
1383 1246 1439 1275 hoc
1466 1252 1570 1274 nostro
1597 1250 1732 1284 equestri
1764 1250 1829 1276 loco
1855 1257 1894 1277 an
1921 1248 2102 1277 Tullianum

1281 1293 1461 1322 XXXVII.

1202 1341 1314 1369 Ilonor
1333 1341 1483 1379 singulari
1506 1341 1731 1379 significatione
1751 1341 1796 1379 59.

1202 1389 1408 1425 Hortensius,
1429 1390 1478 1427 Q.,
1499 1400 1634 1418 caussam
1654 1389 1762 1418 Planci
1781 1388 1845 1427 egit
1864 1393 1934 1417 ante
1955 1388 2021 1417 Cic.
2044 1398 2102 1419 121.

1643 1436 1667 1466 Ι.

1205 1483 1227 1511 I
1243 1489 1272 1512 et
1294 1484 1321 1513 L
1341 1484 1463 1513 litterae
1482 1489 1674 1523 permutatae
1695 1494 1738 1521 77.

1204 1532 1326 1561 lactari
1337 1532 1493 1570 fluetibus
1513 1537 1545 1560 et
1565 1535 1598 1561 in
1611 1532 1768 1570 fluctibus
1788 1531 1834 1570 69.

1204 1578 1275 1606 lam
1295 1588 1332 1608 ex
1355 1586 1462 1608 nostra
1482 1585 1584 1608 ortum
1604 1580 1637 1608 in
1658 1579 1746 1608 codd.
1769 1589 1815 1618 90.

1204 1626 1247 1655 Id
1265 1633 1295 1657 et
1314 1629 1388 1656 illut
1406 1639 1476 1657 cum
1491 1628 1650 1656 infinitiuo
1671 1627 1870 1656 coniunctum
1889 1632 1963 1667 aput
1977 1627 2041 1657 Cic.
2056 1627 2100 1657 64.

1205 1675 1311 1713 Ignoti
1331 1677 1448 1705 iudices
1468 1686 1527 1714 quo
1550 1685 1640 1704 sensu
1661 1675 1804 1703 dicantur
1824 1675 1886 1704 131.

1204 1722 1245 1751 In
1265 1733 1282 1751 a
1295 1722 1431 1752 librariis
1452 1723 1597 1752 omissmn
1617 1722 1748 1751 XXXI.
1767 1722 1924 1752 interdum
1943 1723 1981 1751 ab
2002 1722 2102 1752 inter-

1280 1771 1420 1809 polatore
1441 1772 1578 1800 additum
1597 1771 1711 1801 XXX.
1733 1770 1778 1809 69.
1797 1779 1844 1808 79.

1205 1816 1373 1846 Incendere
1393 1819 1472 1857 leges
1490 1820 1557 1848 235.

1205 1865 1392 1894 Incendium
1411 1865 1623 1905 metaphorice
1642 1865 1779 1904 positum
1798 1866 1862 1895 235.

1205 1912 1356 1950 [nse-stiur
1378 1923 1468 1942 sensu
1488 1914 1611 1952 passiuo
1631 1914 1677 1942 60.

1205 1960 1340 1997 Infinita
1360 1962 1520 1990 dimicatio
1540 1962 1638 2000 qualis
1659 1961 1699 1989 sit
1711 1970 1775 1993 227.

1205 2007 1314 2036 Inicus
1340 2009 1433 2037 iudex
1460 2008 1505 2038 65.
1541 2011 1644 2048 iniqui
1663 2008 1853 2038 substantiae
1880 2008 2016 2046 positum
2039 2010 2099 2038 125.

1283 2056 1335 2086 154
1355 2067 1398 2095 sq.

1205 2104 1335 2142 Inperia
1356 2104 1393 2132 de
1412 2109 1557 2143 praetura
1576 2109 1608 2134 et
1627 2105 1787 2134 consulatu
1809 2113 1869 2141 171.

1205 2151 1357 2188 Inponere
1377 2151 1570 2192 (praeficere)
1589 2163 1658 2182 raro
1678 2163 1735 2182 usu
1757 2153 1816 2183 168.

1204 2199 1421 2236 Inpzmitatem
1440 2202 1584 2238 consequi
1604 2199 1648 2228 62.

1203 2247 1391 2284 Iupanilam
1411 2250 1441 2275 in
1464 2248 1627 2276 maledic-to
1646 2246 1840 2274 mendacium
1862 2247 1924 2275 105.

1203 2293 1426 2331 Inscriptiones
1446 2294 1556 2332 Ligeri
1575 2294 1683 2322 fraude
1703 2294 1909 2332 interpolatae
1929 2298 1960 2322 et
1980 2303 2098 2333 suppo-

1277 2341 1353 2369 sitae
1376 2341 1436 2377 1G7.
1455 2341 1612 2370 Marianae
1633 2341 1743 2370 XCIII
1762 2351 1826 2380 sqq.

1201 2389 1355 2418 Inseclari
1373 2395 1403 2417 et
1423 2390 1542 2427 insequi
1561 2396 1786 2418 accussatorem
1799 2393 1885 2418 recte
1900 2389 2015 2418 dicitur
2035 2391 2095 2428 139.
