<?xml version="1.0" encoding="UTF-8"?>
<!DOCTYPE html PUBLIC "-//W3C//DTD XHTML 1.0 Transitional//EN"
    "http://www.w3.org/TR/xhtml1/DTD/xhtml1-transitional.dtd">
<html xmlns="http://www.w3.org/1999/xhtml" xml:lang="en" lang="en">
 <head>
  <title>
</title>
<meta http-equiv="Content-Type" content="text/html;charset=utf-8" />
  <meta name='ocr-system' content='tesseract 3.04.00' />
  <meta name='ocr-capabilities' content='ocr_page ocr_carea ocr_par ocr_line ocrx_word'/>
</head>
<body>
  <div class='ocr_page' id='page_1' title='image "./oratioprocnplan00ciceuoft/oratioprocnplan00ciceuoft_0294.png"; bbox 0 0 2264 2746; ppageno 0'>
   <div class='ocr_carea' id='block_1_1' title="bbox 262 97 1484 133">
    <p class='ocr_par' dir='ltr' id='par_1_1' title="bbox 262 97 1484 133">
     <span class='ocr_line' id='line_1_1' title="bbox 262 97 1484 133; baseline -0.006 0"><span class='ocrx_word' id='word_1_1' title='bbox 262 105 316 133; x_wconf 75' lang='lat'><em>175</em></span> <span class='ocrx_word' id='word_1_2' title='bbox 911 97 1484 127; x_wconf 88' lang='lat' dir='ltr'>COMMENTARIUS.</span> 
     </span>
    </p>
   </div>
   <div class='ocr_carea' id='block_1_2' title="bbox 261 172 2143 2432">
    <p class='ocr_par' dir='ltr' id='par_1_2' title="bbox 261 172 2143 2432">
     <span class='ocr_line' id='line_1_2' title="bbox 262 172 2133 217; baseline 0.002 -9"><span class='ocrx_word' id='word_1_3' title='bbox 262 175 433 213; x_wconf 85' lang='lat' dir='ltr'><em>debere,</em></span> <span class='ocrx_word' id='word_1_4' title='bbox 471 174 509 206; x_wconf 88' lang='lat' dir='ltr'><em>si</em></span> <span class='ocrx_word' id='word_1_5' title='bbox 531 174 606 207; x_wconf 81' lang='grc' dir='ltr'><strong><em>Ῐιοσ</em></strong></span> <span class='ocrx_word' id='word_1_6' title='bbox 627 172 826 207; x_wconf 75' lang='lat' dir='ltr'><em>soluer03</em></span> <span class='ocrx_word' id='word_1_7' title='bbox 847 183 920 203; x_wconf 88' lang='lat' dir='ltr'><em>nec</em></span> <span class='ocrx_word' id='word_1_8' title='bbox 941 172 1086 204; x_wconf 84' lang='lat' dir='ltr'><em>minus</em></span> <span class='ocrx_word' id='word_1_9' title='bbox 1115 173 1154 204; x_wconf 87' lang='lat' dir='ltr'><em>ei</em></span> <span class='ocrx_word' id='word_1_10' title='bbox 1176 172 1400 205; x_wconf 80' lang='lat' dir='ltr'><strong><em>redderem</em></strong></span> <span class='ocrx_word' id='word_1_11' title='bbox 1429 173 1662 205; x_wconf 83' lang='lat' dir='ltr'><em>uoluntate</em></span> <span class='ocrx_word' id='word_1_12' title='bbox 1689 173 1803 217; x_wconf 84' lang='lat' dir='ltr'><em>ipsa,</em></span> <span class='ocrx_word' id='word_1_13' title='bbox 1837 175 1874 205; x_wconf 85' lang='lat' dir='ltr'><em>si</em></span> <span class='ocrx_word' id='word_1_14' title='bbox 1901 176 1974 209; x_wconf 82' lang='grc' dir='ltr'><em>Ιιοε</em></span> <span class='ocrx_word' id='word_1_15' title='bbox 2002 179 2133 211; x_wconf 84' lang='lat' dir='ltr'><em>mole-</em></span> 
     </span>
     <span class='ocr_line' id='line_1_3' title="bbox 262 223 2135 269; baseline 0.001 -9"><span class='ocrx_word' id='word_1_16' title='bbox 262 230 379 263; x_wconf 83' lang='lat' dir='ltr'><em>stiae</em></span> <span class='ocrx_word' id='word_1_17' title='bbox 407 239 487 260; x_wconf 88' lang='lat' dir='ltr'><em>non</em></span> <span class='ocrx_word' id='word_1_18' title='bbox 516 224 768 258; x_wconf 74' lang='lat' dir='ltr'><em>accidisset.</em></span> <span class='ocrx_word' id='word_1_19' title='bbox 811 223 971 267; x_wconf 74' lang='lat' dir='ltr'><em>Crispum</em></span> <span class='ocrx_word' id='word_1_20' title='bbox 991 225 1090 263; x_wconf 81' lang='lat' dir='ltr'><em>sa&#39;ne,</em></span> <span class='ocrx_word' id='word_1_21' title='bbox 1129 226 1263 269; x_wconf 86' lang='lat' dir='ltr'><em>inquit,</em></span> <span class='ocrx_word' id='word_1_22' title='bbox 1297 237 1423 269; x_wconf 82' lang='lat' dir='ltr'><em>agmen</em></span> <span class='ocrx_word' id='word_1_23' title='bbox 1445 225 1613 258; x_wconf 88' lang='lat' dir='ltr'><em>orationis</em></span> <span class='ocrx_word' id='word_1_24' title='bbox 1635 225 1905 269; x_wconf 74' lang='lat' dir='ltr'><em>rotundumque,</em></span> <span class='ocrx_word' id='word_1_25' title='bbox 1937 241 1977 260; x_wconf 87' lang='lat' dir='ltr'><em>ac</em></span> <span class='ocrx_word' id='word_1_26' title='bbox 1998 232 2135 263; x_wconf 87' lang='lat' dir='ltr'><em>modulo</em></span> 
     </span>
     <span class='ocr_line' id='line_1_4' title="bbox 263 278 2136 326; baseline 0 -12"><span class='ocrx_word' id='word_1_27' title='bbox 263 283 337 326; x_wconf 79' lang='lat' dir='ltr'><em>ipso</em></span> <span class='ocrx_word' id='word_1_28' title='bbox 363 289 582 313; x_wconf 76' lang='lat' dir='ltr'><em>numerorum</em></span> <span class='ocrx_word' id='word_1_29' title='bbox 602 282 803 313; x_wconf 73' lang='lat' dir='ltr'><em>uenusturtz,</em></span> <span class='ocrx_word' id='word_1_30' title='bbox 827 282 877 307; x_wconf 88' lang='lat' dir='ltr'><em>set</em></span> <span class='ocrx_word' id='word_1_31' title='bbox 899 279 990 320; x_wconf 87' lang='lat' dir='ltr'><em>quod</em></span> <span class='ocrx_word' id='word_1_32' title='bbox 1011 290 1089 309; x_wconf 89' lang='lat' dir='ltr'><em>cum</em></span> <span class='ocrx_word' id='word_1_33' title='bbox 1109 278 1213 310; x_wconf 87' lang='lat' dir='ltr'><em>uenia</em></span> <span class='ocrx_word' id='word_1_34' title='bbox 1235 278 1419 321; x_wconf 82' lang='lat' dir='ltr'><em>legendum</em></span> <span class='ocrx_word' id='word_1_35' title='bbox 1440 279 1487 310; x_wconf 82' lang='lat' dir='ltr'><em>sit</em></span> <span class='ocrx_word' id='word_1_36' title='bbox 1509 278 1606 311; x_wconf 89' lang='lat' dir='ltr'><em>uerbi</em></span> <span class='ocrx_word' id='word_1_37' title='bbox 1623 278 1772 322; x_wconf 78' lang='lat' dir='ltr'><em>paulum</em></span> <span class='ocrx_word' id='word_1_38' title='bbox 1792 278 1868 309; x_wconf 86' lang='lat' dir='ltr'><em>ideo</em></span> <span class='ocrx_word' id='word_1_39' title='bbox 1891 279 2074 320; x_wconf 86' lang='lat' dir='ltr'><em>inmutati‚</em></span> <span class='ocrx_word' id='word_1_40' title='bbox 2096 289 2136 314; x_wconf 84' lang='lat' dir='ltr'><em>ut</em></span> 
     </span>
     <span class='ocr_line' id='line_1_5' title="bbox 262 328 2137 377; baseline -0.001 -10"><span class='ocrx_word' id='word_1_41' title='bbox 262 334 449 367; x_wconf 82' lang='lat' dir='ltr'><em>sententiae</em></span> <span class='ocrx_word' id='word_1_42' title='bbox 470 330 565 372; x_wconf 80' lang='lat' dir='ltr'><em>fides</em></span> <span class='ocrx_word' id='word_1_43' title='bbox 595 329 696 361; x_wconf 86' lang='lat' dir='ltr'><em>salua</em></span> <span class='ocrx_word' id='word_1_44' title='bbox 726 333 822 360; x_wconf 83' lang='lat' dir='ltr'><em>esset.</em></span> <span class='ocrx_word' id='word_1_45' title='bbox 866 328 1030 372; x_wconf 70' lang='lat' dir='ltr'><em>ZVamque</em></span> <span class='ocrx_word' id='word_1_46' title='bbox 1059 329 1184 361; x_wconf 89' lang='lat' dir='ltr'><em>debitio</em></span> <span class='ocrx_word' id='word_1_47' title='bbox 1211 331 1354 374; x_wconf 84' lang='lat' dir='ltr'><em>gratiae</em></span> <span class='ocrx_word' id='word_1_48' title='bbox 1381 336 1415 363; x_wconf 91' lang='lat' dir='ltr'><em>et</em></span> <span class='ocrx_word' id='word_1_49' title='bbox 1429 332 1600 374; x_wconf 79' lang='lat' dir='ltr'><em>pecuniae</em></span> <span class='ocrx_word' id='word_1_50' title='bbox 1629 330 1766 362; x_wconf 84' lang='lat' dir='ltr'><em>conlata</em></span> <span class='ocrx_word' id='word_1_51' title='bbox 1794 330 1936 363; x_wconf 85' lang='lat' dir='ltr'><em>uerbum</em></span> <span class='ocrx_word' id='word_1_52' title='bbox 1959 333 2137 377; x_wconf 79' lang='lat' dir='ltr'><strong><em>utrobique</em></strong></span> 
     </span>
     <span class='ocr_line' id='line_1_6' title="bbox 262 381 2138 426; baseline -0.001 -7"><span class='ocrx_word' id='word_1_53' title='bbox 262 398 402 419; x_wconf 84' lang='lat' dir='ltr'><em>seruare</em></span> <span class='ocrx_word' id='word_1_54' title='bbox 425 388 551 426; x_wconf 80' lang='lat' dir='ltr'><em>posset.</em></span> <span class='ocrx_word' id='word_1_55' title='bbox 596 381 655 413; x_wconf 91' lang='lat' dir='ltr'><em>Ita</em></span> <span class='ocrx_word' id='word_1_56' title='bbox 686 381 778 412; x_wconf 86' lang='lat' dir='ltr'><em>enim</em></span> <span class='ocrx_word' id='word_1_57' title='bbox 806 386 896 413; x_wconf 88' lang='lat' dir='ltr'><em>recte</em></span> <span class='ocrx_word' id='word_1_58' title='bbox 918 383 1075 426; x_wconf 79' lang='lat' dir='ltr'><em>opposita</em></span> <span class='ocrx_word' id='word_1_59' title='bbox 1100 383 1192 414; x_wconf 90' lang='lat' dir='ltr'><em>inter</em></span> <span class='ocrx_word' id='word_1_60' title='bbox 1220 396 1291 415; x_wconf 82' lang='lat' dir='ltr'><em>sese</em></span> <span class='ocrx_word' id='word_1_61' title='bbox 1313 383 1454 426; x_wconf 83' lang='lat' dir='ltr'><em>gratiae</em></span> <span class='ocrx_word' id='word_1_62' title='bbox 1472 384 1706 426; x_wconf 73' lang='lat' dir='ltr'><em>pecuniaeque</em></span> <span class='ocrx_word' id='word_1_63' title='bbox 1730 382 1857 414; x_wconf 87' lang='lat' dir='ltr'><em>debitio</em></span> <span class='ocrx_word' id='word_1_64' title='bbox 1880 385 2077 424; x_wconf 88' lang='lat' dir='ltr'><em>uidebitur,</em></span> <span class='ocrx_word' id='word_1_65' title='bbox 2107 388 2138 418; x_wconf 81' lang='lat' dir='ltr'><em>si</em></span> 
     </span>
     <span class='ocr_line' id='line_1_7' title="bbox 264 433 2140 482; baseline 0 -11"><span class='ocrx_word' id='word_1_66' title='bbox 264 446 296 472; x_wconf 88' lang='lat' dir='ltr'><em>et</em></span> <span class='ocrx_word' id='word_1_67' title='bbox 314 437 463 482; x_wconf 80' lang='lat' dir='ltr'><em>pecunia</em></span> <span class='ocrx_word' id='word_1_68' title='bbox 486 435 624 478; x_wconf 90' lang='lat' dir='ltr'><em>quidem</em></span> <span class='ocrx_word' id='word_1_69' title='bbox 645 433 760 465; x_wconf 86' lang='lat' dir='ltr'><em>deberi</em></span> <span class='ocrx_word' id='word_1_70' title='bbox 783 434 922 466; x_wconf 82' lang='lat' dir='ltr'><em>dicatur</em></span> <span class='ocrx_word' id='word_1_71' title='bbox 944 440 977 466; x_wconf 88' lang='lat' dir='ltr'><em>et</em></span> <span class='ocrx_word' id='word_1_72' title='bbox 996 436 1139 478; x_wconf 83' lang='lat' dir='ltr'><em>gratia,</em></span> <span class='ocrx_word' id='word_1_73' title='bbox 1161 442 1212 468; x_wconf 86' lang='lat' dir='ltr'><em>set</em></span> <span class='ocrx_word' id='word_1_74' title='bbox 1235 437 1320 480; x_wconf 84' lang='lat' dir='ltr'><em>quid</em></span> <span class='ocrx_word' id='word_1_75' title='bbox 1341 437 1479 468; x_wconf 87' lang='lat' dir='ltr'><em>eueniat</em></span> <span class='ocrx_word' id='word_1_76' title='bbox 1501 437 1537 468; x_wconf 87' lang='lat' dir='ltr'><em>in</em></span> <span class='ocrx_word' id='word_1_77' title='bbox 1552 436 1704 479; x_wconf 78' lang='lat' dir='ltr'><em>pecunia</em></span> <span class='ocrx_word' id='word_1_78' title='bbox 1726 435 1841 467; x_wconf 88' lang='lat' dir='ltr'><em>debita</em></span> <span class='ocrx_word' id='word_1_79' title='bbox 1863 437 2032 477; x_wconf 87' lang='lat' dir='ltr'><em>solutaue,</em></span> <span class='ocrx_word' id='word_1_80' title='bbox 2055 439 2140 482; x_wconf 89' lang='lat' dir='ltr'><em>quid</em></span> 
     </span>
     <span class='ocr_line' id='line_1_8' title="bbox 264 486 2139 531; baseline 0 -8"><span class='ocrx_word' id='word_1_81' title='bbox 264 497 382 524; x_wconf 80' lang='lat' dir='ltr'><em>contra</em></span> <span class='ocrx_word' id='word_1_82' title='bbox 411 489 447 519; x_wconf 86' lang='lat' dir='ltr'><em>in</em></span> <span class='ocrx_word' id='word_1_83' title='bbox 467 488 591 530; x_wconf 80' lang='lat' dir='ltr'><em>gratia</em></span> <span class='ocrx_word' id='word_1_84' title='bbox 613 486 728 519; x_wconf 84' lang='lat' dir='ltr'><em>debita</em></span> <span class='ocrx_word' id='word_1_85' title='bbox 750 487 951 525; x_wconf 80' lang='lat' dir='ltr'><em>redditaue,</em></span> <span class='ocrx_word' id='word_1_86' title='bbox 979 487 1163 520; x_wconf 78' lang='lat' dir='ltr'><em>debitionis</em></span> <span class='ocrx_word' id='word_1_87' title='bbox 1190 489 1293 521; x_wconf 88' lang='lat' dir='ltr'><em>uerbo</em></span> <span class='ocrx_word' id='word_1_88' title='bbox 1316 489 1491 531; x_wconf 80' lang='lat' dir='ltr'><em>utrimque</em></span> <span class='ocrx_word' id='word_1_89' title='bbox 1519 494 1657 520; x_wconf 82' lang='lat' dir='ltr'><em>seruato</em></span> <span class='ocrx_word' id='word_1_90' title='bbox 1682 489 1886 521; x_wconf 73' lang='lat' dir='ltr'><em>disseratur.</em></span> <span class='ocrx_word' id='word_1_91' title='bbox 1930 489 2046 522; x_wconf 88' lang='lat' dir='ltr'><em>Cicero</em></span> <span class='ocrx_word' id='word_1_92' title='bbox 2074 503 2139 523; x_wconf 88' lang='lat' dir='ltr'><em>au-</em></span> 
     </span>
     <span class='ocr_line' id='line_1_9' title="bbox 263 539 2140 584; baseline -0.001 -8"><span class='ocrx_word' id='word_1_93' title='bbox 263 551 347 581; x_wconf 70' lang='lat' dir='ltr'><em>tem,</em></span> <span class='ocrx_word' id='word_1_94' title='bbox 383 541 516 584; x_wconf 83' lang='lat' dir='ltr'><em>inquit,</em></span> <span class='ocrx_word' id='word_1_95' title='bbox 555 552 658 583; x_wconf 89' lang='lat' dir='ltr'><em>quom</em></span> <span class='ocrx_word' id='word_1_96' title='bbox 685 539 826 581; x_wconf 83' lang='lat' dir='ltr'><em>gratiae</em></span> <span class='ocrx_word' id='word_1_97' title='bbox 845 540 1079 583; x_wconf 80' lang='lat' dir='ltr'><em>pecuniaeque</em></span> <span class='ocrx_word' id='word_1_98' title='bbox 1103 541 1308 573; x_wconf 80' lang='lat' dir='ltr'><em>debitionem</em></span> <span class='ocrx_word' id='word_1_99' title='bbox 1330 541 1534 573; x_wconf 78' lang='lat' dir='ltr'><em>dissimilem</em></span> <span class='ocrx_word' id='word_1_100' title='bbox 1555 554 1626 573; x_wconf 81' lang='lat' dir='ltr'><em>esse</em></span> <span class='ocrx_word' id='word_1_101' title='bbox 1647 541 1810 579; x_wconf 78' lang='lat' dir='ltr'><em>dixisset,</em></span> <span class='ocrx_word' id='word_1_102' title='bbox 1842 542 1984 584; x_wconf 83' lang='lat' dir='ltr'><em>eiusque</em></span> <span class='ocrx_word' id='word_1_103' title='bbox 2005 548 2140 575; x_wconf 85' lang='lat' dir='ltr'><em>senten—</em></span> 
     </span>
     <span class='ocr_line' id='line_1_10' title="bbox 262 592 2139 638; baseline -0.001 -11"><span class='ocrx_word' id='word_1_104' title='bbox 262 597 331 628; x_wconf 82' lang='lat' dir='ltr'><em>tiae</em></span> <span class='ocrx_word' id='word_1_105' title='bbox 361 595 529 626; x_wconf 87' lang='lat' dir='ltr'><em>rationem</em></span> <span class='ocrx_word' id='word_1_106' title='bbox 562 593 738 629; x_wconf 84' lang='lat' dir='ltr'><em>redderet,</em></span> <span class='ocrx_word' id='word_1_107' title='bbox 771 592 914 624; x_wconf 87' lang='lat' dir='ltr'><em>uerbum</em></span> <span class='ocrx_word' id='word_1_108' title='bbox 941 592 1065 625; x_wconf 89' lang='lat' dir='ltr'><em>debet</em></span> <span class='ocrx_word' id='word_1_109' title='bbox 1093 595 1130 626; x_wconf 89' lang='lat' dir='ltr'><em>in</em></span> <span class='ocrx_word' id='word_1_110' title='bbox 1148 595 1300 638; x_wconf 78' lang='lat' dir='ltr'><em>pecunia</em></span> <span class='ocrx_word' id='word_1_111' title='bbox 1316 594 1441 637; x_wconf 80' lang='lat' dir='ltr'><em>ponit3</em></span> <span class='ocrx_word' id='word_1_112' title='bbox 1474 594 1509 625; x_wconf 89' lang='lat' dir='ltr'><em>in</em></span> <span class='ocrx_word' id='word_1_113' title='bbox 1530 595 1654 637; x_wconf 84' lang='lat' dir='ltr'><em>gratia</em></span> <span class='ocrx_word' id='word_1_114' title='bbox 1676 593 1801 626; x_wconf 78' lang='lat' dir='ltr'><em>subicit</em></span> <span class='ocrx_word' id='word_1_115' title='bbox 1826 593 1956 625; x_wconf 77' lang='lat' dir='ltr'><em>habet</em></span> <span class='ocrx_word' id='word_1_116' title='bbox 1980 605 2046 637; x_wconf 82' lang='lat' dir='ltr'><em>pro</em></span> <span class='ocrx_word' id='word_1_117' title='bbox 2069 594 2139 626; x_wconf 86' lang='lat' dir='ltr'><em>de-</em></span> 
     </span>
     <span class='ocr_line' id='line_1_11' title="bbox 262 644 2140 691; baseline -0.001 -13"><span class='ocrx_word' id='word_1_118' title='bbox 262 648 348 679; x_wconf 84' lang='lat' dir='ltr'><em>bet.-</em></span> <span class='ocrx_word' id='word_1_119' title='bbox 383 647 434 677; x_wconf 86' lang='lat' dir='ltr'><em>ita</em></span> <span class='ocrx_word' id='word_1_120' title='bbox 456 646 547 677; x_wconf 85' lang='lat' dir='ltr'><em>enim</em></span> <span class='ocrx_word' id='word_1_121' title='bbox 569 646 672 684; x_wconf 80' lang='lat' dir='ltr'><em>dicit,</em></span> <span class='ocrx_word' id='word_1_122' title='bbox 709 644 913 677; x_wconf 76' lang='lat' dir='ltr'><em>Gratiam</em></span> <span class='ocrx_word' id='word_1_123' title='bbox 939 651 1084 678; x_wconf 87' lang='lat' dir='ltr'><em>autem</em></span> <span class='ocrx_word' id='word_1_124' title='bbox 1112 652 1150 678; x_wconf 91' lang='lat' dir='ltr'><em>et</em></span> <span class='ocrx_word' id='word_1_125' title='bbox 1181 647 1255 691; x_wconf 83' lang='lat' dir='ltr'><em>qui</em></span> <span class='ocrx_word' id='word_1_126' title='bbox 1288 645 1452 689; x_wconf 78' lang='lat' dir='ltr'><em>refert,</em></span> <span class='ocrx_word' id='word_1_127' title='bbox 1487 647 1631 685; x_wconf 72' lang='lat' dir='ltr'><em>habet,</em></span> <span class='ocrx_word' id='word_1_128' title='bbox 1669 653 1707 679; x_wconf 87' lang='lat' dir='ltr'><em>et</em></span> <span class='ocrx_word' id='word_1_129' title='bbox 1736 646 1809 689; x_wconf 86' lang='lat' dir='ltr'><em>qui</em></span> <span class='ocrx_word' id='word_1_130' title='bbox 1836 645 1984 684; x_wconf 75' lang='lat' dir='ltr'><em>habet,</em></span> <span class='ocrx_word' id='word_1_131' title='bbox 2023 646 2067 677; x_wconf 86' lang='lat' dir='ltr'><em>in</em></span> <span class='ocrx_word' id='word_1_132' title='bbox 2095 658 2140 678; x_wconf 91' lang='lat' dir='ltr'><em>eo</em></span> 
     </span>
     <span class='ocr_line' id='line_1_12' title="bbox 264 696 2140 743; baseline -0.001 -12"><span class='ocrx_word' id='word_1_133' title='bbox 264 701 363 743; x_wconf 79' lang='lat' dir='ltr'><em>ipso</em></span> <span class='ocrx_word' id='word_1_134' title='bbox 389 711 408 742; x_wconf 82' lang='lat' dir='ltr'><em>q</em></span> <span class='ocrx_word' id='word_1_135' title='bbox 422 698 504 729; x_wconf 85' lang='lat' dir='ltr'><em>uod</em></span> <span class='ocrx_word' id='word_1_136' title='bbox 524 696 674 735; x_wconf 75' lang='lat' dir='ltr'><em>habet,</em></span> <span class='ocrx_word' id='word_1_137' title='bbox 704 696 855 741; x_wconf 81' lang='lat' dir='ltr'><em>refert.</em></span> <span class='ocrx_word' id='word_1_138' title='bbox 899 699 958 730; x_wconf 89' lang='lat' dir='ltr'><em>Set</em></span> <span class='ocrx_word' id='word_1_139' title='bbox 980 699 1018 731; x_wconf 89' lang='lat' dir='ltr'><em>id</em></span> <span class='ocrx_word' id='word_1_140' title='bbox 1039 699 1181 731; x_wconf 88' lang='lat' dir='ltr'><em>uerbum</em></span> <span class='ocrx_word' id='word_1_141' title='bbox 1204 712 1280 731; x_wconf 77' lang='lat' dir='ltr'><em>cum</em></span> <span class='ocrx_word' id='word_1_142' title='bbox 1297 700 1479 742; x_wconf 77' lang='lat' dir='ltr'><em>proposita</em></span> <span class='ocrx_word' id='word_1_143' title='bbox 1499 700 1745 742; x_wconf 81' lang='lat' dir='ltr'><em>conparatione</em></span> <span class='ocrx_word' id='word_1_144' title='bbox 1766 710 1833 730; x_wconf 88' lang='lat' dir='ltr'><em>non</em></span> <span class='ocrx_word' id='word_1_145' title='bbox 1856 699 1941 730; x_wconf 86' lang='lat' dir='ltr'><em>satis</em></span> <span class='ocrx_word' id='word_1_146' title='bbox 1963 699 2140 735; x_wconf 76' lang='lat' dir='ltr'><em>conuenit,-</em></span> 
     </span>
     <span class='ocr_line' id='line_1_13' title="bbox 261 749 2142 796; baseline -0.001 -12"><span class='ocrx_word' id='word_1_147' title='bbox 261 751 390 784; x_wconf 82' lang='lat' dir='ltr'><em>debitio</em></span> <span class='ocrx_word' id='word_1_148' title='bbox 414 751 504 782; x_wconf 89' lang='lat' dir='ltr'><em>enim</em></span> <span class='ocrx_word' id='word_1_149' title='bbox 518 749 679 792; x_wconf 81' lang='lat' dir='ltr'><em>gratiae,</em></span> <span class='ocrx_word' id='word_1_150' title='bbox 715 762 781 781; x_wconf 85' lang='lat' dir='ltr'><em>non</em></span> <span class='ocrx_word' id='word_1_151' title='bbox 805 751 936 783; x_wconf 78' lang='lat' dir='ltr'><em>habitio</em></span> <span class='ocrx_word' id='word_1_152' title='bbox 957 764 1035 784; x_wconf 88' lang='lat' dir='ltr'><em>cum</em></span> <span class='ocrx_word' id='word_1_153' title='bbox 1059 753 1212 796; x_wconf 80' lang='lat' dir='ltr'><em>pecunia</em></span> <span class='ocrx_word' id='word_1_154' title='bbox 1244 750 1442 794; x_wconf 59' lang='lat' dir='ltr'><em>confertum</em></span> <span class='ocrx_word' id='word_1_155' title='bbox 1474 758 1578 795; x_wconf 85' lang='lat' dir='ltr'><em>atque</em></span> <span class='ocrx_word' id='word_1_156' title='bbox 1599 753 1674 784; x_wconf 89' lang='lat' dir='ltr'><em>ideo</em></span> <span class='ocrx_word' id='word_1_157' title='bbox 1697 763 1900 794; x_wconf 82' lang='lat' dir='ltr'><em>consequens</em></span> <span class='ocrx_word' id='word_1_158' title='bbox 1924 752 2061 795; x_wconf 87' lang='lat' dir='ltr'><em>quidem</em></span> <span class='ocrx_word' id='word_1_159' title='bbox 2072 750 2142 795; x_wconf 88' lang='lat' dir='ltr'><em>fu-</em></span> 
     </span>
     <span class='ocr_line' id='line_1_14' title="bbox 263 803 2141 848; baseline 0 -12"><span class='ocrx_word' id='word_1_160' title='bbox 263 810 340 836; x_wconf 82' lang='lat' dir='ltr'><em>erat</em></span> <span class='ocrx_word' id='word_1_161' title='bbox 364 804 413 835; x_wconf 82' lang='lat' dir='ltr'><em>sic</em></span> <span class='ocrx_word' id='word_1_162' title='bbox 435 803 566 835; x_wconf 80' lang='lat' dir='ltr'><em>dicere.-</em></span> <span class='ocrx_word' id='word_1_163' title='bbox 600 808 638 834; x_wconf 86' lang='lat' dir='ltr'><em>et</em></span> <span class='ocrx_word' id='word_1_164' title='bbox 662 804 735 845; x_wconf 87' lang='lat' dir='ltr'><em>qui</em></span> <span class='ocrx_word' id='word_1_165' title='bbox 756 803 896 842; x_wconf 91' lang='lat' dir='ltr'><em>debet,</em></span> <span class='ocrx_word' id='word_1_166' title='bbox 927 805 970 837; x_wconf 89' lang='lat' dir='ltr'><em>in</em></span> <span class='ocrx_word' id='word_1_167' title='bbox 993 817 1037 837; x_wconf 91' lang='lat' dir='ltr'><em>eo</em></span> <span class='ocrx_word' id='word_1_168' title='bbox 1062 806 1154 848; x_wconf 77' lang='lat' dir='ltr'><em>ipso</em></span> <span class='ocrx_word' id='word_1_169' title='bbox 1178 805 1292 848; x_wconf 88' lang='lat' dir='ltr'><em>quod</em></span> <span class='ocrx_word' id='word_1_170' title='bbox 1313 804 1456 843; x_wconf 87' lang='lat' dir='ltr'><em>debet,</em></span> <span class='ocrx_word' id='word_1_171' title='bbox 1481 804 1633 848; x_wconf 86' lang='lat' dir='ltr'><em>refert.</em></span> <span class='ocrx_word' id='word_1_172' title='bbox 1662 805 1754 848; x_wconf 87' lang='lat' dir='ltr'><em>quod</em></span> <span class='ocrx_word' id='word_1_173' title='bbox 1774 803 1963 836; x_wconf 83' lang='lat' dir='ltr'><em>absurdum</em></span> <span class='ocrx_word' id='word_1_174' title='bbox 1984 809 2017 835; x_wconf 90' lang='lat' dir='ltr'><em>et</em></span> <span class='ocrx_word' id='word_1_175' title='bbox 2037 805 2141 836; x_wconf 84' lang='lat' dir='ltr'><em>nimis</em></span> 
     </span>
     <span class='ocr_line' id='line_1_15' title="bbox 261 854 2143 901; baseline -0.001 -12"><span class='ocrx_word' id='word_1_176' title='bbox 261 861 416 889; x_wconf 79' lang='lat' dir='ltr'><em>coactum</em></span> <span class='ocrx_word' id='word_1_177' title='bbox 429 854 549 898; x_wconf 82' lang='lat' dir='ltr'><em>foret,</em></span> <span class='ocrx_word' id='word_1_178' title='bbox 587 856 618 887; x_wconf 87' lang='lat' dir='ltr'><em>si</em></span> <span class='ocrx_word' id='word_1_179' title='bbox 640 856 792 887; x_wconf 81' lang='lat' dir='ltr'><em>noudum</em></span> <span class='ocrx_word' id='word_1_180' title='bbox 815 857 987 889; x_wconf 83' lang='lat' dir='ltr'><em>redditam</em></span> <span class='ocrx_word' id='word_1_181' title='bbox 1005 858 1163 900; x_wconf 79' lang='lat' dir='ltr'><em>gratiam</em></span> <span class='ocrx_word' id='word_1_182' title='bbox 1185 870 1223 890; x_wconf 92' lang='lat' dir='ltr'><em>eo</em></span> <span class='ocrx_word' id='word_1_183' title='bbox 1246 858 1320 901; x_wconf 79' lang='lat' dir='ltr'><em>ipso</em></span> <span class='ocrx_word' id='word_1_184' title='bbox 1343 858 1517 889; x_wconf 75' lang='lat' dir='ltr'><em>redditam</em></span> <span class='ocrx_word' id='word_1_185' title='bbox 1538 857 1686 895; x_wconf 86' lang='lat' dir='ltr'><em>diceret,</em></span> <span class='ocrx_word' id='word_1_186' title='bbox 1723 857 1806 900; x_wconf 85' lang='lat' dir='ltr'><em>quia</em></span> <span class='ocrx_word' id='word_1_187' title='bbox 1827 855 1977 888; x_wconf 86' lang='lat' dir='ltr'><em>debetur.</em></span> <span class='ocrx_word' id='word_1_188' title='bbox 2021 856 2143 888; x_wconf 88' lang='lat' dir='ltr'><em>Inmu-</em></span> 
     </span>
     <span class='ocr_line' id='line_1_16' title="bbox 262 908 2142 954; baseline 0 -15"><span class='ocrx_word' id='word_1_189' title='bbox 262 909 354 940; x_wconf 85' lang='lat' dir='ltr'><em>tauit</em></span> <span class='ocrx_word' id='word_1_190' title='bbox 378 920 476 950; x_wconf 76' lang='lat' dir='ltr'><em>ergo,</em></span> <span class='ocrx_word' id='word_1_191' title='bbox 506 909 641 951; x_wconf 81' lang='lat' dir='ltr'><em>inquit,</em></span> <span class='ocrx_word' id='word_1_192' title='bbox 670 914 703 939; x_wconf 85' lang='lat' dir='ltr'><em>et</em></span> <span class='ocrx_word' id='word_1_193' title='bbox 726 909 881 941; x_wconf 78' lang='lat' dir='ltr'><em>subdidit</em></span> <span class='ocrx_word' id='word_1_194' title='bbox 903 910 1046 942; x_wconf 90' lang='lat' dir='ltr'><em>uerbum</em></span> <span class='ocrx_word' id='word_1_195' title='bbox 1068 911 1100 942; x_wconf 89' lang='lat' dir='ltr'><em>ei</em></span> <span class='ocrx_word' id='word_1_196' title='bbox 1122 910 1242 949; x_wconf 85' lang='lat' dir='ltr'><em>uerbo,</em></span> <span class='ocrx_word' id='word_1_197' title='bbox 1274 911 1366 954; x_wconf 87' lang='lat' dir='ltr'><em>quod</em></span> <span class='ocrx_word' id='word_1_198' title='bbox 1387 911 1566 948; x_wconf 86' lang='lat' dir='ltr'><em>omiserat,</em></span> <span class='ocrx_word' id='word_1_199' title='bbox 1587 908 1818 952; x_wconf 85' lang='lat' dir='ltr'><em>finitumum,</em></span> <span class='ocrx_word' id='word_1_200' title='bbox 1848 915 1887 942; x_wconf 92' lang='lat' dir='ltr'><em>ut</em></span> <span class='ocrx_word' id='word_1_201' title='bbox 1909 909 2087 941; x_wconf 87' lang='lat' dir='ltr'><em>uideretur</em></span> <span class='ocrx_word' id='word_1_202' title='bbox 2109 913 2142 940; x_wconf 90' lang='lat' dir='ltr'><em>et</em></span> 
     </span>
     <span class='ocr_line' id='line_1_17' title="bbox 261 961 2142 1006; baseline 0 -14"><span class='ocrx_word' id='word_1_203' title='bbox 261 973 397 992; x_wconf 84' lang='lat' dir='ltr'><em>sensum</em></span> <span class='ocrx_word' id='word_1_204' title='bbox 419 961 602 993; x_wconf 77' lang='lat' dir='ltr'><em>debitionis</em></span> <span class='ocrx_word' id='word_1_205' title='bbox 625 961 781 992; x_wconf 78' lang='lat' dir='ltr'><em>conlatae</em></span> <span class='ocrx_word' id='word_1_206' title='bbox 803 974 869 993; x_wconf 89' lang='lat' dir='ltr'><em>non</em></span> <span class='ocrx_word' id='word_1_207' title='bbox 885 963 1064 1006; x_wconf 78' lang='lat' dir='ltr'><em>reliquisse</em></span> <span class='ocrx_word' id='word_1_208' title='bbox 1083 968 1115 994; x_wconf 89' lang='lat' dir='ltr'><em>et</em></span> <span class='ocrx_word' id='word_1_209' title='bbox 1137 965 1402 995; x_wconf 70' lang='lat' dir='ltr'><em>concinnitatem</em></span> <span class='ocrx_word' id='word_1_210' title='bbox 1423 963 1612 995; x_wconf 83' lang='lat' dir='ltr'><em>sententiae</em></span> <span class='ocrx_word' id='word_1_211' title='bbox 1636 963 1830 994; x_wconf 79' lang='lat' dir='ltr'><em>retinuisse.</em></span> <span class='ocrx_word' id='word_1_212' title='bbox 1873 962 1934 994; x_wconf 81' lang='lat' dir='ltr'><em>Ad</em></span> <span class='ocrx_word' id='word_1_213' title='bbox 1954 962 2044 994; x_wconf 78' lang='lat' dir='ltr'><em>hunc</em></span> <span class='ocrx_word' id='word_1_214' title='bbox 2069 973 2142 993; x_wconf 92' lang='lat' dir='ltr'><em>mo-</em></span> 
     </span>
     <span class='ocr_line' id='line_1_18' title="bbox 261 1014 2143 1059; baseline 0.001 -15"><span class='ocrx_word' id='word_1_215' title='bbox 261 1014 344 1045; x_wconf 88' lang='lat' dir='ltr'><em>dum</em></span> <span class='ocrx_word' id='word_1_216' title='bbox 366 1014 529 1045; x_wconf 84' lang='lat' dir='ltr'><em>Iulianus</em></span> <span class='ocrx_word' id='word_1_217' title='bbox 555 1014 722 1045; x_wconf 83' lang='lat' dir='ltr'><em>enodabat</em></span> <span class='ocrx_word' id='word_1_218' title='bbox 749 1015 1033 1059; x_wconf 74' lang='lat' dir='ltr'><em>diiudicabatque</em></span> <span class='ocrx_word' id='word_1_219' title='bbox 1055 1022 1211 1048; x_wconf 76' lang='lat' dir='ltr'><em>ueterum</em></span> <span class='ocrx_word' id='word_1_220' title='bbox 1234 1018 1443 1059; x_wconf 82' lang='lat' dir='ltr'><em>scriptorum</em></span> <span class='ocrx_word' id='word_1_221' title='bbox 1465 1016 1671 1053; x_wconf 74' lang='lat' dir='ltr'><em>sententias,</em></span> <span class='ocrx_word' id='word_1_222' title='bbox 1707 1027 1793 1058; x_wconf 82' lang='lat' dir='ltr'><em>quas</em></span> <span class='ocrx_word' id='word_1_223' title='bbox 1814 1021 1901 1058; x_wconf 79' lang='lat' dir='ltr'><em>aput</em></span> <span class='ocrx_word' id='word_1_224' title='bbox 1923 1027 1999 1046; x_wconf 85' lang='lat' dir='ltr'><em>eum</em></span> <span class='ocrx_word' id='word_1_225' title='bbox 2021 1015 2143 1047; x_wconf 88' lang='lat' dir='ltr'><em>adule-</em></span> 
     </span>
     <span class='ocr_line' id='line_1_19' title="bbox 263 1065 2143 1113; baseline 0.001 -15"><span class='ocrx_word' id='word_1_226' title='bbox 263 1072 393 1098; x_wconf 78' lang='lat' dir='ltr'><em>scentes</em></span> <span class='ocrx_word' id='word_1_227' title='bbox 416 1065 628 1098; x_wconf 81' lang='lat' dir='ltr'><em>lectitabant.</em></span> <span class='ocrx_word' id='word_1_228' title='bbox 649 1067 695 1097; x_wconf 89' lang='grc' dir='ltr'><em>Α.</em></span> <span class='ocrx_word' id='word_1_229' title='bbox 721 1068 885 1098; x_wconf 63' lang='lat' dir='ltr'><em>GELLu‘s</em></span> <span class='ocrx_word' id='word_1_230' title='bbox 909 1069 954 1099; x_wconf 91' lang='lat' dir='ltr'><em>N.</em></span> <span class='ocrx_word' id='word_1_231' title='bbox 980 1068 1025 1100; x_wconf 80' lang='lat' dir='ltr'><em>A.</em></span> <span class='ocrx_word' id='word_1_232' title='bbox 1048 1068 1081 1107; x_wconf 92' lang='lat' dir='ltr'><em>I,</em></span> <span class='ocrx_word' id='word_1_233' title='bbox 1108 1068 1139 1100; x_wconf 75' lang='grc'><em>4.</em></span> <span class='ocrx_word' id='word_1_234' title='bbox 1184 1069 1379 1111; x_wconf 85' lang='lat' dir='ltr'><em>Legendum</em></span> <span class='ocrx_word' id='word_1_235' title='bbox 1403 1075 1466 1107; x_wconf 81' lang='lat' dir='ltr'><em>est,</em></span> <span class='ocrx_word' id='word_1_236' title='bbox 1491 1069 1551 1113; x_wconf 81' lang='lat' dir='ltr'><em>qui</em></span> <span class='ocrx_word' id='word_1_237' title='bbox 1571 1074 1688 1100; x_wconf 67' lang='lat' dir='ltr'><em>(uitem</em></span> <span class='ocrx_word' id='word_1_238' title='bbox 1708 1067 1818 1106; x_wconf 74' lang='lat' dir='ltr'><em>babet,</em></span> <span class='ocrx_word' id='word_1_239' title='bbox 1842 1078 1921 1104; x_wconf 84' lang='lat' dir='ltr'><em>non,</em></span> <span class='ocrx_word' id='word_1_240' title='bbox 1945 1068 2006 1111; x_wconf 88' lang='lat' dir='ltr'><em>qui</em></span> <span class='ocrx_word' id='word_1_241' title='bbox 2025 1073 2143 1100; x_wconf 85' lang='lat' dir='ltr'><em>autem</em></span> 
     </span>
     <span class='ocr_line' id='line_1_20' title="bbox 261 1119 2142 1164; baseline 0 -12"><span class='ocrx_word' id='word_1_242' title='bbox 261 1119 376 1157; x_wconf 86' lang='lat' dir='ltr'><em>debet,</em></span> <span class='ocrx_word' id='word_1_243' title='bbox 416 1119 576 1161; x_wconf 83' lang='lat' dir='ltr'><em>quidquid</em></span> <span class='ocrx_word' id='word_1_244' title='bbox 604 1125 684 1160; x_wconf 87' lang='lat' dir='ltr'><em>aput</em></span> <span class='ocrx_word' id='word_1_245' title='bbox 705 1119 750 1151; x_wconf 86' lang='lat' dir='ltr'><em>A.</em></span> <span class='ocrx_word' id='word_1_246' title='bbox 776 1120 927 1151; x_wconf 87' lang='lat' dir='ltr'><em>Gellium</em></span> <span class='ocrx_word' id='word_1_247' title='bbox 957 1121 1016 1151; x_wconf 89' lang='lat' dir='ltr'><em>lib.</em></span> <span class='ocrx_word' id='word_1_248' title='bbox 1039 1122 1065 1152; x_wconf 92' lang='lat' dir='ltr'><em>I.</em></span> <span class='ocrx_word' id='word_1_249' title='bbox 1088 1133 1159 1164; x_wconf 84' lang='lat' dir='ltr'><em>cap.</em></span> <span class='ocrx_word' id='word_1_250' title='bbox 1183 1121 1214 1152; x_wconf 80' lang='lat'><em>4.</em></span> <span class='ocrx_word' id='word_1_251' title='bbox 1238 1128 1405 1163; x_wconf 80' lang='lat' dir='ltr'><em>argutetur</em></span> <span class='ocrx_word' id='word_1_252' title='bbox 1427 1121 1596 1154; x_wconf 87' lang='lat' dir='ltr'><em>Antonius</em></span> <span class='ocrx_word' id='word_1_253' title='bbox 1622 1121 1745 1151; x_wconf 79' lang='lat' dir='ltr'><em>rhetor.</em></span> <span class='ocrx_word' id='word_1_254' title='bbox 1792 1120 1944 1153; x_wconf 82' lang='lat' dir='ltr'><em>Ostendit</em></span> <span class='ocrx_word' id='word_1_255' title='bbox 1966 1121 2057 1152; x_wconf 88' lang='lat' dir='ltr'><em>enim</em></span> <span class='ocrx_word' id='word_1_256' title='bbox 2082 1121 2142 1152; x_wconf 91' lang='lat' dir='ltr'><em>Ci-</em></span> 
     </span>
     <span class='ocr_line' id='line_1_21' title="bbox 264 1170 2143 1216; baseline 0.001 -14"><span class='ocrx_word' id='word_1_257' title='bbox 264 1183 360 1210; x_wconf 88' lang='lat' dir='ltr'><em>cero,</em></span> <span class='ocrx_word' id='word_1_258' title='bbox 390 1183 429 1202; x_wconf 88' lang='lat' dir='ltr'><em>eo</em></span> <span class='ocrx_word' id='word_1_259' title='bbox 451 1170 647 1202; x_wconf 73' lang='lat' dir='ltr'><em>dissimilem</em></span> <span class='ocrx_word' id='word_1_260' title='bbox 670 1182 739 1202; x_wconf 81' lang='lat' dir='ltr'><em>esse</em></span> <span class='ocrx_word' id='word_1_261' title='bbox 761 1173 923 1214; x_wconf 85' lang='lat' dir='ltr'><em>pecuniae</em></span> <span class='ocrx_word' id='word_1_262' title='bbox 945 1173 1146 1205; x_wconf 79' lang='lat' dir='ltr'><em>debitionem</em></span> <span class='ocrx_word' id='word_1_263' title='bbox 1169 1174 1326 1206; x_wconf 86' lang='lat' dir='ltr'><em>debitioni</em></span> <span class='ocrx_word' id='word_1_264' title='bbox 1351 1174 1490 1216; x_wconf 77' lang='lat' dir='ltr'><em>gratiae,</em></span> <span class='ocrx_word' id='word_1_265' title='bbox 1522 1174 1608 1216; x_wconf 87' lang='lat' dir='ltr'><em>quod</em></span> <span class='ocrx_word' id='word_1_266' title='bbox 1632 1174 1689 1216; x_wconf 92' lang='lat' dir='ltr'><em>qui</em></span> <span class='ocrx_word' id='word_1_267' title='bbox 1711 1173 1888 1216; x_wconf 84' lang='lat' dir='ltr'><em>pecuniam</em></span> <span class='ocrx_word' id='word_1_268' title='bbox 1910 1173 2053 1205; x_wconf 84' lang='lat' dir='ltr'><em>debitam</em></span> <span class='ocrx_word' id='word_1_269' title='bbox 2074 1173 2143 1204; x_wconf 84' lang='lat' dir='ltr'><em>dis-</em></span> 
     </span>
     <span class='ocr_line' id='line_1_22' title="bbox 262 1223 2142 1268; baseline 0.001 -13"><span class='ocrx_word' id='word_1_270' title='bbox 262 1224 379 1261; x_wconf 82' lang='lat' dir='ltr'><em>soluit,</em></span> <span class='ocrx_word' id='word_1_271' title='bbox 413 1224 522 1254; x_wconf 75' lang='lat' dir='ltr'><em>statim</em></span> <span class='ocrx_word' id='word_1_272' title='bbox 544 1235 613 1254; x_wconf 91' lang='lat' dir='ltr'><em>non</em></span> <span class='ocrx_word' id='word_1_273' title='bbox 639 1223 735 1255; x_wconf 86' lang='lat' dir='ltr'><em>debet</em></span> <span class='ocrx_word' id='word_1_274' title='bbox 757 1225 845 1266; x_wconf 88' lang='lat' dir='ltr'><em>quod</em></span> <span class='ocrx_word' id='word_1_275' title='bbox 867 1225 1034 1264; x_wconf 74' lang='lat' dir='ltr'><em>dissoluit3</em></span> <span class='ocrx_word' id='word_1_276' title='bbox 1064 1226 1122 1268; x_wconf 90' lang='lat' dir='ltr'><em>qui</em></span> <span class='ocrx_word' id='word_1_277' title='bbox 1143 1233 1255 1257; x_wconf 86' lang='lat' dir='ltr'><em>autem</em></span> <span class='ocrx_word' id='word_1_278' title='bbox 1277 1226 1394 1265; x_wconf 79' lang='lat' dir='ltr'><em>habet,</em></span> <span class='ocrx_word' id='word_1_279' title='bbox 1425 1227 1543 1258; x_wconf 78' lang='lat' dir='ltr'><em>retinet</em></span> <span class='ocrx_word' id='word_1_280' title='bbox 1566 1238 1620 1258; x_wconf 86' lang='lat' dir='ltr'><em>aes</em></span> <span class='ocrx_word' id='word_1_281' title='bbox 1642 1226 1808 1264; x_wconf 79' lang='lat' dir='ltr'><em>alienum3</em></span> <span class='ocrx_word' id='word_1_282' title='bbox 1840 1226 1876 1257; x_wconf 89' lang='lat' dir='ltr'><em>in</em></span> <span class='ocrx_word' id='word_1_283' title='bbox 1899 1226 2022 1268; x_wconf 86' lang='lat' dir='ltr'><em>gratiae</em></span> <span class='ocrx_word' id='word_1_284' title='bbox 2045 1225 2142 1257; x_wconf 86' lang='lat' dir='ltr'><em>debi-</em></span> 
     </span>
     <span class='ocr_line' id='line_1_23' title="bbox 263 1277 2141 1321; baseline 0 -13"><span class='ocrx_word' id='word_1_285' title='bbox 263 1278 352 1308; x_wconf 88' lang='lat' dir='ltr'><em>tione</em></span> <span class='ocrx_word' id='word_1_286' title='bbox 375 1277 470 1308; x_wconf 86' lang='lat' dir='ltr'><em>aliter</em></span> <span class='ocrx_word' id='word_1_287' title='bbox 493 1283 549 1308; x_wconf 83' lang='lat' dir='ltr'><em>est.</em></span> <span class='ocrx_word' id='word_1_288' title='bbox 594 1277 685 1308; x_wconf 76' lang='lat' dir='ltr'><em>Nam</em></span> <span class='ocrx_word' id='word_1_289' title='bbox 708 1283 739 1308; x_wconf 89' lang='lat' dir='ltr'><em>et</em></span> <span class='ocrx_word' id='word_1_290' title='bbox 762 1277 819 1319; x_wconf 84' lang='lat' dir='ltr'><em>qui</em></span> <span class='ocrx_word' id='word_1_291' title='bbox 839 1278 977 1320; x_wconf 80' lang='lat' dir='ltr'><em>gratiam</em></span> <span class='ocrx_word' id='word_1_292' title='bbox 997 1278 1140 1310; x_wconf 84' lang='lat' dir='ltr'><em>debitam</em></span> <span class='ocrx_word' id='word_1_293' title='bbox 1163 1279 1284 1317; x_wconf 86' lang='lat' dir='ltr'><em>refert,</em></span> <span class='ocrx_word' id='word_1_294' title='bbox 1323 1279 1439 1317; x_wconf 79' lang='lat' dir='ltr'><em>habet,</em></span> <span class='ocrx_word' id='word_1_295' title='bbox 1481 1285 1512 1309; x_wconf 90' lang='lat' dir='ltr'><em>et</em></span> <span class='ocrx_word' id='word_1_296' title='bbox 1542 1280 1600 1321; x_wconf 89' lang='lat' dir='ltr'><em>qui</em></span> <span class='ocrx_word' id='word_1_297' title='bbox 1622 1279 1736 1317; x_wconf 87' lang='lat' dir='ltr'><em>habet,</em></span> <span class='ocrx_word' id='word_1_298' title='bbox 1776 1278 1889 1310; x_wconf 83' lang='lat' dir='ltr'><em>refert.</em></span> <span class='ocrx_word' id='word_1_299' title='bbox 1934 1279 2021 1310; x_wconf 84' lang='lat' dir='ltr'><em>Tota</em></span> <span class='ocrx_word' id='word_1_300' title='bbox 2042 1278 2141 1309; x_wconf 72' lang='lat' dir='ltr'><em>huius</em></span> 
     </span>
     <span class='ocr_line' id='line_1_24' title="bbox 263 1329 2142 1377; baseline 0.001 -17"><span class='ocrx_word' id='word_1_301' title='bbox 263 1336 356 1361; x_wconf 84' lang='lat' dir='ltr'><em>acute</em></span> <span class='ocrx_word' id='word_1_302' title='bbox 386 1329 462 1360; x_wconf 80' lang='lat' dir='ltr'><em>dicti</em></span> <span class='ocrx_word' id='word_1_303' title='bbox 488 1329 540 1360; x_wconf 87' lang='lat' dir='ltr'><em>uis</em></span> <span class='ocrx_word' id='word_1_304' title='bbox 562 1336 609 1361; x_wconf 83' lang='lat' dir='ltr'><em>est</em></span> <span class='ocrx_word' id='word_1_305' title='bbox 641 1329 677 1360; x_wconf 86' lang='lat' dir='ltr'><em>iu</em></span> <span class='ocrx_word' id='word_1_306' title='bbox 698 1330 801 1362; x_wconf 90' lang='lat' dir='ltr'><em>uerbo</em></span> <span class='ocrx_word' id='word_1_307' title='bbox 826 1331 968 1370; x_wconf 73' lang='lat' dir='ltr'><em>habere,</em></span> <span class='ocrx_word' id='word_1_308' title='bbox 999 1331 1055 1362; x_wconf 87' lang='lat' dir='ltr'><em>uel</em></span> <span class='ocrx_word' id='word_1_309' title='bbox 1076 1330 1188 1373; x_wconf 85' lang='lat' dir='ltr'><em>potius</em></span> <span class='ocrx_word' id='word_1_310' title='bbox 1212 1331 1246 1362; x_wconf 89' lang='lat' dir='ltr'><em>in</em></span> <span class='ocrx_word' id='word_1_311' title='bbox 1270 1331 1321 1362; x_wconf 88' lang='lat' dir='ltr'><em>his</em></span> <span class='ocrx_word' id='word_1_312' title='bbox 1345 1331 1488 1370; x_wconf 79' lang='lat' dir='ltr'><em>(luobus,</em></span> <span class='ocrx_word' id='word_1_313' title='bbox 1522 1333 1644 1365; x_wconf 76' lang='lat' dir='ltr'><em>habere</em></span> <span class='ocrx_word' id='word_1_314' title='bbox 1667 1333 1826 1377; x_wconf 84' lang='lat' dir='ltr'><em>gratiam</em></span> <span class='ocrx_word' id='word_1_315' title='bbox 1848 1338 1882 1363; x_wconf 86' lang='lat' dir='ltr'><em>et</em></span> <span class='ocrx_word' id='word_1_316' title='bbox 1902 1330 2033 1374; x_wconf 85' lang='lat' dir='ltr'><em>referre</em></span> <span class='ocrx_word' id='word_1_317' title='bbox 2053 1343 2142 1374; x_wconf 81' lang='lat' dir='ltr'><em>gra-</em></span> 
     </span>
     <span class='ocr_line' id='line_1_25' title="bbox 263 1382 2142 1432; baseline 0 -18"><span class='ocrx_word' id='word_1_318' title='bbox 263 1383 360 1415; x_wconf 86' lang='lat' dir='ltr'><em>tiam.</em></span> <span class='ocrx_word' id='word_1_319' title='bbox 405 1382 501 1423; x_wconf 86' lang='lat' dir='ltr'><em>Quae</em></span> <span class='ocrx_word' id='word_1_320' title='bbox 524 1383 586 1413; x_wconf 83' lang='lat' dir='ltr'><em>hac</em></span> <span class='ocrx_word' id='word_1_321' title='bbox 607 1394 643 1414; x_wconf 83' lang='lat' dir='ltr'><em>re</em></span> <span class='ocrx_word' id='word_1_322' title='bbox 665 1383 751 1414; x_wconf 82' lang='lat' dir='ltr'><em>inter</em></span> <span class='ocrx_word' id='word_1_323' title='bbox 773 1394 807 1414; x_wconf 84' lang='lat' dir='ltr'><em>se</em></span> <span class='ocrx_word' id='word_1_324' title='bbox 826 1383 993 1423; x_wconf 84' lang='lat' dir='ltr'><em>differunt,</em></span> <span class='ocrx_word' id='word_1_325' title='bbox 1019 1383 1105 1425; x_wconf 86' lang='lat' dir='ltr'><em>quod</em></span> <span class='ocrx_word' id='word_1_326' title='bbox 1126 1383 1288 1415; x_wconf 87' lang='lat' dir='ltr'><em>habemus</em></span> <span class='ocrx_word' id='word_1_327' title='bbox 1310 1385 1448 1427; x_wconf 80' lang='lat' dir='ltr'><em>gratiam</em></span> <span class='ocrx_word' id='word_1_328' title='bbox 1470 1385 1600 1423; x_wconf 83' lang='lat' dir='ltr'><em>animo,</em></span> <span class='ocrx_word' id='word_1_329' title='bbox 1624 1386 1802 1432; x_wconf 39' lang='lat' dir='ltr'><em>referimus</em></span> <span class='ocrx_word' id='word_1_330' title='bbox 1824 1391 1935 1416; x_wconf 90' lang='lat' dir='ltr'><em>autem</em></span> <span class='ocrx_word' id='word_1_331' title='bbox 1958 1383 2054 1414; x_wconf 84' lang='lat' dir='ltr'><em>facto.</em></span> <span class='ocrx_word' id='word_1_332' title='bbox 2099 1384 2142 1415; x_wconf 87' lang='lat' dir='ltr'><em>Et</em></span> 
     </span>
     <span class='ocr_line' id='line_1_26' title="bbox 264 1435 2143 1479; baseline 0.001 -13"><span class='ocrx_word' id='word_1_333' title='bbox 264 1442 375 1466; x_wconf 84' lang='lat' dir='ltr'><em>tamen</em></span> <span class='ocrx_word' id='word_1_334' title='bbox 399 1435 457 1477; x_wconf 87' lang='lat' dir='ltr'><em>qui</em></span> <span class='ocrx_word' id='word_1_335' title='bbox 480 1435 575 1466; x_wconf 84' lang='lat' dir='ltr'><em>habet</em></span> <span class='ocrx_word' id='word_1_336' title='bbox 599 1435 756 1478; x_wconf 78' lang='lat' dir='ltr'><em>gratiam,</em></span> <span class='ocrx_word' id='word_1_337' title='bbox 790 1447 894 1478; x_wconf 88' lang='lat' dir='ltr'><em>quom</em></span> <span class='ocrx_word' id='word_1_338' title='bbox 916 1437 1062 1479; x_wconf 83' lang='lat' dir='ltr'><em>amplius</em></span> <span class='ocrx_word' id='word_1_339' title='bbox 1085 1448 1153 1467; x_wconf 89' lang='lat' dir='ltr'><em>non</em></span> <span class='ocrx_word' id='word_1_340' title='bbox 1177 1443 1301 1479; x_wconf 82' lang='lat' dir='ltr'><em>potest,</em></span> <span class='ocrx_word' id='word_1_341' title='bbox 1337 1448 1443 1479; x_wconf 83' lang='lat' dir='ltr'><em>aeque</em></span> <span class='ocrx_word' id='word_1_342' title='bbox 1464 1437 1645 1469; x_wconf 83' lang='lat' dir='ltr'><em>laudandus</em></span> <span class='ocrx_word' id='word_1_343' title='bbox 1668 1445 1731 1477; x_wconf 81' lang='lat' dir='ltr'><em>est,</em></span> <span class='ocrx_word' id='word_1_344' title='bbox 1768 1449 1806 1469; x_wconf 91' lang='lat' dir='ltr'><em>ac</em></span> <span class='ocrx_word' id='word_1_345' title='bbox 1834 1437 1861 1469; x_wconf 79' lang='lat' dir='ltr'><em>si</em></span> <span class='ocrx_word' id='word_1_346' title='bbox 1882 1436 2077 1468; x_wconf 84' lang='lat' dir='ltr'><em>rettulisset:</em></span> <span class='ocrx_word' id='word_1_347' title='bbox 2112 1442 2143 1467; x_wconf 89' lang='lat' dir='ltr'><em>et</em></span> 
     </span>
     <span class='ocr_line' id='line_1_27' title="bbox 264 1487 2142 1534; baseline 0.002 -17"><span class='ocrx_word' id='word_1_348' title='bbox 264 1487 359 1518; x_wconf 70' lang='lat' dir='ltr'><em>desiit</em></span> <span class='ocrx_word' id='word_1_349' title='bbox 383 1487 449 1518; x_wconf 82' lang='lat' dir='ltr'><em>iam</em></span> <span class='ocrx_word' id='word_1_350' title='bbox 472 1488 613 1520; x_wconf 82' lang='lat' dir='ltr'><em>habere:</em></span> <span class='ocrx_word' id='word_1_351' title='bbox 654 1494 684 1519; x_wconf 84' lang='lat' dir='ltr'><em>et</em></span> <span class='ocrx_word' id='word_1_352' title='bbox 711 1488 768 1530; x_wconf 86' lang='lat' dir='ltr'><em>qui</em></span> <span class='ocrx_word' id='word_1_353' title='bbox 791 1489 934 1529; x_wconf 84' lang='lat' dir='ltr'><em>rettulit,</em></span> <span class='ocrx_word' id='word_1_354' title='bbox 969 1490 1079 1522; x_wconf 83' lang='lat' dir='ltr'><em>habet.</em></span> <span class='ocrx_word' id='word_1_355' title='bbox 1126 1490 1226 1532; x_wconf 87' lang='lat' dir='ltr'><em>Quod</em></span> <span class='ocrx_word' id='word_1_356' title='bbox 1255 1490 1291 1521; x_wconf 88' lang='lat' dir='ltr'><em>in</em></span> <span class='ocrx_word' id='word_1_357' title='bbox 1313 1491 1456 1534; x_wconf 87' lang='lat' dir='ltr'><em>pecunia</em></span> <span class='ocrx_word' id='word_1_358' title='bbox 1483 1502 1576 1522; x_wconf 81' lang='lat' dir='ltr'><em>secus</em></span> <span class='ocrx_word' id='word_1_359' title='bbox 1603 1497 1659 1521; x_wconf 79' lang='lat' dir='ltr'><em>est.</em></span> <span class='ocrx_word' id='word_1_360' title='bbox 1704 1493 1794 1523; x_wconf 90' lang='lat' dir='ltr'><em>Nam</em></span> <span class='ocrx_word' id='word_1_361' title='bbox 1817 1490 1979 1534; x_wconf 87' lang='lat' dir='ltr'><em>pecuniae</em></span> <span class='ocrx_word' id='word_1_362' title='bbox 2003 1489 2142 1529; x_wconf 83' lang='lat' dir='ltr'><em>debitor,</em></span> 
     </span>
     <span class='ocr_line' id='line_1_28' title="bbox 265 1540 2142 1586; baseline 0.002 -15"><span class='ocrx_word' id='word_1_363' title='bbox 265 1541 323 1582; x_wconf 86' lang='lat' dir='ltr'><em>qui</em></span> <span class='ocrx_word' id='word_1_364' title='bbox 346 1540 523 1582; x_wconf 77' lang='lat' dir='ltr'><em>pecuniam</em></span> <span class='ocrx_word' id='word_1_365' title='bbox 546 1541 660 1579; x_wconf 82' lang='lat' dir='ltr'><em>habet,</em></span> <span class='ocrx_word' id='word_1_366' title='bbox 684 1552 751 1572; x_wconf 89' lang='lat' dir='ltr'><em>non</em></span> <span class='ocrx_word' id='word_1_367' title='bbox 775 1542 911 1573; x_wconf 81' lang='lat' dir='ltr'><em>reddidit</em></span> <span class='ocrx_word' id='word_1_368' title='bbox 934 1549 963 1574; x_wconf 86' lang='lat' dir='ltr'><em>et</em></span> <span class='ocrx_word' id='word_1_369' title='bbox 986 1542 1114 1574; x_wconf 87' lang='lat' dir='ltr'><em>debitor</em></span> <span class='ocrx_word' id='word_1_370' title='bbox 1136 1550 1266 1582; x_wconf 79' lang='lat' dir='ltr'><em>manet;</em></span> <span class='ocrx_word' id='word_1_371' title='bbox 1295 1543 1353 1586; x_wconf 90' lang='lat' dir='ltr'><em>qui</em></span> <span class='ocrx_word' id='word_1_372' title='bbox 1376 1543 1528 1583; x_wconf 82' lang='lat' dir='ltr'><em>reddidit,</em></span> <span class='ocrx_word' id='word_1_373' title='bbox 1553 1557 1622 1576; x_wconf 87' lang='lat' dir='ltr'><em>non</em></span> <span class='ocrx_word' id='word_1_374' title='bbox 1644 1545 1759 1583; x_wconf 82' lang='lat' dir='ltr'><em>habet3</em></span> <span class='ocrx_word' id='word_1_375' title='bbox 1789 1544 1854 1576; x_wconf 92' lang='lat' dir='ltr'><em>hoc</em></span> <span class='ocrx_word' id='word_1_376' title='bbox 1876 1550 1938 1582; x_wconf 86' lang='lat' dir='ltr'><em>est,</em></span> <span class='ocrx_word' id='word_1_377' title='bbox 1965 1543 2142 1585; x_wconf 81' lang='lat' dir='ltr'><em>pecuniam</em></span> 
     </span>
     <span class='ocr_line' id='line_1_29' title="bbox 264 1594 2141 1638; baseline 0 -12"><span class='ocrx_word' id='word_1_378' title='bbox 264 1594 387 1626; x_wconf 82' lang='lat' dir='ltr'><em>habere</em></span> <span class='ocrx_word' id='word_1_379' title='bbox 409 1594 513 1624; x_wconf 77' lang='lat' dir='ltr'><em>desiit.</em></span> <span class='ocrx_word' id='word_1_380' title='bbox 559 1595 652 1625; x_wconf 89' lang='lat' dir='ltr'><em>Haec</em></span> <span class='ocrx_word' id='word_1_381' title='bbox 675 1600 721 1624; x_wconf 72' lang='lat' dir='ltr'><em>est</em></span> <span class='ocrx_word' id='word_1_382' title='bbox 743 1594 842 1625; x_wconf 76' lang='lat' dir='ltr'><em>huius</em></span> <span class='ocrx_word' id='word_1_383' title='bbox 865 1595 930 1626; x_wconf 88' lang='lat' dir='ltr'><em>loci</em></span> <span class='ocrx_word' id='word_1_384' title='bbox 963 1595 1139 1635; x_wconf 78' lang='lat' dir='ltr'><em>sententia,</em></span> <span class='ocrx_word' id='word_1_385' title='bbox 1177 1608 1277 1638; x_wconf 85' lang='lat' dir='ltr'><em>quam</em></span> <span class='ocrx_word' id='word_1_386' title='bbox 1300 1607 1366 1627; x_wconf 88' lang='lat' dir='ltr'><em>non</em></span> <span class='ocrx_word' id='word_1_387' title='bbox 1391 1596 1474 1628; x_wconf 84' lang='lat' dir='ltr'><em>uidit</em></span> <span class='ocrx_word' id='word_1_388' title='bbox 1499 1596 1570 1628; x_wconf 85' lang='lat' dir='ltr'><em>siue</em></span> <span class='ocrx_word' id='word_1_389' title='bbox 1592 1597 1777 1635; x_wconf 81' lang='lat' dir='ltr'><em>Antonius,</em></span> <span class='ocrx_word' id='word_1_390' title='bbox 1813 1597 1885 1628; x_wconf 87' lang='lat' dir='ltr'><em>siue</em></span> <span class='ocrx_word' id='word_1_391' title='bbox 1909 1595 2058 1636; x_wconf 81' lang='lat' dir='ltr'><em>Gellius,</em></span> <span class='ocrx_word' id='word_1_392' title='bbox 2090 1596 2141 1627; x_wconf 88' lang='lat' dir='ltr'><em>usi</em></span> 
     </span>
     <span class='ocr_line' id='line_1_30' title="bbox 264 1646 2141 1692; baseline 0.001 -14"><span class='ocrx_word' id='word_1_393' title='bbox 264 1647 374 1678; x_wconf 72' lang='lat' dir='ltr'><em>codice</em></span> <span class='ocrx_word' id='word_1_394' title='bbox 397 1646 510 1688; x_wconf 78' lang='lat' dir='ltr'><em>aliquo</em></span> <span class='ocrx_word' id='word_1_395' title='bbox 533 1646 668 1684; x_wconf 84' lang='lat' dir='ltr'><em>uitioso,</em></span> <span class='ocrx_word' id='word_1_396' title='bbox 692 1646 727 1677; x_wconf 86' lang='lat' dir='ltr'><em>in</em></span> <span class='ocrx_word' id='word_1_397' title='bbox 752 1659 817 1689; x_wconf 87' lang='lat' dir='ltr'><em>quo</em></span> <span class='ocrx_word' id='word_1_398' title='bbox 840 1647 1002 1690; x_wconf 84' lang='lat' dir='ltr'><em>scriptum</em></span> <span class='ocrx_word' id='word_1_399' title='bbox 1023 1654 1091 1679; x_wconf 84' lang='lat' dir='ltr'><em>erat</em></span> <span class='ocrx_word' id='word_1_400' title='bbox 1113 1649 1209 1681; x_wconf 85' lang='lat' dir='ltr'><em>debet</em></span> <span class='ocrx_word' id='word_1_401' title='bbox 1231 1661 1292 1692; x_wconf 87' lang='lat' dir='ltr'><em>pro</em></span> <span class='ocrx_word' id='word_1_402' title='bbox 1315 1649 1425 1682; x_wconf 76' lang='lat' dir='ltr'><em>babet.</em></span> <span class='ocrx_word' id='word_1_403' title='bbox 1468 1650 1710 1682; x_wconf 86' lang='lat' dir='ltr'><em>Admonendus</em></span> <span class='ocrx_word' id='word_1_404' title='bbox 1732 1656 1843 1681; x_wconf 83' lang='lat' dir='ltr'><em>autem</em></span> <span class='ocrx_word' id='word_1_405' title='bbox 1869 1655 1916 1680; x_wconf 86' lang='lat' dir='ltr'><em>est</em></span> <span class='ocrx_word' id='word_1_406' title='bbox 1937 1648 2055 1687; x_wconf 78' lang='lat' dir='ltr'><em>lector,</em></span> <span class='ocrx_word' id='word_1_407' title='bbox 2078 1648 2141 1680; x_wconf 85' lang='lat' dir='ltr'><em>hoc</em></span> 
     </span>
     <span class='ocr_line' id='line_1_31' title="bbox 264 1698 2142 1744; baseline 0.001 -14"><span class='ocrx_word' id='word_1_408' title='bbox 264 1706 433 1742; x_wconf 83' lang='lat' dir='ltr'><em>praeterea</em></span> <span class='ocrx_word' id='word_1_409' title='bbox 458 1698 623 1730; x_wconf 85' lang='lat' dir='ltr'><em>uarietatis</em></span> <span class='ocrx_word' id='word_1_410' title='bbox 646 1699 747 1730; x_wconf 76' lang='lat' dir='ltr'><em>fuisse</em></span> <span class='ocrx_word' id='word_1_411' title='bbox 770 1700 804 1731; x_wconf 87' lang='lat' dir='ltr'><em>iu</em></span> <span class='ocrx_word' id='word_1_412' title='bbox 827 1701 937 1733; x_wconf 90' lang='lat' dir='ltr'><em>codice</em></span> <span class='ocrx_word' id='word_1_413' title='bbox 961 1700 1069 1739; x_wconf 90' lang='lat' dir='ltr'><em>Gelli,</em></span> <span class='ocrx_word' id='word_1_414' title='bbox 1094 1701 1182 1743; x_wconf 88' lang='lat' dir='ltr'><em>quod</em></span> <span class='ocrx_word' id='word_1_415' title='bbox 1206 1702 1240 1733; x_wconf 89' lang='lat' dir='ltr'><em>in</em></span> <span class='ocrx_word' id='word_1_416' title='bbox 1265 1714 1303 1734; x_wconf 93' lang='lat' dir='ltr'><em>eo</em></span> <span class='ocrx_word' id='word_1_417' title='bbox 1325 1702 1512 1744; x_wconf 84' lang='lat' dir='ltr'><em>legebatur,</em></span> <span class='ocrx_word' id='word_1_418' title='bbox 1536 1715 1594 1734; x_wconf 90' lang='lat' dir='ltr'><em>aes</em></span> <span class='ocrx_word' id='word_1_419' title='bbox 1617 1703 1741 1734; x_wconf 85' lang='lat' dir='ltr'><em>retinet</em></span> <span class='ocrx_word' id='word_1_420' title='bbox 1766 1703 1930 1741; x_wconf 86' lang='lat' dir='ltr'><em>alienum,</em></span> <span class='ocrx_word' id='word_1_421' title='bbox 1951 1712 2013 1744; x_wconf 80' lang='lat' dir='ltr'><em>pro</em></span> <span class='ocrx_word' id='word_1_422' title='bbox 2036 1702 2066 1733; x_wconf 84' lang='lat' dir='ltr'><em>is</em></span> <span class='ocrx_word' id='word_1_423' title='bbox 2088 1712 2142 1733; x_wconf 90' lang='lat' dir='ltr'><em>re-</em></span> 
     </span>
     <span class='ocr_line' id='line_1_32' title="bbox 266 1753 2142 1797; baseline 0.001 -13"><span class='ocrx_word' id='word_1_424' title='bbox 266 1753 352 1784; x_wconf 87' lang='lat' dir='ltr'><em>tinet</em></span> <span class='ocrx_word' id='word_1_425' title='bbox 374 1753 547 1791; x_wconf 80' lang='lat' dir='ltr'><em>alienum3</em></span> <span class='ocrx_word' id='word_1_426' title='bbox 586 1763 728 1794; x_wconf 83' lang='lat' dir='ltr'><em>quarum</em></span> <span class='ocrx_word' id='word_1_427' title='bbox 751 1754 933 1785; x_wconf 85' lang='lat' dir='ltr'><em>lectionum</em></span> <span class='ocrx_word' id='word_1_428' title='bbox 957 1760 1097 1795; x_wconf 85' lang='lat' dir='ltr'><em>utraque</em></span> <span class='ocrx_word' id='word_1_429' title='bbox 1124 1755 1306 1797; x_wconf 83' lang='lat' dir='ltr'><em>probabilis</em></span> <span class='ocrx_word' id='word_1_430' title='bbox 1330 1762 1388 1786; x_wconf 88' lang='lat' dir='ltr'><em>est.</em></span> <span class='ocrx_word' id='word_1_431' title='bbox 1425 1757 1631 1788; x_wconf 66' lang='lat' dir='ltr'><em>LAMBINUS.</em></span> <span class='ocrx_word' id='word_1_432' title='bbox 1677 1755 1850 1787; x_wconf 63' lang='lat' dir='ltr'><em>Nimirum</em></span> <span class='ocrx_word' id='word_1_433' title='bbox 1881 1754 2142 1786; x_wconf 85' lang='lat' dir='ltr'><em>emendationem</em></span> 
     </span>
     <span class='ocr_line' id='line_1_33' title="bbox 265 1804 2141 1852; baseline 0.001 -16"><span class='ocrx_word' id='word_1_434' title='bbox 265 1816 334 1836; x_wconf 89' lang='lat' dir='ltr'><em>non</em></span> <span class='ocrx_word' id='word_1_435' title='bbox 359 1804 579 1835; x_wconf 76' lang='lat' dir='ltr'><em>necessariam</em></span> <span class='ocrx_word' id='word_1_436' title='bbox 602 1804 703 1837; x_wconf 84' lang='lat' dir='ltr'><em>nimis</em></span> <span class='ocrx_word' id='word_1_437' title='bbox 727 1806 928 1839; x_wconf 84' lang='lat' dir='ltr'><em>confidenter</em></span> <span class='ocrx_word' id='word_1_438' title='bbox 950 1818 988 1838; x_wconf 84' lang='lat' dir='ltr'><em>ac</em></span> <span class='ocrx_word' id='word_1_439' title='bbox 1012 1813 1137 1838; x_wconf 85' lang='lat' dir='ltr'><em>temere</em></span> <span class='ocrx_word' id='word_1_440' title='bbox 1158 1807 1345 1840; x_wconf 81' lang='lat' dir='ltr'><em>Lambinus</em></span> <span class='ocrx_word' id='word_1_441' title='bbox 1373 1808 1557 1852; x_wconf 80' lang='lat' dir='ltr'><em>proposuit.</em></span> <span class='ocrx_word' id='word_1_442' title='bbox 1602 1808 1727 1839; x_wconf 89' lang='lat' dir='ltr'><em>Saltem</em></span> <span class='ocrx_word' id='word_1_443' title='bbox 1748 1808 1900 1848; x_wconf 72' lang='lat' dir='ltr'><em>dixisset,</em></span> <span class='ocrx_word' id='word_1_444' title='bbox 1939 1807 2047 1840; x_wconf 86' lang='lat' dir='ltr'><em>uideri</em></span> <span class='ocrx_word' id='word_1_445' title='bbox 2077 1807 2141 1838; x_wconf 87' lang='lat' dir='ltr'><em>sibi</em></span> 
     </span>
     <span class='ocr_line' id='line_1_34' title="bbox 266 1857 2140 1903; baseline 0.002 -13"><span class='ocrx_word' id='word_1_446' title='bbox 266 1859 330 1890; x_wconf 89' lang='lat' dir='ltr'><em>hoc</em></span> <span class='ocrx_word' id='word_1_447' title='bbox 350 1858 423 1889; x_wconf 85' lang='lat' dir='ltr'><em>loco</em></span> <span class='ocrx_word' id='word_1_448' title='bbox 447 1857 642 1900; x_wconf 82' lang='lat' dir='ltr'><em>legendum,</em></span> <span class='ocrx_word' id='word_1_449' title='bbox 670 1859 730 1902; x_wconf 84' lang='lat' dir='ltr'><em>qui</em></span> <span class='ocrx_word' id='word_1_450' title='bbox 751 1865 866 1892; x_wconf 85' lang='lat' dir='ltr'><em>autem</em></span> <span class='ocrx_word' id='word_1_451' title='bbox 888 1860 1008 1899; x_wconf 62' lang='lat' dir='ltr'><em>lzabetg</em></span> <span class='ocrx_word' id='word_1_452' title='bbox 1033 1860 1067 1891; x_wconf 91' lang='lat' dir='ltr'><em>in</em></span> <span class='ocrx_word' id='word_1_453' title='bbox 1090 1860 1152 1891; x_wconf 81' lang='lat' dir='ltr'><em>hac</em></span> <span class='ocrx_word' id='word_1_454' title='bbox 1173 1860 1245 1903; x_wconf 84' lang='lat' dir='ltr'><em>ipsa</em></span> <span class='ocrx_word' id='word_1_455' title='bbox 1267 1863 1429 1893; x_wconf 86' lang='lat' dir='ltr'><em>sententia</em></span> <span class='ocrx_word' id='word_1_456' title='bbox 1450 1861 1603 1893; x_wconf 82' lang='lat' dir='ltr'><em>similiter</em></span> <span class='ocrx_word' id='word_1_457' title='bbox 1628 1861 1825 1893; x_wconf 79' lang='lat' dir='ltr'><em>Ciceronem</em></span> <span class='ocrx_word' id='word_1_458' title='bbox 1851 1862 1894 1893; x_wconf 89' lang='lat' dir='ltr'><em>H.</em></span> <span class='ocrx_word' id='word_1_459' title='bbox 1917 1861 1957 1892; x_wconf 86' lang='lat' dir='ltr'><em>de</em></span> <span class='ocrx_word' id='word_1_460' title='bbox 1980 1858 2048 1892; x_wconf 88' lang='lat' dir='ltr'><em>Off.</em></span> <span class='ocrx_word' id='word_1_461' title='bbox 2072 1871 2140 1894; x_wconf 59' lang='lat' dir='ltr'><em>‘zo-2</em></span> 
     </span>
     <span class='ocr_line' id='line_1_35' title="bbox 263 1910 2142 1957; baseline 0.001 -15"><span class='ocrx_word' id='word_1_462' title='bbox 263 1913 445 1955; x_wconf 77' lang='lat' dir='ltr'><em>pecuniam</em></span> <span class='ocrx_word' id='word_1_463' title='bbox 469 1911 528 1955; x_wconf 87' lang='lat' dir='ltr'><em>qui</em></span> <span class='ocrx_word' id='word_1_464' title='bbox 546 1910 687 1949; x_wconf 75' lang='lat' dir='ltr'><em>habeat,</em></span> <span class='ocrx_word' id='word_1_465' title='bbox 710 1924 776 1943; x_wconf 86' lang='lat' dir='ltr'><em>non</em></span> <span class='ocrx_word' id='word_1_466' title='bbox 800 1914 1008 1952; x_wconf 77' lang='lat' dir='ltr'><em>reddidisse,</em></span> <span class='ocrx_word' id='word_1_467' title='bbox 1035 1914 1095 1957; x_wconf 88' lang='lat' dir='ltr'><em>qui</em></span> <span class='ocrx_word' id='word_1_468' title='bbox 1117 1914 1320 1954; x_wconf 87' lang='lat' dir='ltr'><em>reddiderit,</em></span> <span class='ocrx_word' id='word_1_469' title='bbox 1343 1927 1411 1947; x_wconf 84' lang='lat' dir='ltr'><em>non</em></span> <span class='ocrx_word' id='word_1_470' title='bbox 1433 1914 1573 1954; x_wconf 79' lang='lat' dir='ltr'><em>lzabere3</em></span> <span class='ocrx_word' id='word_1_471' title='bbox 1595 1920 1694 1956; x_wconf 85' lang='lat' dir='ltr'><em>atque</em></span> <span class='ocrx_word' id='word_1_472' title='bbox 1714 1914 1814 1945; x_wconf 84' lang='lat' dir='ltr'><em>illum</em></span> <span class='ocrx_word' id='word_1_473' title='bbox 1835 1914 1957 1952; x_wconf 87' lang='lat' dir='ltr'><em>locum,</em></span> <span class='ocrx_word' id='word_1_474' title='bbox 1981 1913 2039 1954; x_wconf 89' lang='lat' dir='ltr'><em>qui</em></span> <span class='ocrx_word' id='word_1_475' title='bbox 2062 1913 2142 1945; x_wconf 91' lang='lat' dir='ltr'><em>huic</em></span> 
     </span>
     <span class='ocr_line' id='line_1_36' title="bbox 270 1962 2143 2009; baseline 0.002 -16"><span class='ocrx_word' id='word_1_476' title='bbox 270 1975 427 1995; x_wconf 83' lang='lat' dir='ltr'><em>maxume</em></span> <span class='ocrx_word' id='word_1_477' title='bbox 451 1962 570 1994; x_wconf 81' lang='lat' dir='ltr'><em>similis</em></span> <span class='ocrx_word' id='word_1_478' title='bbox 593 1969 656 2003; x_wconf 85' lang='lat' dir='ltr'><em>est,</em></span> <span class='ocrx_word' id='word_1_479' title='bbox 688 1963 912 1996; x_wconf 80' lang='lat' dir='ltr'><em>coniecturam</em></span> <span class='ocrx_word' id='word_1_480' title='bbox 934 1978 1027 1997; x_wconf 76' lang='lat' dir='ltr'><em>suam</em></span> <span class='ocrx_word' id='word_1_481' title='bbox 1050 1977 1254 2008; x_wconf 81' lang='lat' dir='ltr'><em>magnopere</em></span> <span class='ocrx_word' id='word_1_482' title='bbox 1277 1968 1484 1999; x_wconf 81' lang='lat' dir='ltr'><em>confirmare.</em></span> <span class='ocrx_word' id='word_1_483' title='bbox 1529 1968 1557 1999; x_wconf 87' lang='lat' dir='ltr'><strong>F</strong></span> <span class='ocrx_word' id='word_1_484' title='bbox 1560 1979 1669 1999; x_wconf 88' lang='lat' dir='ltr'><em>errem</em></span> <span class='ocrx_word' id='word_1_485' title='bbox 1693 1967 1739 1998; x_wconf 88' lang='lat' dir='ltr'><em>sic</em></span> <span class='ocrx_word' id='word_1_486' title='bbox 1761 1967 1979 2009; x_wconf 85' lang='lat' dir='ltr'><em>disputantem</em></span> <span class='ocrx_word' id='word_1_487' title='bbox 2000 1965 2143 1997; x_wconf 91' lang='lat' dir='ltr'><em>Lambi-</em></span> 
     </span>
     <span class='ocr_line' id='line_1_37' title="bbox 270 2014 2143 2063; baseline 0.002 -17"><span class='ocrx_word' id='word_1_488' title='bbox 270 2026 367 2054; x_wconf 87' lang='lat' dir='ltr'><em>num,</em></span> <span class='ocrx_word' id='word_1_489' title='bbox 410 2015 562 2058; x_wconf 79' lang='lat' dir='ltr'><em>quamuis</em></span> <span class='ocrx_word' id='word_1_490' title='bbox 584 2016 738 2058; x_wconf 81' lang='lat' dir='ltr'><em>iniquom</em></span> <span class='ocrx_word' id='word_1_491' title='bbox 764 2018 823 2057; x_wconf 88' lang='lat' dir='ltr'><em>sit,</em></span> <span class='ocrx_word' id='word_1_492' title='bbox 862 2018 1020 2051; x_wconf 84' lang='lat' dir='ltr'><em>orationis</em></span> <span class='ocrx_word' id='word_1_493' title='bbox 1042 2019 1221 2050; x_wconf 81' lang='lat' dir='ltr'><em>uariandae</em></span> <span class='ocrx_word' id='word_1_494' title='bbox 1242 2031 1279 2051; x_wconf 88' lang='lat' dir='ltr'><em>ac</em></span> <span class='ocrx_word' id='word_1_495' title='bbox 1297 2020 1495 2063; x_wconf 80' lang='lat' dir='ltr'><em>synonymis</em></span> <span class='ocrx_word' id='word_1_496' title='bbox 1518 2020 1634 2051; x_wconf 87' lang='lat' dir='ltr'><em>utendi</em></span> <span class='ocrx_word' id='word_1_497' title='bbox 1660 2014 1849 2052; x_wconf 70' lang='lat' dir='ltr'><em>facultatem</em></span> <span class='ocrx_word' id='word_1_498' title='bbox 1874 2019 1905 2049; x_wconf 86' lang='lat' dir='ltr'>T</span> <span class='ocrx_word' id='word_1_499' title='bbox 1909 2018 1989 2050; x_wconf 90' lang='lat' dir='ltr'><em>ullio</em></span> <span class='ocrx_word' id='word_1_500' title='bbox 2012 2018 2143 2061; x_wconf 87' lang='lat' dir='ltr'><em>praeci-</em></span> 
     </span>
     <span class='ocr_line' id='line_1_38' title="bbox 271 2067 2142 2111; baseline 0.003 -13"><span class='ocrx_word' id='word_1_501' title='bbox 271 2067 357 2099; x_wconf 83' lang='lat' dir='ltr'><em>dere.</em></span> <span class='ocrx_word' id='word_1_502' title='bbox 403 2070 458 2100; x_wconf 90' lang='lat' dir='ltr'><em>Set</em></span> <span class='ocrx_word' id='word_1_503' title='bbox 483 2069 556 2110; x_wconf 87' lang='lat' dir='ltr'><em>quis</em></span> <span class='ocrx_word' id='word_1_504' title='bbox 579 2069 666 2101; x_wconf 81' lang='lat' dir='ltr'><em>ferat</em></span> <span class='ocrx_word' id='word_1_505' title='bbox 687 2082 883 2104; x_wconf 85' lang='lat' dir='ltr'><em>consensum</em></span> <span class='ocrx_word' id='word_1_506' title='bbox 907 2071 1059 2102; x_wconf 88' lang='lat' dir='ltr'><em>omnium</em></span> <span class='ocrx_word' id='word_1_507' title='bbox 1083 2071 1235 2104; x_wconf 86' lang='lat' dir='ltr'><em>Msorum</em></span> <span class='ocrx_word' id='word_1_508' title='bbox 1257 2072 1292 2104; x_wconf 92' lang='lat' dir='ltr'><em>h.</em></span> <span class='ocrx_word' id='word_1_509' title='bbox 1315 2073 1338 2104; x_wconf 86' lang='lat' dir='ltr'><em>l.</em></span> <span class='ocrx_word' id='word_1_510' title='bbox 1362 2072 1458 2105; x_wconf 89' lang='lat' dir='ltr'><em>debet</em></span> <span class='ocrx_word' id='word_1_511' title='bbox 1480 2073 1713 2105; x_wconf 75' lang='lat' dir='ltr'><em>exhibentium</em></span> <span class='ocrx_word' id='word_1_512' title='bbox 1734 2073 1778 2103; x_wconf 88' lang='lat' dir='ltr'><em>ita</em></span> <span class='ocrx_word' id='word_1_513' title='bbox 1800 2077 2083 2111; x_wconf 88' lang='lat' dir='ltr'><em>contemnentem,</em></span> <span class='ocrx_word' id='word_1_514' title='bbox 2105 2078 2142 2103; x_wconf 91' lang='lat' dir='ltr'><em>ut</em></span> 
     </span>
     <span class='ocr_line' id='line_1_39' title="bbox 273 2120 2141 2169; baseline 0.003 -19"><span class='ocrx_word' id='word_1_515' title='bbox 273 2120 362 2162; x_wconf 89' lang='lat' dir='ltr'><em>quod</em></span> <span class='ocrx_word' id='word_1_516' title='bbox 389 2132 441 2153; x_wconf 84' lang='lat' dir='ltr'><em>eos</em></span> <span class='ocrx_word' id='word_1_517' title='bbox 462 2122 603 2154; x_wconf 78' lang='lat' dir='ltr'><em>mirifice</em></span> <span class='ocrx_word' id='word_1_518' title='bbox 627 2129 758 2162; x_wconf 77' lang='lat' dir='ltr'><em>tuetur,</em></span> <span class='ocrx_word' id='word_1_519' title='bbox 800 2131 899 2167; x_wconf 84' lang='lat' dir='ltr'><em>atque</em></span> <span class='ocrx_word' id='word_1_520' title='bbox 925 2125 1116 2163; x_wconf 72' lang='lat' dir='ltr'><em>communit,</em></span> <span class='ocrx_word' id='word_1_521' title='bbox 1153 2125 1236 2156; x_wconf 88' lang='lat' dir='ltr'><em>haut</em></span> <span class='ocrx_word' id='word_1_522' title='bbox 1268 2125 1364 2156; x_wconf 88' lang='lat' dir='ltr'><em>aliter</em></span> <span class='ocrx_word' id='word_1_523' title='bbox 1387 2125 1480 2157; x_wconf 90' lang='lat' dir='ltr'><em>Gelli</em></span> <span class='ocrx_word' id='word_1_524' title='bbox 1508 2132 1658 2169; x_wconf 86' lang='lat' dir='ltr'><em>tempore</em></span> <span class='ocrx_word' id='word_1_525' title='bbox 1678 2126 1799 2156; x_wconf 80' lang='lat' dir='ltr'><em>lectum</em></span> <span class='ocrx_word' id='word_1_526' title='bbox 1823 2124 1939 2163; x_wconf 79' lang='lat' dir='ltr'><em>fuisse,</em></span> <span class='ocrx_word' id='word_1_527' title='bbox 1972 2124 2008 2155; x_wconf 89' lang='lat' dir='ltr'><em>id</em></span> <span class='ocrx_word' id='word_1_528' title='bbox 2030 2125 2141 2168; x_wconf 83' lang='lat' dir='ltr'><em>ipsum</em></span> 
     </span>
     <span class='ocr_line' id='line_1_40' title="bbox 271 2172 2140 2221; baseline 0.004 -19"><span class='ocrx_word' id='word_1_529' title='bbox 271 2172 411 2215; x_wconf 83' lang='lat' dir='ltr'><em>perinde</em></span> <span class='ocrx_word' id='word_1_530' title='bbox 440 2174 576 2215; x_wconf 85' lang='lat' dir='ltr'><em>habeat,</em></span> <span class='ocrx_word' id='word_1_531' title='bbox 611 2187 648 2206; x_wconf 86' lang='lat' dir='ltr'><em>ac</em></span> <span class='ocrx_word' id='word_1_532' title='bbox 670 2176 697 2207; x_wconf 86' lang='lat' dir='ltr'><em>si</em></span> <span class='ocrx_word' id='word_1_533' title='bbox 718 2177 875 2209; x_wconf 84' lang='lat' dir='ltr'><em>Gelliano</em></span> <span class='ocrx_word' id='word_1_534' title='bbox 906 2183 1034 2210; x_wconf 80' lang='lat' dir='ltr'><em>tantum</em></span> <span class='ocrx_word' id='word_1_535' title='bbox 1064 2178 1101 2209; x_wconf 88' lang='lat' dir='ltr'><em>in</em></span> <span class='ocrx_word' id='word_1_536' title='bbox 1123 2177 1234 2209; x_wconf 89' lang='lat' dir='ltr'><em>codice</em></span> <span class='ocrx_word' id='word_1_537' title='bbox 1264 2177 1404 2216; x_wconf 84' lang='lat' dir='ltr'><em>uitium,</em></span> <span class='ocrx_word' id='word_1_538' title='bbox 1440 2184 1476 2209; x_wconf 90' lang='lat' dir='ltr'><em>ut</em></span> <span class='ocrx_word' id='word_1_539' title='bbox 1497 2183 1611 2221; x_wconf 83' lang='lat' dir='ltr'><em>putat,</em></span> <span class='ocrx_word' id='word_1_540' title='bbox 1643 2177 1718 2207; x_wconf 88' lang='lat' dir='ltr'><em>illut</em></span> <span class='ocrx_word' id='word_1_541' title='bbox 1746 2176 1846 2207; x_wconf 86' lang='lat' dir='ltr'><em>fuerit</em></span> <span class='ocrx_word' id='word_1_542' title='bbox 1873 2177 2140 2220; x_wconf 81' lang='lat' dir='ltr'><em>deprehensum?</em></span> 
     </span>
     <span class='ocr_line' id='line_1_41' title="bbox 273 2224 2140 2273; baseline 0.004 -17"><span class='ocrx_word' id='word_1_543' title='bbox 273 2224 364 2266; x_wconf 88' lang='lat' dir='ltr'><em>Quid</em></span> <span class='ocrx_word' id='word_1_544' title='bbox 396 2225 525 2257; x_wconf 81' lang='lat' dir='ltr'><em>tandem</em></span> <span class='ocrx_word' id='word_1_545' title='bbox 556 2228 688 2260; x_wconf 76' lang='lat' dir='ltr'><em>absurdi</em></span> <span class='ocrx_word' id='word_1_546' title='bbox 717 2236 763 2261; x_wconf 83' lang='lat' dir='ltr'><em>est</em></span> <span class='ocrx_word' id='word_1_547' title='bbox 792 2230 827 2261; x_wconf 84' lang='lat' dir='ltr'><em>in</em></span> <span class='ocrx_word' id='word_1_548' title='bbox 850 2231 954 2263; x_wconf 89' lang='lat' dir='ltr'><em>uerbo</em></span> <span class='ocrx_word' id='word_1_549' title='bbox 984 2231 1108 2263; x_wconf 83' lang='lat' dir='ltr'><em>debet?</em></span> <span class='ocrx_word' id='word_1_550' title='bbox 1152 2230 1251 2262; x_wconf 75' lang='lat' dir='ltr'><em>Nihil</em></span> <span class='ocrx_word' id='word_1_551' title='bbox 1272 2230 1386 2262; x_wconf 84' lang='lat' dir='ltr'><em>hercle</em></span> <span class='ocrx_word' id='word_1_552' title='bbox 1408 2231 1530 2273; x_wconf 85' lang='lat' dir='ltr'><em>magis,</em></span> <span class='ocrx_word' id='word_1_553' title='bbox 1569 2239 1668 2271; x_wconf 90' lang='lat' dir='ltr'><em>quam</em></span> <span class='ocrx_word' id='word_1_554' title='bbox 1690 2229 1725 2260; x_wconf 91' lang='lat' dir='ltr'><em>in</em></span> <span class='ocrx_word' id='word_1_555' title='bbox 1747 2229 1849 2261; x_wconf 82' lang='lat' dir='ltr'><em>altero</em></span> <span class='ocrx_word' id='word_1_556' title='bbox 1874 2231 2017 2271; x_wconf 85' lang='lat' dir='ltr'><em>retinet,</em></span> <span class='ocrx_word' id='word_1_557' title='bbox 2051 2230 2140 2273; x_wconf 88' lang='lat' dir='ltr'><em>quod</em></span> 
     </span>
     <span class='ocr_line' id='line_1_42' title="bbox 272 2282 2140 2328; baseline 0.003 -17"><span class='ocrx_word' id='word_1_558' title='bbox 272 2283 450 2319; x_wconf 65' lang='lat' dir='ltr'><em>usurpatur</em></span> <span class='ocrx_word' id='word_1_559' title='bbox 479 2289 507 2309; x_wconf 85' lang='lat' dir='ltr'><em>C·</em></span> <span class='ocrx_word' id='word_1_560' title='bbox 530 2290 559 2320; x_wconf 82' lang='lat'><em>9·</em></span> <span class='ocrx_word' id='word_1_561' title='bbox 589 2288 662 2322; x_wconf 85' lang='lat' dir='ltr'><em>post</em></span> <span class='ocrx_word' id='word_1_562' title='bbox 691 2282 758 2313; x_wconf 88' lang='lat' dir='ltr'><em>red.</em></span> <span class='ocrx_word' id='word_1_563' title='bbox 782 2283 820 2314; x_wconf 79' lang='lat' dir='ltr'><em>ad</em></span> <span class='ocrx_word' id='word_1_564' title='bbox 845 2283 942 2325; x_wconf 85' lang='lat' dir='ltr'><em>Quir.</em></span> <span class='ocrx_word' id='word_1_565' title='bbox 990 2283 1119 2326; x_wconf 83' lang='lat' dir='ltr'><em>[Atque</em></span> <span class='ocrx_word' id='word_1_566' title='bbox 1147 2284 1183 2314; x_wconf 87' lang='lat' dir='ltr'><em>in</em></span> <span class='ocrx_word' id='word_1_567' title='bbox 1209 2283 1318 2328; x_wconf 81' lang='lat' dir='ltr'><em>officio</em></span> <span class='ocrx_word' id='word_1_568' title='bbox 1339 2283 1564 2326; x_wconf 80' lang='lat' dir='ltr'><em>persoluendo</em></span> <span class='ocrx_word' id='word_1_569' title='bbox 1587 2282 1765 2313; x_wconf 82' lang='lat' dir='ltr'><em>dissimilis</em></span> <span class='ocrx_word' id='word_1_570' title='bbox 1789 2288 1839 2315; x_wconf 83' lang='lat' dir='ltr'><em>est</em></span> <span class='ocrx_word' id='word_1_571' title='bbox 1862 2283 1952 2315; x_wconf 86' lang='lat' dir='ltr'><em>ratio</em></span> <span class='ocrx_word' id='word_1_572' title='bbox 1972 2284 2140 2327; x_wconf 82' lang='lat' dir='ltr'><em>pecuniae</em></span> 
     </span>
     <span class='ocr_line' id='line_1_43' title="bbox 273 2329 2138 2380; baseline 0.004 -18"><span class='ocrx_word' id='word_1_573' title='bbox 273 2329 424 2368; x_wconf 77' lang='lat' dir='ltr'><em>debitae3</em></span> <span class='ocrx_word' id='word_1_574' title='bbox 454 2337 638 2374; x_wconf 77' lang='lat' dir='ltr'><em>propterea</em></span> <span class='ocrx_word' id='word_1_575' title='bbox 661 2336 752 2377; x_wconf 88' lang='lat' dir='ltr'><em>quod</em></span> <span class='ocrx_word' id='word_1_576' title='bbox 767 2337 954 2379; x_wconf 78' lang='lat' dir='ltr'><em>pecuniam</em></span> <span class='ocrx_word' id='word_1_577' title='bbox 979 2337 1038 2380; x_wconf 87' lang='lat' dir='ltr'><em>qui</em></span> <span class='ocrx_word' id='word_1_578' title='bbox 1062 2337 1205 2375; x_wconf 85' lang='lat' dir='ltr'><em>retinet,</em></span> <span class='ocrx_word' id='word_1_579' title='bbox 1234 2348 1301 2368; x_wconf 89' lang='lat' dir='ltr'><em>non</em></span> <span class='ocrx_word' id='word_1_580' title='bbox 1324 2335 1505 2372; x_wconf 86' lang='lat' dir='ltr'><em>dissoluit,</em></span> <span class='ocrx_word' id='word_1_581' title='bbox 1533 2335 1593 2377; x_wconf 87' lang='lat' dir='ltr'><em>qui</em></span> <span class='ocrx_word' id='word_1_582' title='bbox 1615 2335 1785 2374; x_wconf 87' lang='lat' dir='ltr'><em>reddidit,</em></span> <span class='ocrx_word' id='word_1_583' title='bbox 1813 2347 1880 2367; x_wconf 85' lang='lat' dir='ltr'><em>non</em></span> <span class='ocrx_word' id='word_1_584' title='bbox 1903 2335 2023 2376; x_wconf 76' lang='lat' dir='ltr'><em>habet3</em></span> <span class='ocrx_word' id='word_1_585' title='bbox 2053 2348 2138 2380; x_wconf 85' lang='lat' dir='ltr'><em>gra-</em></span> 
     </span>
     <span class='ocr_line' id='line_1_44' title="bbox 274 2383 2139 2432; baseline 0.003 -18"><span class='ocrx_word' id='word_1_586' title='bbox 274 2383 360 2415; x_wconf 88' lang='lat' dir='ltr'><em>tiam</em></span> <span class='ocrx_word' id='word_1_587' title='bbox 383 2388 415 2415; x_wconf 88' lang='lat' dir='ltr'><em>et</em></span> <span class='ocrx_word' id='word_1_588' title='bbox 437 2384 496 2426; x_wconf 81' lang='lat' dir='ltr'><em>qui</em></span> <span class='ocrx_word' id='word_1_589' title='bbox 518 2386 653 2417; x_wconf 79' lang='lat' dir='ltr'><em>rettulit</em></span> <span class='ocrx_word' id='word_1_590' title='bbox 675 2387 790 2426; x_wconf 77' lang='lat' dir='ltr'><em>habet,</em></span> <span class='ocrx_word' id='word_1_591' title='bbox 821 2395 853 2420; x_wconf 88' lang='lat' dir='ltr'><em>et</em></span> <span class='ocrx_word' id='word_1_592' title='bbox 877 2390 936 2432; x_wconf 83' lang='lat' dir='ltr'><em>qui</em></span> <span class='ocrx_word' id='word_1_593' title='bbox 959 2389 1077 2426; x_wconf 77' lang='lat' dir='ltr'><em>habet,</em></span> <span class='ocrx_word' id='word_1_594' title='bbox 1107 2388 1292 2429; x_wconf 44' lang='lat' dir='ltr'><em>dissolui&amp;</em></span> <span class='ocrx_word' id='word_1_595' title='bbox 1317 2387 1388 2418; x_wconf 82' lang='lat' dir='ltr'><em>siue</em></span> <span class='ocrx_word' id='word_1_596' title='bbox 1409 2397 1428 2417; x_wconf 92' lang='lat' dir='ltr'><em>a</em></span> <span class='ocrx_word' id='word_1_597' title='bbox 1450 2386 1565 2419; x_wconf 88' lang='lat' dir='ltr'><em>Tullio</em></span> <span class='ocrx_word' id='word_1_598' title='bbox 1588 2387 1676 2430; x_wconf 86' lang='lat' dir='ltr'><em>ipso,</em></span> <span class='ocrx_word' id='word_1_599' title='bbox 1709 2387 1780 2419; x_wconf 88' lang='lat' dir='ltr'><em>siue</em></span> <span class='ocrx_word' id='word_1_600' title='bbox 1801 2387 1842 2419; x_wconf 89' lang='lat' dir='ltr'><em>ab</em></span> <span class='ocrx_word' id='word_1_601' title='bbox 1865 2387 1950 2427; x_wconf 84' lang='lat' dir='ltr'><em>alio,</em></span> <span class='ocrx_word' id='word_1_602' title='bbox 1983 2388 2040 2430; x_wconf 88' lang='lat' dir='ltr'><em>qui</em></span> <span class='ocrx_word' id='word_1_603' title='bbox 2063 2399 2139 2420; x_wconf 85' lang='lat' dir='ltr'><em>sen-</em></span> 
     </span>
    </p>
   </div>
   <div class='ocr_carea' id='block_1_3' title="bbox 2209 70 2264 2445">
    <p class='ocr_par' dir='ltr' id='par_1_3' title="bbox 2209 70 2264 2445">
     <span class='ocr_line' id='line_1_45' title="bbox 2209 70 2264 2445; baseline 0 0"><span class='ocrx_word' id='word_1_604' title='bbox 2209 70 2264 2445; x_wconf 95' lang='lat' dir='ltr'><em> </em></span> 
     </span>
    </p>
   </div>
  </div>
 </body>
</html>
