2264 2746
244 92 299 120 160
885 79 1463 111 COMMENTARIUS.

246 172 328 193 uem
355 157 551 190 dissentiunt
576 157 610 188 in
635 157 776 187 Oratore
799 164 826 183 c.
850 151 922 192 45„
953 152 1012 183 ubi
1035 153 1116 184 haec
1138 152 1318 184 habemus:
1356 158 1395 184 ut
1417 152 1591 191 duellum,
1621 151 1764 191 bellum,
1798 160 1831 185 et
1852 155 1949 194 cluis,
1977 156 2045 195 bis,
2075 157 2124 188 sic

247 213 430 248 Duellium
453 223 546 249 emn,
576 210 635 252 qui
658 209 790 239 Poenos
814 205 921 237 classe
943 206 1090 243 (lenivit,
1122 205 1279 237 Bellium
1301 205 1585 243 nominaaermzt,
1619 217 1719 248 quom
1744 206 1936 248 superiores
1958 209 2127 251 appellati

249 271 359 299 essent
382 275 511 306 semper
534 260 679 293 Duellii.
724 258 867 291 Ursinus
889 265 1001 289 autem
1024 258 1062 288 ad
1089 269 1116 288 c.
1144 257 1190 288 15.
1215 257 1254 287 de
1280 257 1408 287 Senect.
1433 256 1617 290 Duellium
1639 258 1755 295 habet,
1785 258 1910 300 inquit,
1936 259 2061 291 anticus
2083 261 2128 292 li-

247 319 325 357 ber,
360 324 391 348 et
421 317 466 347 ita
494 312 681 343 scribebant
707 311 847 353 antiqui.
893 312 1015 352 Neque
1045 310 1140 341 aliter
1172 309 1299 340 codices
1328 308 1482 351 plerique
1507 310 1661 347 Liuiani3
1701 310 1778 340 uide
1801 311 1905 341 Drak.
1934 311 1973 342 ad
1996 312 2046 351 ΙΙ,
2076 312 2127 344 58.

248 372 316 409 ΠΙ,
339 370 389 401 54·
413 369 491 398 Ἡρη]
516 364 629 396 Ualeri
654 364 809 395 Maxumi
832 365 900 403 llI,
927 365 960 401 6,
985 363 1015 394 4.
1063 362 1310 404 Quinctilianns
1333 360 1470 399 accedit,
1508 363 1566 404 qui
1596 363 1621 394 I.
1646 362 1752 394 Instit.
1777 363 1870 394 Orat.
1893 363 1925 394 4.
1947 374 1981 406 p.
2005 363 2056 394 44.
2087 375 2130 395 ex

250 424 366 456 Tullio
390 421 434 450 sic
458 417 572 448 habet:
598 416 691 459 fecit
714 429 754 448 ex
777 417 891 448 duello
917 416 1060 454 bellum,
1091 415 1181 447 unde
1208 414 1364 447 Duellios
1388 415 1529 457 qnidam
1552 416 1665 447 dicere
1686 416 1819 448 Bellios
1842 417 1932 449 ausi.
1976 417 2061 448 Tres
2083 416 2131 448 ibi

247 483 376 509 tantum
405 470 482 503 libri
505 470 665 507 Duilius,
700 468 814 499 nullus
836 469 961 500 Bilios.
1008 469 1105 500 Alter
1130 474 1177 498 est
1204 467 1351 497 eiusdem
1375 466 1467 496 locus
1492 468 1525 507 Ι,
1553 480 1583 509 7.
1607 479 1641 511 p.
1665 469 1738 510 Syn,
1777 468 1835 499 ubi
1860 469 2052 499 columnam
2073 480 2132 499 ro·

250 534 380 560 stratam
410 529 591 561 memorat,
627 534 714 565 qnae
744 528 792 552 est
816 521 851 552 C.
874 521 1016 553 Duellio
1047 522 1082 552 ill
1100 519 1187 563 foro
1212 520 1343 563 posita.
1385 519 1434 550 Ita
1457 520 1615 562 scriptum
1641 521 1740 552 etiam
1766 521 1800 551 in
1828 527 1966 563 optumo
1989 521 2133 552 Pontani

251 580 360 612 codice
391 582 525 608 testatur
548 574 685 616 Pighius
716 574 758 604 T.
782 573 825 604 II.
858 573 983 605 Annal.
1009 585 1042 616 p.
1068 573 1139 604 24..
1186 572 1370 605 Uarietates
1399 578 1510 603 tamen
1535 572 1661 614 aliquot
1688 573 1813 605 Duilio
1837 573 1961 604 fauent.
2006 573 2132 605 Eadem

249 634 283 665 in
306 643 341 662 re
366 628 497 661 Plinius
518 628 618 658 XVI.
642 627 688 658 H.
710 627 755 657 N.
782 626 833 667 59.
862 626 1042 664 XXXIV,
1080 626 1109 657 5.
1136 636 1242 666 usque
1265 624 1303 655 ad
1327 624 1541 656 Harduinum
1571 625 1605 658 C.
1631 626 1790 665 Duelli03
1827 626 1968 658 mutauit
1989 626 2065 665 ille,
2095 632 2133 657 ut

248 686 283 717 in
312 682 430 714 Seiuio
463 680 502 711 ad
532 681 633 721 Uerg.
664 679 728 710 XI.
760 678 902 710 Aeneid.
934 680 1005 711 206.
1037 679 1260 710 Burmannus.
1306 677 1397 708 Idem
1427 677 1462 708 in
1491 677 1608 708 Tacito
1639 678 1683 709 ΙΙ.
1712 679 1838 709 Annal.
1867 678 1937 721 49„
1974 679 2134 712 Ammia-

248 749 293 770 no
317 733 461 772 XXVI,
486 732 515 763 5.
550 732 690 773 aliisque
715 731 855 769 factum,
892 732 986 762 nulla
1011 731 1167 762 uarietate
1197 736 1318 762 notata.
1362 732 1452 762 Nam
1479 741 1546 772 quo
1569 736 1720 772 tempore
1743 731 1777 761 in
1801 732 1904 763 Fastis
1927 743 2029 773 quom
2051 743 2134 763 con-

249 788 413 822 sularibus
435 792 507 817 tum
531 783 790 826 triumphalibus
813 783 849 815 C.
871 783 1102 817 DUILIUS.
1126 783 1282 814 inuentus
1306 788 1362 821 est,
1387 782 1419 814 id
1446 782 1512 814 uiri
1534 782 1621 813 docti
1643 784 1751 815 statim
1774 785 2005 827 arripuerunt3
2030 795 2134 826 quom

251 842 384 885 quidem
416 850 454 870 ea
483 837 618 880 scriptio
650 848 719 867 non
743 835 842 867 modo
863 836 982 876 Liuio,
1022 848 1140 868 uerum
1171 836 1269 866 etiam
1296 835 1450 867 Ciceroni
1480 836 1667 867 conueniat.
1713 837 1880 868 Graeuius
1912 843 1943 868 et
1975 838 2133 869 Ernestus

250 903 448 927 consensum
473 890 623 921 codicum
646 889 745 920 ueriti
767 894 862 927 sunt,
887 900 986 930 quem
1010 896 1057 921 tot
1079 889 1137 920 alii
1160 889 1267 920 multo
1290 894 1365 919 ante
1388 894 1664 931 contempserant.
1711 889 1804 930 Quin
1831 890 1930 920 etiam
1954 901 2055 931 quom
2079 901 2136 921 ea-

249 948 326 979 dem
349 950 452 976 aetate
484 954 527 973 ex
550 942 616 973 fori
644 942 819 973 ruderibus
848 941 1020 984 inscriptio
1052 942 1110 972 illa
1138 941 1316 984 prodierit,
1357 952 1441 982 quae
1470 941 1506 972 in
1530 941 1599 972 basi
1625 941 1804 973 Duilianae
1828 942 2004 972 columnae
2032 942 2135 973 incisa

249 1001 367 1035 fuerat,
392 996 502 1040 primo
528 995 619 1026 illius
643 995 809 1025 uersiculo
834 994 994 1025 extritum
1018 1006 1143 1025 nomen
1166 1006 1184 1025 a
1207 993 1385 1025 Ciacconio
1409 993 1594 1025 restitutum
1616 1000 1660 1025 est
1685 994 1719 1026 C.
1734 994 1914 1026 BILIOS.
1957 994 2029 1036 Ego
2051 1005 2133 1026 uero

251 1054 284 1085 id
310 1052 412 1083 fuisse
446 1060 514 1080 non
546 1047 697 1079 arbitror.
744 1047 833 1078 Nam
861 1047 931 1077 eius
957 1047 1131 1086 uersiculi,
1171 1047 1229 1088 qui
1252 1052 1331 1089 aput
1353 1046 1510 1088 Lipsium
1542 1052 1571 1077 et
1597 1047 1732 1078 Gruter.
1762 1058 1796 1088 p.
1820 1046 2001 1078 CCCCIV.
2034 1046 2136 1088 plane

252 1106 358 1143 deest,
396 1103 433 1134 in
464 1100 622 1142 exemplo
651 1098 850 1130 Lafreriano
880 1099 943 1130 liae
974 1107 1051 1132 sunt
1081 1099 1262 1141 reliquiae,
1301 1100 1338 1130 C.
1363 1100 1394 1130 D
1399 1121 1540 1130 .....
1566 1099 1614 1131 Μ.
1639 1100 1676 1130 F.
1700 1099 1748 1131 M.
1771 1100 1816 1130 N.
1841 1099 1867 1130 C
1893 1121 1901 1129 .
1926 1121 1934 1130 .
1959 1120 1968 1130 .
1991 1099 2034 1130 L.
2079 1099 2136 1130 Set

252 1168 362 1199 neque
385 1156 446 1186 hac
469 1153 506 1183 de
530 1164 566 1184 re
590 1162 730 1193 quaero,
760 1162 870 1191 neque
892 1151 931 1181 tle
954 1157 1121 1194 tempore,
1154 1164 1220 1194 quo
1244 1151 1391 1183 nominis
1413 1151 1588 1183 inmutatio
1612 1152 1796 1193 eontigerit.
1843 1151 1943 1193 Quod
1966 1151 2056 1182 enim
2079 1162 2136 1182 ca-

252 1218 315 1256 put
337 1216 393 1247 est,
417 1216 600 1246 numquam
626 1203 696 1245 ipse
720 1213 834 1244 passus
858 1210 939 1234 esset
960 1205 1095 1235 Duilius
1118 1205 1153 1235 111
1176 1211 1395 1236 monumento
1419 1205 1554 1247 publico
1579 1205 1704 1236 Bilium
1728 1216 1762 1234 se
1784 1204 1823 1235 ad
1845 1203 1937 1246 uolgi
1960 1203 2136 1235 arbitrium

254 1259 433 1296 nominari.
479 1258 533 1288 Sic
558 1255 675 1292 Atilii,
701 1255 758 1296 qui
786 1256 918 1286 Serrani
942 1257 1043 1297 uolgo
1066 1257 1336 1299 appellabantur,
1363 1257 1515 1289 Soranos
1538 1269 1572 1288 se
1594 1257 1628 1288 in
1653 1257 1800 1288 nummis
1824 1257 1996 1298 titulisque
2018 1256 2138 1287 inscri-

254 1315 387 1347 bebant.
432 1309 572 1342 Denarii
602 1308 736 1350 quidem
767 1308 911 1349 argentei
935 1309 1138 1340 Saranorum
1168 1309 1203 1340 in
1234 1316 1373 1341 aetatem
1404 1310 1554 1340 incidunt
1582 1309 1686 1351 ipsius
1717 1308 1834 1347 Duili;
1876 1315 1923 1339 set
1952 1309 2036 1351 lapis
2057 1315 2137 1351 aput

256 1365 432 1401 Maffeium
462 1363 550 1394 Mus.
580 1362 708 1394 Ueron.
737 1372 771 1403 p.
800 1362 924 1393 CVIII.
955 1361 1078 1392 saecuti
1107 1367 1154 1392 est
1182 1361 1222 1392 ab
1253 1363 1296 1394 U.
1329 1363 1366 1393 C.
1397 1361 1551 1405 septumi.
1595 1361 1804 1393 Probabilius
1838 1360 1948 1402 itaque
1977 1373 1995 1392 a
2018 1361 2136 1404 Pighio
2170 1377 2177 1384 ·

257 1418 432 1462 suppletur
454 1415 501 1446 ibi
524 1410 747 1452 DUILIOS‚
789 1425 888 1455 quem
911 1415 1063 1446 Donatus
1085 1414 1124 1444 de
1147 1415 1229 1445 urbe
1251 1415 1362 1445 Roma
1385 1416 1426 1453 II,
1452 1426 1481 1457 7.
1505 1426 1538 1457 p.
1567 1414 1635 1446 151.
1662 1420 1693 1445 et
1715 1414 1772 1445 alii
1794 1419 1959 1445 secuntur.
2004 1415 2094 1446 Nam
2118 1416 2141 1447 Ι

258 1468 507 1513 longiusculum
531 1478 600 1497 non
623 1467 722 1498 modo
745 1467 780 1498 in
803 1467 907 1498 Fastis
931 1479 969 1498 eo
993 1468 1066 1498 loco
1091 1473 1196 1506 extat,
1224 1478 1343 1498 uerum
1369 1467 1467 1498 etiam
1490 1467 1525 1498 in
1548 1467 1661 1498 eadem
1685 1468 1743 1499 illa
1765 1467 1992 1509 inscriptione,
2015 1466 2051 1497 in
2075 1478 2141 1508 qua.

258 1526 309 1557 bis
334 1519 538 1556 PRIMOS.
561 1526 734 1551 exaratum
757 1526 814 1551 est.
862 1519 961 1560 Quod
995 1520 1129 1561 quidem
1155 1520 1379 1563 suspicionem
1412 1520 1567 1552 Ciacconi
1595 1521 1794 1563 conprobat,
1832 1519 2047 1561 archetypam
2070 1530 2140 1551 non

260 1588 329 1609 esse
352 1575 464 1612 illam,
500 1578 547 1603 set
572 1573 766 1604 restitutam.
814 1573 1029 1614 Quamquam
1059 1572 1150 1604 enim
1179 1573 1259 1604 haec
1292 1574 1448 1616 distingui
1480 1573 1686 1616 temporibus
1715 1578 1864 1603 accurate
1892 1582 1961 1603 non
1989 1578 2138 1613 possunt,

260 1629 392 1662 uidetur
417 1633 527 1657 tamen
559 1624 591 1654 id
615 1625 746 1667 signum
769 1625 923 1658 Duiliani
950 1636 1019 1655 11011
1043 1637 1111 1656 esse
1133 1627 1309 1669 temporis,
1345 1638 1410 1667 quo
1441 1626 1534 1668 signo
1558 1638 1620 1668 pro
1643 1627 1701 1658 EI
1719 1625 1827 1668 posito
1851 1630 1882 1655 et
1904 1625 2082 1656 contractio
2108 1632 2140 1657 et

263 1680 425 1725 quantitas
447 1677 620 1708 indicatur.
665 1678 850 1720 Antiquior
872 1678 1006 1720 scriptio
1030 1678 1108 1716 fuit,
1133 1688 1305 1710 rnfflmrs.
1330 1688 1470 1709 ΜΕΠᾸΑ.
1496 1688 1628 1710 cfflris.
1653 1678 1826 1721 posterior,
1850 1678 1997 1708 punit-s.
2021 1677 2137 1708 MILIA.

264 1736 396 1770 cIr1s.;
440 1730 540 1761 mitto
567 1730 665 1772 plura
690 1731 793 1762 doctis
816 1731 1008 1762 notissuma.
1053 1731 1111 1762 Est
1136 1731 1236 1773 igitur
1259 1731 1460 1770 uerisimile,
1491 1732 1524 1762 in
1553 1731 1621 1761 basi
1644 1731 1820 1762 columnae
1847 1742 1865 1761 a
1885 1729 1996 1772 primo
2025 1728 2137 1770 fuisse,

265 1798 296 1819 C.
323 1793 510 1818 DUEILIOS·
555 1783 603 1814 lta
628 1785 662 1814 in
687 1784 915 1815 celeberrumo
941 1783 1046 1824 gentis
1069 1784 1188 1814 Didiae
1211 1796 1370 1823 nummo,
1400 1785 1456 1826 qui
1480 1784 1518 1815 ad
1542 1795 1619 1814 euni
1639 1783 1795 1821 Didium,
1825 1783 1864 1813 de
1887 1793 2057 1824 quo-mox
2079 1783 2138 1813 Ci-

265 1852 355 1877 cero,
381 1836 586 1868 eruditorum
610 1837 828 1868 consensione
850 1836 1014 1876 refertur,
1038 1843 1085 1867 set
1109 1843 1153 1867 est
1178 1836 1315 1868 fortasse
1338 1837 1517 1873 uetustior,
1542 1836 1661 1878 legitur
1686 1846 1718 1866 Τ.
1743 1845 1875 1873 DE1D1.‚
1906 1846 2007 1876 quom
2030 1835 2064 1865 in
2087 1836 2138 1866 al-

265 1899 335 1924 tero
360 1889 543 1933 posteriore
572 1889 613 1920 sit
636 1899 670 1920 T.
697 1899 790 1920 DIDI.
816 1898 910 1927 IMR,
949 1896 980 1919 et
1002 1889 1037 1920 in
1061 1889 1165 1920 Fastis
1189 1889 1338 1931 utrisque
1366 1899 1399 1920 T.
1424 1890 1523 1920 DlDu
1537 1899 1583 1928 5.,
1621 1889 1656 1919 in
1681 1888 1801 1930 quibus
1824 1887 1922 1918 etiam
1947 1899 1988 1918 ex
2011 1889 2138 1921 Leiuio

267 1945 402 1975 th‘lts.
437 1954 479 1973 ex
509 1942 656 1974 Peisone
686 1941 779 1972 Ptso.
811 1947 841 1971 et
869 1941 934 1972 alia
964 1941 1127 1972 similiter.
1172 1942 1211 1972 In
1241 1941 1389 1972 nummis
1421 1947 1717 1978 smirE1L1..>-unt‚
1755 1939 1811 1981 qui
1837 1945 1949 1981 postca
1974 1941 2138 1974 Seruilii.-

268 1997 343 2028 uide
366 1995 488 2027 Raschi
510 1995 628 2027 Lexic.
652 1996 694 2026 T.
718 1995 781 2027 IV.
804 2006 837 2037 p.
861 1994 904 2025 II.
931 2005 965 2036 p.
988 1995 1075 2035 755..
1120 1995 1174 2026 De
1198 1995 1376 2037 quantitate
1400 1995 1461 2025 Sili
1484 2005 1599 2025 uersus
1616 1994 1676 2033 VI,
1705 1994 1775 2024 665.
1790 1992 1937 2023 dubitare
1959 2003 2028 2024 non
2051 1994 2139 2035 sinit,

863 2052 1005 2080 Bruuius
1025 2052 1131 2080 stlarti
1158 2053 1330 2090 donumque
1349 2053 1481 2080 Duilius
1501 2053 1566 2080 alto

863 2098 947 2126 Ante
966 2101 1064 2126 omnis
1084 2109 1185 2127 mersa
1206 2102 1381 2128 Poenorum
1402 2101 1499 2128 classe
1518 2099 1650 2127 ‹lic-abar.

270 2164 340 2195 Iam
362 2173 442 2192 uero
469 2173 571 2203 quom
593 2162 701 2193 littera
723 2162 767 2194 L.
790 2160 954 2203 geminata
977 2162 1012 2192 in
1037 2161 1101 2191 hoc
1121 2161 1269 2199 nomine,
1320 2162 1407 2203 quod
1438 2162 1471 2193 111
1494 2163 1641 2194 millenis
1671 2161 1743 2192 aliis
1773 2167 1820 2191 est
1850 2161 1991 2202 factum,
2038 2175 2140 2196 num-

271 2226 372 2258 quam
404 2213 516 2251 fuerit‚
549 2221 585 2245 ut
616 2215 786 2246 luculento
811 2214 983 2245 Fastorum
1011 2213 1201 2245 testimonio
1232 2215 1461 2256 conperimus3
1497 2216 1583 2246 nihil
1605 2220 1713 2245 autem
1743 2214 1779 2244 sit
1807 2213 2012 2255 frequentius
2041 2229 2139 2258 quam

270 2269 454 2301 litterarum
481 2267 503 2297 I
523 2273 555 2297 et
577 2268 609 2298 L
634 2267 854 2309 permutatim
885 2273 984 2308 atque
1008 2267 1071 2298 hoc
1094 2266 1174 2297 adeo
1198 2266 1231 2297 in
1255 2267 1393 2298 nomine
1416 2268 1501 2298 nihil
1525 2267 1669 2299 facilius:
1704 2266 1868 2298 Duellius
1891 2266 1961 2309 ipsa
1982 2276 2029 2301 est
2052 2272 2140 2302 anti-

273 2332 338 2364 qua
363 2318 499 2360 scriptio
527 2318 697 2351 Dueilius.
741 2320 816 2350 Iloc
847 2331 914 2350 non
946 2331 985 2350 eo
1008 2320 1098 2357 (lico,
1139 2325 1176 2350 ut
1208 2319 1399 2358 restituam3
1435 2320 1541 2350 nolim
1569 2318 1738 2360 profecto,
1781 2319 1911 2350 etiamsi
1935 2321 2069 2353 Tullius
2094 2323 2139 2354 ita

271 2371 448 2415 scripserit.
493 2370 552 2401 Set
579 2370 663 2401 mira
692 2377 739 2402 est
761 2372 921 2403 MSorum
953 2383 1028 2403 cum
1060 2373 1240 2404 remotiore
1264 2372 1461 2414 antiquitate
1491 2371 1680 2403 consensio:
1722 2371 1897 2404 fortuitam
1927 2373 2011 2405 dicas
2039 2376 2133 2413 licet?
