2264 2746
834 109 871 138 L.
900 108 940 138 11.
987 108 1020 138 C.
1049 108 1088 137 ΙΙ.
1860 112 1977 142 LXIII

103 188 224 217 ceronis
244 187 348 216 uerbis
369 187 406 215 de
427 187 512 215 Orat.
533 184 597 221 III,
617 193 669 222 29,
692 184 752 213 115.
773 183 950 222 apparebit:
970 184 1176 221 Definitionis
1195 189 1299 212 antem
1317 189 1391 213 sunt
1410 183 1662 222 disceptationes,
1683 190 1740 213 aut
1759 200 1797 206 —
1816 193 1871 214 aut
1892 198 1975 222 ctam,

101 246 180 275 qnae
195 235 307 274 forma
334 240 363 263 et
388 236 479 273 quasi
505 232 665 261 naturalis
685 237 759 260 nota
778 234 927 271 caiusque
946 233 1004 268 sic,
1036 231 1236 265 describitur,
1267 237 1303 260 ut
1321 233 1349 260 si
1369 237 1539 270 quaeratur
1559 234 1653 261 auan'
1671 234 1802 270 speeies,
1825 235 1972 271 seditiosi,

95 285 232 321 gloriosi.
290 283 395 320 Atque
438 282 555 310 formae
595 279 681 308 illius
724 279 967 319 descriptionem
1004 280 1096 317 uolgo
1139 278 1252 307 dictam
1294 281 1483 308 notationem
1516 290 1597 317 esse,
1642 290 1682 309 ex
1717 281 1897 310 Rhetoricis
1933 284 1976 312 ad

102 330 296 359 Herennium
322 329 522 366 intellegitur.
561 327 680 356 Uerum
707 327 799 366 longe
824 328 924 357 aliena
951 339 968 357 a
993 338 1085 357 sensu
1111 326 1189 362 loci,
1217 326 1253 354 de
1280 336 1340 365 quo
1367 327 1481 365 agitur,
1510 328 1566 357 illa
1591 330 1758 357 notationis
1778 329 1973 367 significatio.

102 377 212 416 Neque
233 378 315 406 enim
335 377 451 405 iudices
471 377 508 405 ab
529 386 583 412 00,
603 375 656 414 (1111
676 375 812 413 legebat,
832 386 975 415 umquam
996 377 1041 405 sic
1062 373 1210 412 descripti
1230 378 1311 409 sunt,
1332 379 1368 402 ut
1387 385 1463 413 quac
1482 375 1581 404 forma
1600 386 1706 404 eorum
1726 381 1757 405 et
1776 378 1861 416 quasi
1881 384 1973 408 natu-

102 426 175 454 ralis
195 430 268 454 nota
287 429 380 460 essct,
407 424 580 459 diceretur,
609 433 708 461 neque
729 423 755 451 si
776 423 888 452 factum
915 429 1010 461 esset,
1038 424 1148 453 Cicero
1176 421 1235 450 1100
1262 422 1332 449 1000
1360 422 1398 450 ad
1426 433 1542 452 morem
1563 424 1655 452 istum
1675 425 1848 463 respexisse
1868 432 1975 465 potest

103 472 298 509 existuniari,
326 473 358 500 in
385 483 446 511 (1110
466 472 692 501 manifestumst
718 475 863 509 reeteque
884 472 1034 500 monitum
1061 482 1078 499 a
1096 469 1238 500 Manutio
1259 469 1292 497 id
1312 479 1407 498 unum
1434 480 1503 499 011111
1523 472 1696 510 significare
1717 482 1815 511 posse,
1836 484 1876 502 ex
1896 474 1972 513 ipsis

103 520 221 548 ciuibus
249 520 395 548 Romanis
422 531 485 549 11011
513 520 682 559 quemlibet
709 520 776 548 51110
802 519 982 548 discrimine
1009 518 1144 547 iudicem
1169 517 1247 555 legi,
1284 521 1331 545 set
1358 518 1537 556 diligentem
1565 519 1597 547 in
1627 520 1664 548 iis
1692 519 1844 550 delectum
1870 523 1971 551 solere

101 567 217 596 haberi.
258 568 328 605 Quo
348 568 381 596 id
401 568 502 597 uoluit
529 569 615 597 nullo
642 567 732 596 niodo
759 577 850 605 posse
869 567 937 596 fieri
965 566 1143 601 ostendere,
1170 569 1205 592 ut
1233 574 1273 592 ex
1292 564 1470 594 hominibus
1493 566 1619 594 Graccis
1648 566 1764 595 iudices
1784 568 1971 606 legerentur.

102 616 210 655 Neque
230 620 331 644 tamen
351 617 526 653 Manutius,
559 616 616 644 etsi
636 626 758 644 sensum
777 615 856 652 Ioci,
883 620 917 644 ut
935 615 1031 650 solet,
1058 618 1141 641 recte
1170 612 1347 651 perspexit,
1375 618 1426 642 aut
1453 614 1635 649 discrimen,
1661 615 1743 652 quod
1769 615 1850 644 inter
1877 618 1972 646 uerba

101 665 235 693 clelecms
261 669 292 692 et
319 667 490 693 notationis
517 664 696 701 intercedit,
725 668 776 692 aut
796 662 859 691 uim
878 661 1062 701 posterioris
1082 660 1173 690 uerbi
1193 661 1316 699 penitus
1343 660 1504 689 adsecutus
1526 665 1580 689 est.
1618 660 1697 689 Nam
1717 663 1813 691 uerbo
1841 667 1973 694 notandi

101 722 163 740 11011
183 722 272 750 posse
293 711 464 750 simplicem
483 714 634 751 seligendi
660 713 819 741 notionem
838 710 1007 738 subiectam
1027 718 1109 744 0550,
1139 712 1206 736 tum
1227 717 1265 736 ex
1285 718 1343 736 11511
1363 708 1452 736 uerbi
1473 709 1558 737 illius
1579 713 1643 736 tum
1663 709 1734 737 inde
1756 716 1857 748 potest
1877 712 1971 741 inte.-

102 759 173 797 legi‚
194 759 284 797 quod,
305 760 329 787 si
347 759 389 787 ita
405 765 493 795 esset,
514 760 670 788 inutiliter
688 770 720 787 ac
736 759 864 788 moleste
882 757 976 786 uerba
991 756 1045 784 del.
1066 760 1097 783 et
1117 761 1179 784 not.
1200 756 1366 784 coniuncta
1386 762 1496 785 essent.
1517 758 1588 785 Mea
1607 758 1759 786 sententia
1780 759 1886 787 eodem
1906 761 1972 789 fere

101 818 191 836 sensu
212 807 263 835 liic
284 818 300 835 a
316 807 467 835 Cicerone
488 807 604 836 iudices
626 807 770 835 dicuntur
790 805 875 834 soliti
895 814 960 832 csse
981 805 1092 838 notari,
1114 814 1173 841 qno
1195 803 1334 832 homines
1355 815 1371 832 a
1389 805 1526 832 Censore
1547 804 1728 832 dicebantur
1747 807 1857 835 notari.
1879 809 1972 845 Quod

101 854 354 893 quemadmodum
375 854 416 882 ita
436 855 543 891 fiebat,
570 860 604 883 nt
630 854 749 882 nomini
777 854 860 890 eius,
891 851 944 891 qni
969 851 1072 889 aliqua
1099 850 1268 888 ignominia
1294 851 1423 889 insignis
1453 856 1533 888 erat,
1560 857 1633 880 nota
1660 852 1900 890 adscriberetur,
1928 856 1971 885 ita

103 903 238 930 iudicum
258 902 364 938 etiam,
393 902 445 940 qui
467 901 630 940 quotannis
651 901 683 929 iu
703 902 806 930 album
825 900 952 939 legundi
972 904 1075 935 erant,
1102 899 1298 935 nominibus,
1325 904 1487 937 antequam
1508 908 1542 926 ea
1561 899 1598 926 ad
1617 899 1769 928 aerarium
1789 901 1971 931 desereban-

102 957 168 986 tur,
203 955 288 978 notas
314 950 406 978 fuisse
434 949 586 987 adpositas
613 954 699 987 puto.
739 948 832 985 Quod
859 958 1040 987 quamquam
1066 947 1190 975 anullo
1218 952 1359 976 ueterum
1387 947 1576 986 scriptorum
1602 946 1717 975 diserte
1744 949 1875 977 traditur
1902 951 1970 980 fieri

102 999 315 1033 consueuisse,
334 1002 434 1025 tamen
455 997 529 1034 quin
549 996 662 1024 factum
682 997 723 1025 sit
742 1007 805 1025 non
824 1006 914 1035 posse
935 995 1071 1024 dubitari
1092 995 1244 1031 arbitror,
1266 1005 1335 1023 cum
1354 994 1492 1022 iudicum
1512 995 1653 1031 nomina,
1677 995 1730 1033 (1111
1751 998 1912 1034 quotannis
1933 999 1971 1027 ad.

101 1045 295 1075 iudicandum
315 1045 511 1082 legebantur,
537 1044 698 1082 proposita
722 1044 849 1083 publice
875 1043 971 1073 fuisse
999 1048 1133 1080 constet,
1164 1048 1326 1082 antequam
1352 1043 1386 1072 111
1406 1043 1518 1072 tabulis
1538 1043 1674 1082 publicis
1694 1044 1809 1083 scripta
1828 1046 1865 1074 ad
1884 1056 1970 1074 aera-

98 1095 178 1124 rium
199 1093 401 1121 deferrentur.

174 1141 265 1169 Istam
284 1145 384 1168 autem
403 1139 649 1178 propositionem
669 1149 732 1168 11011
752 1139 812 1168 alio
833 1144 918 1180 patet
937 1139 1069 1168 consilio
1095 1149 1185 1178 posse
1204 1139 1316 1168 factam
1343 1149 1425 1176 0550,
1452 1150 1541 1178 quam
1566 1145 1616 1176 ut,
1642 1140 1668 1169 si
1689 1140 1742 1179 qui
1761 1146 1848 1169 erant
1868 1141 1900 1168 in
1920 1141 1967 1177 iis,

100 1189 153 1228 qui
180 1187 299 1225 indigni
326 1187 480 1215 iudicandi
508 1197 635 1215 munere
662 1193 780 1224 essent,
813 1193 995 1217 notarentur
1021 1188 1057 1216 ab
1084 1187 1184 1226 iisque
1210 1187 1460 1223 secluderentur,
1494 1198 1624 1226 quorum
1658 1188 1782 1216 nomina
1807 1189 1839 1216 in
1867 1189 1968 1217 album

99 1247 233 1266 annuum
252 1236 451 1264 referrentur.
491 1234 625 1273 Adpono
644 1235 740 1264 uerba
759 1236 835 1274 legis
857 1235 1008 1264 Seruiliae
1028 1235 1286 1273 repetundarum,
1316 1246 1355 1264 ex
1375 1235 1486 1274 quibus
1508 1246 1585 1273 quae
1604 1236 1700 1264 suerit
1719 1235 1855 1264 iudicum
1876 1241 1967 1274 quot-

99 1285 186 1314 annis
204 1283 407 1322 leguudorum
427 1283 525 1318 ratio,
558 1282 721 1321 perspicue
749 1288 851 1322 potest
869 1283 1019 1322 intellegi.
1057 1283 1168 1321 Neque
1189 1283 1288 1319 enim,
1324 1283 1398 1312 licet
1417 1284 1469 1312 lex
1488 1284 1543 1312 illa
1562 1293 1598 1311 οο
1620 1288 1774 1323 tempore,
1810 1294 1869 1322 qno
1890 1283 1967 1312 lianc

99 1344 142 1361 or.
163 1332 243 1361 Phil.
265 1331 375 1359 Cicero
403 1330 542 1368 scripsit,
569 1341 632 1358 non
654 1331 780 1359 0111111110
801 1331 952 1368 ualuerit,
978 1331 1114 1360 dubitari
1142 1336 1260 1370 potest,
1286 1332 1362 1369 quin
1382 1331 1518 1360 iudicum
1546 1331 1749 1369 legundorum
1769 1332 1865 1368 ratio,
1891 1342 1967 1370 quae

99 1382 163 1410 sola
182 1380 242 1409 huc
261 1378 415 1418 pertinet,
441 1388 504 1406 non
531 1379 626 1408 fuerit
652 1384 775 1407 mutata.
815 1378 852 1407 In
872 1379 929 1408 ista
957 1380 1052 1418 igitur
1079 1379 1146 1417 lege
1172 1389 1202 1418 p.
1222 1380 1332 1418 24sqq.
1361 1378 1407 1407 ed.
1429 1378 1536 1406 chnz.
1563 1378 1637 1408 hacc
1665 1380 1810 1417 leguntur
1836 1381 1966 1418 scripta:

101 1431 162 1465 Qui
182 1439 201 1456 a
221 1430 387 1459 Praesto-e,
415 1427 468 1463 qui
487 1427 569 1453 inter
584 1429 764 1464 peregrinos
784 1429 834 1456 ins
854 1427 950 1460 (licet,
971 1429 1019 1456 uti
1037 1427 1188 1463 scriptum
1208 1432 1270 1462 est,
1296 1437 1332 1454 ex
1351 1426 1410 1454 hac
1430 1426 1495 1463 lege
1516 1427 1602 1455 CDL
1623 1429 1687 1455 uiri
1707 1430 1740 1456 in
1761 1439 1829 1456 eum
1849 1439 1966 1456 annum

99 1480 171 1507 lecti
191 1481 299 1511 ertmb,
328 1484 364 1501 ea
383 1475 509 1500 nomina
530 1475 633 1501 onmia
653 1475 687 1501 in.
714 1474 840 1509 tabula,
867 1476 901 1503 in
920 1474 1007 1510 albo,
1036 1479 1210 1502 atramento
1231 1476 1378 1511 scriptos,
1403 1479 1547 1510 patrem,
1573 1474 1704 1508 tribum,
1731 1485 1965 1514 cognomenque,

99 1525 297 1561 tributiquce
317 1521 483 1558 descriptos
511 1520 638 1555 habeto,
674 1532 782 1560 eosque
796 1523 971 1560 propo-silos
995 1532 1050 1550 suo
1078 1523 1113 1550 in
1133 1521 1202 1550 albo
1221 1528 1352 1550 seruato.
1391 1522 1427 1550 Si
1453 1521 1538 1550 nihil
1562 1531 1599 1549 ex
1617 1520 1665 1549 his
1685 1521 1785 1550 obstat
1805 1526 1965 1561 quominus

99 1576 133 1601 ιή,
154 1571 237 1600 CDL
258 1571 342 1598 uiros
361 1570 494 1606 legatur,
515 1570 649 1597 Praetor
668 1571 717 1598 ias
733 1575 985 1608 poteslalemque,
1005 1571 1077 1608 quoi
1096 1570 1189 1603 uolet,
1200 1569 1316 1607 facile.
1354 1571 1498 1605 Praetor,
1518 1571 1573 1607 qui
1592 1580 1627 1597 ex
1649 1569 1707 1598 hac
1727 1570 1792 1608 lege
1813 1572 1896 1599 CDL
1913 1574 1964 1600 ni-

99 1630 147 1648 ros
168 1619 286 1654 legerit,
309 1617 412 1654 fat-ilo
432 1619 602 1644 reviserunt·
627 1617 660 1643 in
680 1619 835 1652 cantione,
856 1619 1019 1655 iuratoqne
1039 1626 1101 1644 sese
1121 1627 1168 1644 eos
1187 1628 1222 1645 ex
1242 1616 1302 1644 hac
1321 1618 1386 1655 lege
1404 1618 1521 1654 legisse,
1541 1617 1577 1645 cle
1597 1617 1706 1655 quibus
1725 1618 1786 1646 sibi
1804 1621 1964 1647 consulue-

99 1670 151 1699 rit,
172 1668 218 1693 ila
238 1671 271 1692 ιιι
293 1664 484 1692 iudicaturos
505 1675 540 1691 ea:
559 1666 660 1692 animi
678 1666 833 1694 sententia
853 1675 902 1693 eos
921 1665 1040 1694 iudices
1059 1665 1295 1693 existumaueric
1315 1674 1386 1700 esse,
1408 1674 1515 1702 eosque
1536 1665 1622 1694 CDL
1638 1667 1735 1701 uiro-v,
1757 1676 1828 1702 quos
1850 1678 1885 1694 01·
1903 1667 1964 1695 linc

98 1717 163 1753 lege
178 1714 298 1750 legerit,
313 1713 340 1739 is
348 1712 480 1739 Praetor
495 1713 591 1739 omnis
604 1713 638 1740 in
653 1713 767 1741 tabulis
778 1712 917 1750 publicis
931 1714 1061 1749 scriptos
1077 1713 1111 1740 in
1121 1716 1272 1748 perpetuo
1289 1711 1408 1739 habeto.
1429 1711 1491 1739 Isto
1510 1722 1594 1749 uero,
1610 1722 1698 1751 quem
1715 1713 1858 1749 indicaui,
1872 1724 1963 1743 sensu

97 1763 121 1790 si
143 1770 254 1789 nomen
274 1759 441 1786 notationis
462 1758 576 1788 dictum
596 1760 789 1796 arbitramur,
810 1770 908 1798 neque
918 1759 1174 1797 significationem
1195 1759 1223 1786 ci
1244 1769 1355 1788 nouam
1375 1759 1565 1797 adfingimus,
1584 1770 1684 1797 neque
1706 1770 1767 1788 non
1787 1767 1870 1790 recte
1890 1772 1962 1790 sen>-

97 1809 194 1838 tentia
212 1807 274 1835 loci
294 1816 326 1834 50
346 1806 447 1834 habet.
486 1806 578 1834 INnne
599 1808 679 1835 enim
700 1813 825 1847 optume
848 1807 959 1836 Cicero
979 1806 1141 1844 significat,
1161 1817 1223 1835 non
1243 1812 1363 1836 tantum
1385 1807 1519 1836 Graecos
1540 1807 1599 1845 legi
1621 1807 1737 1836 indices
1757 1818 1819 1836 non
1840 1809 1961 1845 debere,

97 1863 143 1886 set
163 1856 254 1884 etiam
274 1864 313 1882 ex
332 1854 453 1881 ciuibus
476 1854 622 1883 Romanis
643 1856 715 1893 eligi
734 1856 850 1892 solere,
877 1855 930 1894 qui
950 1854 1109 1883 iudicandi
1128 1865 1238 1883 munus
1259 1855 1445 1894 suscipiant,
1472 1866 1510 1883 ex
1530 1855 1645 1892 iisque,
1665 1855 1718 1892 qui
1738 1855 1799 1884 sint
1818 1856 1908 1892 lecti,
1934 1858 1961 1885 si

97 1906 149 1944 qui
171 1914 278 1933 corum
298 1901 455 1930 iudicandi
475 1912 601 1930 munere
622 1903 741 1941 indigni
760 1903 940 1938 uideantur,
966 1913 1073 1931 rursus
1092 1902 1170 1930 reici
1190 1902 1300 1931 solere.
1340 1904 1410 1940 Quo
1432 1903 1506 1942 qnid
1531 1902 1607 1930 aliut
1627 1902 1778 1938 ostendit,
1809 1913 1898 1941 quam
1919 1904 1959 1941 id,

98 1953 179 1992 quod
198 1951 289 1991 paulo
310 1955 379 1978 ante
399 1950 522 1985 monui,
543 1949 634 1978 etiam
654 1960 693 1978 ex
713 1950 832 1978 ciuibus
853 1950 1000 1978 Romanis
1021 1960 1163 1978 maxuma
1182 1961 1252 1979 011111
1271 1951 1431 1989 diligentia
1451 1951 1567 1979 iudices
1586 1950 1672 1988 legi?

168 2000 211 2027 At
230 1998 263 2026 in
284 1999 424 2027 oratione
443 1997 622 2033 l'lanciana,
651 1997 689 2025 ad
708 2008 796 2036 quam
814 2002 973 2034 reuertor,
999 2008 1089 2026 1101110
1109 2008 1172 2026 11011
1191 2004 1301 2037 sponte
1330 1999 1501 2036 intellegit,
1528 2003 1611 2026 notes
1631 1998 1708 2034 isto,
1728 1997 1781 2036 qui
1800 1999 1958 2030 soflemnis

96 2054 140 2077 est
159 2047 248 2076 uerbi
275 2048 417 2080 notandi,
444 2046 615 2085 significatu
634 2055 697 2073 11011
717 2055 807 2084 1)0550
828 2044 942 2074 dictum
961 2047 1062 2074 statui.
1082 2046 1194 2084 Neque
1213 2046 1261 2074 1115
1281 2047 1370 2075 uerbi
1390 2045 1534 2081 admittit,
1553 2049 1588 2073 ut
1607 2055 1675 2074 cum
1690 2047 1833 2075 Manutio
1853 2050 1959 2078 notio-

96 2107 165 2125 nem
185 2094 340 2133 deligendi
358 2093 472 2122 habere
493 2094 705 2122 existumetur.
744 2093 851 2131 Itaque
871 2091 952 2120 nihil
970 2093 1100 2122 relicum
1125 2094 1233 2130 uideo,
1254 2095 1314 2122 nisi
1338 2099 1372 2122 ut
1393 2099 1500 2121 notare
1520 2092 1656 2121 homines
1675 2092 1727 2122 1110
1747 2094 1956 2138 511111115011511,

96 2155 154 2182 quo
182 2144 262 2172 diem
286 2147 394 2170 notare
414 2141 524 2170 Cicero
551 2141 588 2169 ad
607 2141 673 2169 Att.
695 2141 774 2177 VII,
795 2143 821 2170 8.
849 2140 939 2176 dixit,
962 2146 1142 2180 usurpatum
1168 2152 1233 2170 0550
1253 2142 1485 2180 significareque
1511 2140 1734 2178 aufzeiclmen,
1765 2144 1956 2182 aufinerken,

98 2191 219 2219 tabulae
246 2189 410 2218 inscribere
438 2194 552 2228 putem.
594 2190 664 2226 Quo
692 2189 793 2218 minus
813 2192 914 2216 autem
932 2187 992 2216 1100
1011 2189 1183 2227 significatu
1204 2200 1343 2227 umquam
1363 2199 1380 2217 a
1401 2189 1507 2217 Tullio
1527 2193 1706 2227 usurpatum
1725 2191 1855 2220 uerbum
1885 2193 1956 2221 illut

98 2243 158 2273 est,
185 2248 220 2265 00
240 2236 334 2274 magis
355 2237 446 2265 etiam
465 2242 594 2276 propter
613 2236 696 2266 hune
716 2236 808 2266 huius
827 2235 917 2265 uerbi
936 2245 1042 2273 usum,
1070 2238 1123 2276 qui
1143 2237 1311 2266 scrioribus
1332 2236 1452 2265 demum
1471 2236 1662 2275 temporibus
1682 2237 1832 2276 inualuit,
1856 2245 1954 2269 totum

96 2284 178 2313 1111110
196 2284 299 2312 Iocum
319 2295 336 2313 a
355 2284 561 2314 Grammatico
581 2285 734 2314 adiectum
752 2289 837 2324 puto.
877 2283 1013 2313 Omnino
1034 2295 1226 2323 quocumque
1246 2284 1432 2323 significatu,
1454 2284 1506 2322 qui
1526 2289 1614 2323 aptus
1634 2286 1804 2315 sententiae
1824 2287 1885 2316 loci
1904 2288 1952 2323 sit,

98 2332 212 2360 dictum
232 2337 316 2360 notes
334 2333 472 2371 putabis,
492 2333 558 2361 cius
577 2343 649 2362 usus
670 2333 845 2371 exemplum
864 2331 940 2360 aliut
960 2341 999 2360 ex
1019 2332 1179 2361 Ciceronis
1200 2332 1323 2371 scriptis
1343 2331 1457 2360 adferri
1476 2341 1539 2359 non
1558 2333 1685 2371 poterit.

171 2380 327 2408 Postremo
347 2380 481 2408 minume
501 2380 669 2409 offensione
688 2385 793 2409 carent
811 2379 922 2408 uerba:
956 2386 985 2408 et
1004 2386 1071 2408 tuos
1091 2387 1120 2409 et
1139 2387 1263 2410 tuorum
1282 2382 1483 2414 necessarios,
1512 2381 1564 2409 uel
1579 2383 1702 2420 iniquos
1721 2383 1772 2411 uel
1789 2393 1883 2415 meo-5,
1903 2385 1954 2412 uel

97 2430 189 2457 etiam
208 2426 402 2465 defensorum
422 2439 570 2466 meorum,
598 2429 759 2469 eodemque
784 2428 956 2466 aclizmgaS,
983 2439 1056 2468 quos
1076 2434 1192 2458 natura
1206 2433 1301 2467 putes
1319 2438 1443 2467 asperos
1468 2435 1561 2468 alque
1587 2429 1725 2458 omnibus
1751 2432 1893 2468 iniquos;
1920 2430 1950 2458 id
