2264 2746
297 85 333 111 (58
946 70 1518 101 COMMENTARIUS.

387 155 416 196 §.
445 165 491 185 10.
544 152 590 185 Ut
604 151 724 196 ficet-is
746 146 898 191 dignior)
942 144 1110 177 Graeuius
1132 157 1151 176 e
1173 145 1238 178 Ms.
1261 145 1335 178 Erf.
1360 145 1466 178 edidit
1490 152 1541 186 ut,
1567 156 1690 189 nempe
1713 145 1792 188 quia
1813 145 1850 177 in
1873 147 2075 189 repetitione
2097 155 2174 192 post

302 206 519 251 parenthesin
542 212 591 236 est
612 210 661 236 ut.
692 201 800 239 Male3
827 199 939 243 potuit
960 200 1102 231 uariare.
1134 199 1225 230 Nam
1247 211 1381 242 semper
1403 199 1438 231 in
1460 199 1629 242 principio
1653 199 1728 230 talis
1750 199 1934 231 sententiae
1961 206 2010 231 est
2031 208 2078 233 at.
2100 202 2177 233 ER-

305 269 471 292 NEsTlus.
517 258 655 299 Duplex
688 265 802 285 caussa
836 258 900 292 est,
940 264 1000 283 cur
1027 252 1078 285 At
1101 251 1239 295 fueris,
1275 252 1365 295 quod
1398 252 1540 284 retinuit
1567 252 1760 292 Ernestius,
1795 251 1934 294 probari
1961 263 2030 283 non
2058 254 2175 296 possit.

304 314 436 351 Prima,
468 322 566 352 quam
590 307 712 339 adtulit
736 305 924 345 Graeuius,
956 305 1037 337 haec
1061 310 1126 344 est,
1163 305 1253 347 quod
1278 307 1397 337 Cicero
1419 312 1496 348 post
1517 305 1735 348 parenthesin
1758 304 1875 335 eadem
1899 304 2003 335 uerba
2024 312 2177 347 repetens

305 368 400 399 nullo
424 370 518 407 pacto
543 367 581 393 nt
595 360 715 404 saeris
739 358 890 398 dixisset,
914 358 941 390 si
964 364 1061 389 antea
1084 364 1121 389 at
1134 358 1255 401 fueris
1278 359 1350 390 sine
1376 364 1415 390 at
1439 358 1604 402 particula
1626 357 1803 400 posuisset.
1849 358 1966 399 Itaque
1988 357 2107 388 saltem
2128 358 2178 390 At

306 427 345 452 nt
358 418 475 462 saeris
499 414 680 444 dicendum
702 411 778 444 fuit.
824 411 862 442 ld
885 417 996 442 autem
1023 411 1134 441 dicere
1157 422 1225 441 non
1249 411 1379 453 potuit,
1410 411 1505 453 quia,
1534 417 1573 442 ut
1594 417 1684 442 recte
1707 409 1842 441 monuit
1864 409 2085 449 Garatonius,
2121 421 2181 441 su-

305 472 438 516 periora
461 478 530 499 non
553 465 701 497 refutare
723 465 812 504 uolt,
849 470 900 495 set
922 465 1120 495 continuare
1144 469 1275 495 tantum
1298 470 1331 495 et
1353 465 1534 507 explicare.
1579 465 1700 505 Neque
1725 475 1824 503 uero,
1861 468 1977 505 quaest
2000 462 2182 503 editorum,

306 525 363 567 qui
386 529 423 554 nt
446 520 698 563 praetulerunt,
734 517 916 557 sententia,
954 517 1121 560 particula
1143 516 1205 547 ista
1230 517 1285 547 hic
1309 518 1380 548 nim
1404 517 1505 548 habet
1526 516 1710 560 particulae
1735 522 1813 548 atat
1839 516 1895 547 uel
1918 516 2099 559 quamuis,
2133 521 2184 547 set

305 576 390 608 nihil
413 573 576 616 siguificat
598 571 799 615 nisiposito.
843 570 1052 608 Transitum‚
1075 580 1176 611 quein
1199 569 1364 611 particula
1387 569 1530 611 quadani
1553 568 1695 600 indicari
1718 568 1871 600 debuisse
1893 569 2095 610 interpretes
2117 579 2185 611 pu-

306 634 399 667 tant,
430 626 509 658 sac-it
531 625 649 658 Cicero
672 623 876 667 pronomine
900 624 993 667 ipso,
1032 622 1121 664 quod
1145 628 1222 664 post
1245 623 1286 654 de
1309 635 1373 666 qno
1397 621 1521 664 posuit.
1565 623 1642 653 Hoc
1665 622 1755 652 enim
1779 621 1876 654 dicit:
1916 621 2097 653 concedam
2119 622 2184 653 hoc

304 680 426 721 ipsum,
443 679 533 719 quod
548 677 734 716 contendis,
752 688 828 707 cum
843 676 987 707 aedilem
1002 681 1034 706 te
1050 674 1131 706 dicis
1142 675 1215 705 fieri
1229 674 1429 717 oportuisse,
1444 680 1475 705 te
1484 673 1586 705 fuisse
1595 674 1783 716 digniorem
1795 686 1894 716 quam
1906 674 2091 714 Plancium,
2108 681 2182 706 etc..

388 732 581 764 Eblamlita
604 731 679 769 illa,
702 742 768 761 non
792 730 970 761 enucleata
991 741 1061 760 esse
1083 727 1271 771 saffragia)
1296 727 1401 760 Uario
1424 727 1526 758 1110110
1550 727 1617 758 uiri
1641 727 1730 758 docti
1753 728 1898 759 uerbum
1920 729 2098 760 enm-leam
2121 739 2185 759 ex-

305 786 455 828 planant.
501 783 639 826 Syluius
666 788 699 813 et
723 783 894 814 Gesnerus
918 795 958 814 ex
980 783 1096 814 animo
1129 786 1333 824 exprompta
1353 787 1458 823 atque
1479 781 1672 824 explieata3
1693 782 1857 812 Latomus
1886 793 2028 812 excussa
2051 782 2186 813 ratione

306 844 338 869 et
361 837 503 868 consilio
536 844 568 869 et
591 837 745 869 exactius
770 837 988 879 ponderata3
1024 834 1151 865 Toxita
1179 839 1296 865 macte
1324 834 1501 872 iudicatag
1541 833 1715 865 Manutius
1741 834 1849 866 libera
1872 839 1904 865 et
1926 847 1948 865 α
1973 845 2055 865 uero
2076 835 2186 866 αηὶηιί

304 903 405 922 sensa
430 902 497 933 pro
518 896 612 928 ecta3
655 889 831 920 Ernestius
862 889 897 919 in
921 889 1005 919 clau.
1031 899 1119 931 qnae
1141 886 1263 917 dcmms
1293 898 1329 917 rc
1354 893 1515 918 accurate
1530 887 1728 930 ponderata
1750 893 1783 918 et
1806 888 1847 918 tle
1869 887 2042 929 dignitate
2065 888 2186 919 candi-

305 943 380 974 dati
403 943 532 974 indicio
548 942 670 986 fizcto;
696 941 901 973 Garatonius
925 940 1071 981 denique
1094 939 1135 969 ad
1159 938 1192 969 11.
1217 938 1329 968 locum
1352 939 1499 970 monuit:
1529 940 1706 984 szffvgia
1730 940 1815 971 dicit
1836 939 2015 971 blanditiis
2038 945 2185 978 extorta,

305 1008 373 1027 non
402 996 544 1027 consilio
576 1002 608 1027 et
638 996 772 1026 ratione
801 994 942 1026 tributa.
994 994 1057 1025 En
1069 992 1262 1030 uelem-e,
1302 996 1342 1022 nt
1370 993 1422 1023 ait
1456 993 1614 1032 Nonius,
1655 1000 1718 1025 est
1742 993 1926 1024 cortices
1953 992 2184 1035 purgandi

306 1060 462 1079 caussa
494 1060 708 1092 separare.
759 1046 990 1090 Transfertur
1019 1045 1066 1076 (1ίί
1095 1045 1317 1087 diligentiam
1340 1045 1598 1084 considerandi,
1633 1046 1890 1089 petitornmque
1912 1045 2036 1077 merita
2053 1045 2186 1088 ponde-

306 1100 420 1132 randi.
448 1117 491 1123 —
541 1100 639 1132 Nihil
669 1101 793 1131 horum
826 1100 904 1131 satis
935 1109 1068 1129 uerum.
1120 1098 1316 1129 Enncleare
1346 1098 1514 1139 propriest
1545 1099 1705 1130 nnc-lenm
1738 1112 1759 1130 a
1785 1099 1965 1141 putamine
1997 1099 2186 1130 extrahere.

306 1155 377 1185 Iam
399 1153 559 1184 translata
577 1152 732 1189 notione,
765 1164 829 1194 qua
851 1162 1012 1183 maxume
1033 1156 1234 1192 usurpatur,
1264 1149 1351 1180 nihil
1375 1150 1459 1181 aliut
1481 1151 1669 1192 significare
1692 1162 1753 1182 1160
1775 1151 1861 1182 solet
1883 1161 1945 1181 nec
1965 1156 2091 1193 potest,
2123 1151 2189 1182 nisi

307 1219 378 1238 rem
402 1211 598 1248 tegumento
622 1204 678 1234 uel
702 1205 902 1243 inuolucro,
926 1217 991 1248 qno
1015 1203 1212 1240 obductas-t,
1235 1202 1394 1241 liberare,
1417 1215 1490 1234 rem
1512 1204 1645 1246 aperire
1667 1203 1799 1235 reiectis
1822 1203 1873 1243 iis,
1900 1215 1984 1245 quae
2008 1202 2189 1245 quominus

304 1264 436 1301 pateret
462 1257 695 1300 inpedimento
719 1263 833 1297 erant,
858 1268 931 1287 rem
953 1257 1089 1299 planam
1113 1261 1146 1286 et
1168 1260 1318 1296 apertam
1344 1254 1464 1294 facere,
1488 1262 1526 1286 ut
1548 1255 1588 1286 ab
1613 1255 1769 1287 omnibus
1793 1257 1848 1287 1161
1872 1256 2020 1298 conspici
2042 1261 2111 1286 tota
2132 1256 2189 1287 uel

306 1311 458 1353 intellegi
482 1310 598 1353 possit.
644 1310 810 1352 Suffragia
832 1310 936 1352 igitur
959 1309 1139 1341 enm-[eata
1162 1313 1241 1338 sunt
1267 1307 1365 1339 nnllo
1389 1313 1586 1350 tegumento
1607 1308 1775 1347 obducta,
1807 1315 1948 1352 aperta,
1974 1308 2009 1338 id
2028 1314 2078 1339 est
2099 1308 2190 1339 eius-

304 1363 417 1403 modi,
441 1375 525 1405 quae
548 1363 670 1395 mentis
693 1374 831 1402 eorum,
860 1362 917 1404 qui
940 1362 1111 1400 tulerunt,
1135 1360 1313 1402 aperiunt,
1345 1360 1391 1391 ita
1414 1366 1472 1399 ut,
1502 1360 1544 1391 ob
1570 1372 1670 1403 quani
1694 1372 1842 1392 caussam
1864 1360 1931 1391 lata
1953 1360 2036 1399 sint,
2069 1360 2191 1402 cuique

305 1422 427 1460 pateat.
472 1416 531 1448 Eis
554 1423 631 1459 apte
655 1421 877 1459 opponuntur
900 1415 1095 1453 eblandita,
1128 1413 1298 1445 blanditiis
1323 1414 1408 1444 clam
1432 1413 1616 1455 inpetrata,
1649 1413 1684 1444 id
1709 1419 1758 1444 est
1781 1413 1963 1453 eiusmodi,
1993 1419 2032 1444 ut
2054 1413 2100 1454 is,
2134 1413 2192 1456 qui

306 1469 439 1509 tulerit,
472 1475 622 1500 mentem
646 1480 739 1500 suam
763 1468 896 1511 aperire
919 1467 1007 1498 nolit
1028 1478 1139 1509 neque
1161 1466 1329 1498 rationem
1351 1466 1411 1497 lati
1435 1466 1572 1508 suffragi
1595 1465 1749 1496 reddere.
1775 1483 1817 1490 ·-
1860 1467 2020 1498 Ceterum
2046 1479 2193 1499 monen-

307 1523 438 1562 dumst,
477 1533 605 1553 errasse
632 1522 814 1564 plerosque
844 1520 991 1551 editores
1025 1520 1127 1551 etiam
1157 1520 1193 1551 in
1217 1531 1275 1559 eo,
1313 1517 1402 1561 quod
1428 1519 1608 1551 enucleata
1630 1532 1701 1551 esse
1729 1518 1936 1550 infinitiuom
1956 1530 2026 1551 esse
2048 1519 2191 1562 perfecti

307 1580 533 1619 putauerunt,
559 1574 616 1616 qui
640 1574 768 1605 alienus
793 1579 842 1604 est
864 1573 903 1603 ab
928 1573 992 1604 hoc
1015 1573 1106 1613 loco,
1137 1573 1173 1604 in
1197 1585 1264 1615 quo
1290 1573 1408 1604 Cicero
1432 1584 1501 1603 non
1525 1571 1606 1614 quid
1629 1571 1756 1603 factum
1778 1571 1839 1611 sit,
1862 1578 1912 1603 set
1937 1572 2017 1614 quid
2042 1572 2115 1604 fieri
2134 1585 2190 1604 so-

307 1629 375 1660 leat
401 1626 546 1658 comitiis
578 1626 740 1657 aediliciis
773 1626 926 1668 exponit.
970 1625 1125 1671 Uerbum
1155 1626 1334 1658 enucleata
1362 1624 1521 1656 adiectiui
1551 1625 1621 1656 uim
1644 1625 1699 1656 hic
1727 1624 1844 1665 habet,
1881 1625 2010 1667 pariter
2032 1631 2132 1668 atque
2152 1625 2188 1656 id

310 1680 400 1722 quod
423 1679 590 1710 antecedit
613 1680 800 1712 eblandita.

388 1733 485 1773 Quid
509 1733 631 1776 cuique
655 1733 723 1776 ipsi
746 1731 901 1774 debeant)
925 1730 979 1762 Sic
1001 1731 1027 1762 B
1053 1737 1085 1762 et
1107 1732 1153 1772 Ε,
1176 1738 1224 1771 61,
1248 1731 1276 1763 si
1299 1731 1380 1762 fides
1402 1729 1637 1769 Lallemando,
1662 1730 1763 1762 etiam
1787 1729 1924 1772 quidam
1946 1729 2107 1768 Parisini3
2131 1741 2186 1761 ce-

310 1786 373 1817 teri
395 1785 475 1816 libri
499 1796 562 1827 pro
587 1786 709 1828 cuique
732 1785 857 1816 liabent
877 1785 1042 1827 deniqne,
1066 1785 1157 1826 quod
1180 1784 1322 1816 retinuit
1343 1782 1532 1821 Ernestius‚
1556 1795 1716 1815 monens:
1740 1783 1829 1824 „Pro
1852 1784 1997 1826 deniqne
2021 1783 2188 1815 Graeuius

312 1850 354 1869 ex
374 1837 446 1869 Erf.
469 1837 598 1880 recepit
620 1839 752 1881 cuique.
795 1838 876 1868 Non
908 1849 1007 1868 ausus
1037 1849 1112 1868 sum
1136 1837 1278 1875 imitari,
1304 1836 1382 1878 quia
1404 1837 1550 1879 deniqne
1572 1836 1709 1867 uidetur
1731 1834 1853 1867 referri
1875 1833 1915 1864 ad
1934 1835 2106 1877 primum,
2134 1836 2188 1868 cui

312 1890 398 1921 nihil
422 1889 619 1932 respondet,
658 1889 686 1921 si
717 1889 753 1920 id
783 1889 932 1920 deletum
961 1890 1015 1921 sit.
1061 1891 1106 1922 Et
1128 1891 1155 1922 si
1178 1890 1232 1922 hic
1256 1891 1378 1933 cuique
1406 1888 1586 1931 recipitur,
1621 1901 1690 1920 non
1719 1889 1804 1920 bene
1833 1892 1883 1918 est
1910 1886 2000 1918 idem
2023 1888 2059 1919 in
2081 1889 2187 1921 altero

313 1943 500 1974 membro.“
545 1944 672 1974 Contra
694 1954 796 1984 quem
822 1949 912 1974 recte
929 1943 1134 1974 Garatonius
1157 1943 1239 1974 haec
1262 1943 1413 1985 scripsit:
1437 1943 1648 1981 „Ernestum
1670 1942 1874 1973 existumare
1896 1939 2045 1982 potuisse
2069 1941 2187 1982 miror,

314 1997 456 2039 deniqne
478 2001 535 2027 aut
556 1996 666 2027 simile
690 1995 864 2039 quidpiam
886 1996 1052 2038 postulari
1077 1996 1117 2026 ab
1139 2002 1216 2026 ante
1238 1996 1349 2038 posito
1378 1996 1548 2038 primum,
1577 1995 1674 2036 eique
1696 2004 1793 2037 posse
1819 1992 1883 2024 hoc
1907 1992 2019 2035 ipsum
2043 1995 2188 2038 denique

314 2048 536 2090 respondere,
575 2061 641 2091 quo
675 2049 749 2079 loco
782 2048 908 2080 liabent
937 2047 991 2079 hic
1013 2048 1093 2079 libri
1116 2048 1301 2079 deteriores
1330 2048 1532 2079 adhibitum.
1578 2046 1670 2087 Quid
1694 2046 1784 2077 enim
1810 2051 1859 2076 est
1880 2046 2050 2085 testatius,
2088 2058 2188 2089 quam

314 2102 395 2133 haec
425 2101 563 2132 aduerbi
581 2103 737 2145 primum
766 2101 913 2132 solitudo
936 2101 1002 2132 iam
1027 2101 1108 2132 olim
1134 2113 1152 2132 a
1175 2101 1330 2132 Manutio
1353 2101 1394 2132 ad
1418 2102 1497 2133 VII.
1521 2100 1560 2131 ad
1586 2099 1665 2131 Diu.
1691 2099 1741 2130 23.
1766 2098 1965 2131 obseruata?
2012 2099 2104 2141 Quid
2126 2111 2188 2131 au-

315 2161 384 2185 tem
412 2154 577 2195 apertius,
617 2166 715 2195 quam
745 2165 813 2185 non
838 2153 901 2184 tria
924 2153 960 2184 in
985 2154 1046 2185 hac
1071 2154 1213 2196 periodo
1238 2165 1354 2185 rerum
1382 2166 1453 2186 esse
1475 2153 1597 2196 capita,
1635 2157 1684 2183 set
1716 2162 1787 2183 rem
1815 2163 1917 2183 uuam
1948 2152 2055 2183 tribus
2078 2152 2187 2184 modis

315 2205 508 2237 enucleari?
554 2207 678 2238 Omnia
700 2207 781 2238 haec
798 2208 973 2250 primam,
998 2206 1086 2238 nihil
1111 2207 1234 2239 deinde
1257 2213 1314 2238 aut
1344 2208 1499 2250 denique.
1539 2205 1640 2238 Alter
1670 2203 1705 2234 in
1736 2205 1797 2236 Sin
1827 2211 1943 2236 autem
1973 2211 2034 2236 etc.
2065 2205 2186 2247 gradus

315 2265 365 2291 est
383 2258 522 2301 positus.
566 2259 738 2301 Repetitio
761 2260 858 2290 uerbi
882 2261 1003 2303 cuique
1025 2272 1095 2291 non
1118 2260 1229 2300 uideo,
1254 2272 1313 2291 cur
1336 2270 1538 2301 quemquam
1560 2256 1665 2299 possit
1688 2256 1869 2287 offendere.
1893 2257 1943 2289 At
1965 2257 2107 2288 offendit
2129 2258 2186 2290 de-

316 2312 418 2354 nique
454 2310 489 2340 in
518 2310 669 2342 medium
699 2312 890 2343 membrum
923 2313 1017 2344 nulla
1047 2312 1087 2344 de
1119 2324 1231 2345 caussa
1267 2313 1500 2343 coniectum.“
1544 2309 1633 2342 Uide
1663 2309 1763 2340 etiam
1794 2322 1878 2352 quae
1908 2310 1943 2341 in
1972 2310 2067 2341 Iahni
2092 2311 2183 2342 Ann-

320 2363 456 2405 l'aedag.
479 2375 531 2394 an.
559 2363 649 2395 1823.
676 2375 708 2406 p.
736 2375 793 2405 2757
819 2376 889 2406 sqq.
916 2365 956 2395 de
980 2365 1043 2396 hoc
1066 2365 1140 2396 loco
1166 2365 1295 2396 monui.
