2264 2746
251 91 306 118 110
896 81 1469 112 COMMENTARIUS.

251 159 463 192 antecedunt.
508 159 613 191 Paulo
633 164 723 189 ante:
750 157 926 200 asperim,
952 157 1087 200 inquit,
1118 157 1254 189 locatas
1276 162 1327 189 est
1349 158 1487 201 aliquid
1507 159 1715 203 aliquando:
1746 160 1848 192 immo
1863 159 2019 203 fortasse
2041 161 2126 194 libe-

253 214 338 246 rius.
381 214 482 246 Nunc
507 211 673 242 dictorum
696 210 887 241 libertatem
910 209 1150 252 conparatione
1172 209 1361 252 asperitatis
1385 217 1418 243 et
1439 210 1584 242 ferociae
1607 211 1773 250 defendit,
1805 212 1838 242 in
1864 212 1984 253 quibus
2006 214 2127 245 abusus

252 273 303 298 est
324 266 487 298 libertatis
510 265 543 295 in
559 274 596 294 re
612 274 646 305 p.
670 262 880 294 constitutae.
906 263 1166 294 GARATONIL'S.
1211 262 1284 304 Ego
1308 263 1413 295 etiam
1431 262 1527 295 facile
1550 263 1642 302 fero3
1669 276 1707 295 ac
1729 263 1809 295 talia
1830 264 1960 305 saepius
1983 276 2002 296 a
2022 266 2127 297 libra-

252 319 311 351 riis
336 318 538 350 omittuntur
562 327 661 357 quam
685 314 926 355 intruduntur,
973 320 1091 357 utpote
1115 326 1199 356 quae
1224 315 1540 357 interpretationem
1562 316 1832 360 grammaticam,
1873 328 1973 358 quam
1993 317 2045 349 illi
2065 330 2129 361 po—

253 373 430 404 tissumum
452 369 693 411 sequebantur,
722 366 874 398 minume
896 368 1025 399 iuuent.
1071 367 1272 399 scholiastes
1298 379 1362 410 ego
1384 368 1462 399 illut
1483 369 1650 412 primum,
1675 381 1744 401 non
1765 369 1927 408 alterum,
1951 381 1971 400 a
1993 370 2130 412 reliquis

253 424 350 456 codd.
374 433 462 453 nunc
485 421 647 453 omissum
668 420 704 452 in
728 421 986 452 commentarios
1008 432 1085 452 suos
1109 420 1246 451 uidetur
1268 420 1458 459 rettulisse,
1496 421 1661 464 duplicari
1685 423 1773 454 enim
1799 434 1861 465 ego
1884 422 1971 453 nihil
1993 422 2131 463 adtinet,

254 488 355 519 quom
384 474 569 505 sententiae
600 474 652 505 uis
683 485 752 504 11011
781 474 813 504 in
847 474 910 505 1100
940 473 1160 516 pronomine,
1198 472 1303 504 setin
1329 474 1483 517 equitum
1505 480 1539 505 et
1554 476 1822 518 publicanorum
1847 476 2019 507 mentione
2041 476 2131 507 insit.

253 529 346 560 ldem
375 538 451 557 casu
482 527 594 569 potius
624 527 680 558 uel
706 526 930 569 neglegentia,
966 538 1065 568 quam
1091 526 1169 568 quia
1199 526 1234 557 iu
1257 538 1318 557 suo
1342 526 1456 557 codice
1486 538 1555 558 non
1585 528 1790 571 reppererit,
1827 534 1859 560 et
1882 528 1986 561 libere
2009 528 2132 568 omisit,

254 578 343 623 quod
366 590 440 609 mea
463 578 601 620 quidem
623 580 787 610 sententia
807 577 996 623 ἐῑῑεξηγήσει
1022 579 1164 611 inseruit
1187 579 1269 610 haut
1290 579 1530 621 paenitendae,
1569 582 1662 622 quasi
1686 581 1846 620 dixisset,
1878 587 1929 612 set
1954 593 2038 624 quae
2060 581 2133 613 aliis

251 643 369 674 aspere
395 638 428 663 et
449 631 608 663 ferociter
632 631 719 662 dicta
740 632 936 675 displicent,
972 632 1053 675 ipsis
1078 631 1245 673 equitibus
1270 638 1303 662 et
1325 632 1511 674 publicanis
1535 633 1642 664 libera
1663 633 1897 665 tantummodo
1921 634 2134 666 uidebantur.

253 684 365 716 Simili
384 684 487 715 modo
511 684 603 715 idem
623 685 727 716 schol.
752 685 804 716 ed.
826 685 907 716 Mai.
932 697 966 728 p.
984 685 1053 717 158.
1077 686 1186 716 Immo
1210 691 1248 717 tu
1263 684 1380 717 Druse
1402 696 1465 727 pro
1488 686 1597 718 Immo
1620 699 1701 719 uero
1725 692 1763 719 tu
1779 687 1906 719 Druse.
1930 687 2132 719 ORELLu's.

251 737 305 769 De
328 737 442 768 uerbis
468 743 500 769 et
525 737 630 769 libere
661 737 740 768 uide
763 750 847 780 quae
869 737 959 769 infra
986 738 1022 769 in
1045 745 1125 768 nota
1147 737 1189 768 ad
1211 738 1292 769 haec
1314 738 1386 780 ipsa
1409 739 1512 769 uerba
1534 739 1663 770 monui.
1709 740 1901 771 Pronomen
1931 750 1994 782 ego
2025 739 2134 782 repeti

251 790 346 821 nullo
376 796 473 832 pacto
504 796 633 832 potest,
671 802 747 821 cum
778 802 877 822 nemo
903 803 1065 833 umquam
1088 792 1326 823 Romanorum
1357 791 1407 822 bis
1430 791 1465 822 id
1491 793 1551 823 11111
1576 793 1681 823 uerbo
1713 792 1922 836 adposuerit,
1962 791 2028 823 nisi
2057 804 2133 823 cum

251 853 413 874 maxuma
434 843 646 884 pronominis
669 843 760 875 illius
784 843 835 875 uis
859 851 958 884 esset,
987 857 1087 887 quam
1110 855 1201 875 nunc
1223 845 1352 876 nullam
1377 856 1447 876 esse
1469 856 1567 888 posse
1589 845 1630 875 ab
1654 845 1786 877 Orellio
1810 851 1900 876 recte
1921 845 2133 877 monitumst.

250 895 453 926 Particulam
478 896 601 934 elisam,
628 907 727 938 quam
751 897 897 928 concedo
919 899 1051 930 Orellio
1075 897 1159 928 ferri
1181 909 1294 940 posse,
1319 898 1345 930 si
1368 898 1409 929 ad
1432 898 1606 941 sequentia
1629 897 1806 938 referatur,
1830 909 1890 929 cur
1912 898 2134 929 nihilomiuus

252 947 359 978 eicere
383 947 577 988 debuerim,
602 960 645 979 ex
667 949 707 980 iis
730 950 875 992 patebit,
899 962 983 992 quae
1006 951 1138 992 Proleg.
1162 952 1203 981 L.
1228 951 1270 981 Π.
1296 951 1333 982 C.
1358 952 1383 982 I.
1409 952 1438 993 ἕ.
1466 963 1492 983 1.
1517 951 1699 993 disputaui.

335 1000 611 1033 Publieanorum
633 1003 669 1034 in
693 1002 735 1041 Q.
761 1003 964 1035 Scaeuolam
987 1021 1027 1028 —
1050 1016 1170 1047 aspere
1201 1010 1233 1035 et
1246 1003 1419 1047 ferociter
1441 1010 1474 1036 et
1496 1004 1601 1036 libere
1629 1005 1723 1036 dicta
1751 1003 2009 1046 commemorem)
2052 1004 2135 1036 Po-

252 1053 500 1085 tentissime
532 1054 578 1085 ab
610 1055 823 1096 exemplis
849 1056 1038 1097 qualitas
1061 1056 1263 1088 absoluta
1294 1055 1510 1097 firmatur,
1548 1057 1730 1088 licuisse
1759 1057 1936 1087 Plancio
1966 1056 2135 1088 seniori

253 1106 456 1148 quaedam
479 1107 664 1138 liberius
693 1106 839 1137 dicere
868 1119 945 1149 pro
977 1108 1195 1139 societate
1217 1109 1571 1151 publicanorum,
1605 1109 1680 1151 qui
1707 1109 1834 1140 etiam
1864 1109 1905 1140 111
1935 1110 1978 1152 Q.
2007 1110 2135 1141 Scae-

252 1159 392 1190 uolam
416 1159 526 1190 0111111
551 1159 726 1189 uirtute
749 1160 1177 1200 praestantissimum
1201 1161 1345 1192 uirum
1371 1161 1588 1193 fiduciam
1610 1173 1707 1193 suae
1729 1162 1956 1194 libertatis
1982 1174 2134 1194 erexe-

252 1211 350 1242 rint.
396 1212 557 1241 ScnoLIA
584 1211 845 1242 AMBROSIANA.

337 1265 381 1296 Ia
408 1264 448 1303 Q.
471 1263 686 1304 Scaeuolam)
711 1263 781 1305 Qui
803 1264 922 1296 Asiam
945 1272 1098 1306 rexerat,
1126 1272 1159 1298 et
1181 1267 1220 1298 ab
1244 1266 1378 1298 iniuriis
1399 1266 1659 1308 publicanorum
1681 1266 1900 1309 prouincialis
1922 1266 2134 1308 defendera13

254 1328 355 1359 quam
380 1315 422 1346 ob
447 1326 596 1346 caussam
622 1322 737 1357 postea
760 1317 875 1348 uirum
898 1319 1239 1360 innocentissumum,
1275 1320 1333 1362 qui
1356 1320 1536 1350 Scaeuolae
1559 1325 1716 1361 quaestor
1737 1318 1865 1359 fuerat,
1897 1319 1935 1350 P.
1964 1320 2135 1353 Rutilium

253 1369 382 1410 equites
405 1368 570 1408 Romani,
604 1380 681 1400 cum
711 1370 784 1411 lege
815 1370 1018 1414 Sempronia
1045 1371 1249 1413 iudicarent,
1284 1371 1595 1414 condempnarunt3
1631 1372 1700 1403 Cic.
1729 1371 1766 1402 in
1795 1383 1847 1414 ep.
1876 1371 1918 1402 ad
1947 1373 2135 1406 Lentulum

255 1422 299 1463 [L
326 1432 355 1463 9.
380 1427 467 1452 extr.
490 1421 531 1451 ad
555 1421 672 1463 Diu.]:
697 1423 771 1455 Scis
796 1437 900 1467 quam
922 1425 1057 1457 inimici
1083 1426 1139 1456 ille?
1162 1426 1230 1469 ipsi
1253 1426 1294 1466 Q.
1318 1426 1504 1458 Scaeuolae
1517 1424 1671 1469 ficerint.
1714 1425 1928 1460 MANUTIUS‚

337 1475 387 1507 Et
410 1474 527 1517 libere)
556 1475 771 1517 Quamquam
794 1478 875 1508 haec
898 1478 1001 1509 uerba
1023 1478 1191 1520 interpres
1216 1478 1475 1518 Ambrosianus,
1501 1478 1673 1510 Ciceronis
1697 1477 1886 1509 describens
1909 1477 2024 1518 uerba,
2046 1480 2135 1512 omi-

253 1527 313 1567 sit,
348 1533 461 1558 tameu
484 1527 519 1558 in
543 1539 581 1558 eo
604 1527 707 1560 fuisse
740 1531 929 1573 exemplari
957 1530 1098 1573 scripta,
1137 1541 1203 1572 quo
1226 1542 1305 1563 usus
1333 1531 1501 1574 interpres
1533 1537 1600 1571 est,
1639 1543 1681 1562 ex
1710 1531 1783 1573 ipsa
1811 1531 1881 1562 eius
1908 1532 2134 1574 explicatione

253 1578 431 1612 manifesto
454 1586 611 1622 apparet,
649 1584 836 1615 monentis:
879 1584 939 1627 qui
962 1584 1068 1616 etiam
1089 1584 1125 1614 in
1149 1584 1190 1623 Q.
1214 1585 1416 1616 Scaeuolam
1439 1602 1479 1607 —
1494 1583 1672 1627 fiduciam
1694 1597 1776 1616 suae
1802 1585 2030 1618 libertatis
2058 1599 2131 1620 ere-

254 1633 377 1664 xerint.
421 1632 581 1664 Ceterum
604 1635 824 1667 uehementer
848 1642 980 1676 errant,
1015 1636 1073 1678 qui
1096 1648 1173 1668 cum
1198 1637 1384 1669 Garatonio
1409 1637 1538 1668 nullam
1560 1637 1685 1668 horum
1707 1638 1892 1669 uerborum
1918 1638 1988 1670 uim
2011 1646 2133 1682 putant

255 1697 324 1718 esse
345 1685 621 1728 praecedentibus
644 1700 763 1731 aspere
785 1696 818 1722 et
829 1689 1012 1733 ferociter.
1055 1689 1200 1721 Facilius
1224 1690 1315 1721 enim
1337 1691 1497 1733 asperitas
1521 1695 1554 1721 et
1571 1689 1697 1721 ferocia
1719 1690 1841 1732 equitis
1861 1691 2008 1723 Romani
2031 1704 2131 1735 quam

254 1739 390 1770 libertas
412 1738 630 1770 tolerabatur.

1061 1831 1090 1864 C
1100 1830 1132 1865 A
1140 1832 1180 1865 P.
1220 1832 1323 1868 XIV.

338 1898 429 1929 Male
453 1897 521 1928 uiri
544 1898 634 1930 docti
654 1899 766 1931 uerbis
791 1900 931 1934 (basuli
951 1903 994 1936 P.
1018 1903 1173 1936 Nasicae
1196 1910 1257 1935 etc.
1281 1916 1409 1935 nouom
1433 1909 1534 1946 caput
1558 1903 1777 1942 incoharunt,
1803 1915 1868 1945 quo
1892 1902 2066 1945 factumst,
2090 1913 2128 1938 nt

256 1951 511 1993 seiungerentur
540 1952 660 1992 uerba,
699 1965 782 1995 quae
807 1955 988 1987 cohaerent
1017 1956 1223 1988 arctissume.
1268 1958 1387 1988 Nexus
1413 1957 1504 1988 enim
1535 1958 1590 1989 hic
1613 1963 1677 1988 est:
1717 1956 1808 1997 Quid
1833 1968 1892 1998 ego
1920 1957 2072 1999 equitum
2095 1966 2129 1992 et

256 2004 513 2046 publicanorum
534 2005 712 2038 maledicta
726 2007 761 2037 in
776 2008 930 2040 homines
954 2009 1191 2041 nobilissumos
1215 2022 1478 2049 conmemorem,
1504 2022 1579 2042 cum
1596 2009 1745 2048 Consuli,
1768 2010 1804 2040 P.
1819 2010 1968 2049 Nasicae,
1992 2010 2127 2052 Praem,

258 2055 420 2093 Granius,
454 2057 639 2089 liberrume
661 2060 900 2093 maledixerit?
944 2063 1062 2104 Itaque
1089 2069 1178 2094 recte
1208 2064 1308 2095 etiam
1336 2065 1505 2107 interpres
1526 2064 1771 2097 Ambrosianus
1800 2062 1977 2094 coniuncta
2006 2063 2128 2097 adtulit

258 2113 291 2139 et
322 2109 504 2150 explicauit
535 2112 656 2144 uerba:
690 2115 963 2147 Publicanorum
992 2116 1029 2148 in
1050 2133 1092 2139 —-
1114 2117 1314 2160 legationes.
1358 2120 1430 2150 Nos
1452 2124 1564 2149 tamen
1587 2123 1717 2159 partem
1739 2115 2041 2149 animaduersionis
2069 2130 2128 2150 su-

257 2159 392 2202 periore
416 2161 488 2191 1000
516 2162 705 2198 describere
729 2167 940 2207 debebamus,
965 2180 1007 2199 116
1031 2180 1115 2211 quae
1138 2170 1220 2200 illuc
1241 2172 1469 2213 pertinerent,
1492 2171 1527 2202 in
1553 2171 1642 2202 1111110
1663 2170 1775 2200 10011111
1800 2168 2020 2201 coicerentur.

343 2212 483 2245 Considi
505 2216 548 2247 P.
569 2218 725 2252 Nasicae
742 2233 869 2264 praec-o
892 2221 1048 2254 Granius
1073 2241 1113 2247 —
1140 2224 1232 2267 quod
1252 2223 1455 2268 legationes)
1488 2223 1589 2254 Inde
1611 2221 1882 2254 transcendit
1907 2221 1955 2252 ad
1981 2233 2127 2256 exem-

258 2266 371 2308 plum
394 2265 545 2298 famosi
569 2273 775 2310 quondam
797 2276 1028 2315 praeconis
1053 2276 1095 2318 Q.
1121 2276 1275 2307 Granii
1299 2284 1339 2308 et
1362 2275 1560 2319 adprime
1584 2273 1859 2313 dicacissimi,
1896 2285 2014 2316 quem
2038 2288 2123 2308 cum

260 2318 397 2349 edicto
420 2318 615 2361 iustitio,
650 2325 692 2354 id
718 2332 778 2357 est
800 2328 1024 2368 praedicto
1047 2329 1088 2360 in
1112 2341 1156 2360 re
1175 2341 1208 2372 p.
1234 2336 1425 2372 tempore
1449 2327 1521 2369 qui
1553 2327 1664 2358 nihil
1694 2333 1898 2369 ageretur
1927 2328 2122 2362 ciuilium

259 2370 554 2415 negotiorum,
589 2376 742 2409 Nasica
765 2382 915 2411 consul
938 2383 1291 2425 compellauisset
1314 2380 1488 2412 obuium
1511 2380 1595 2411 sibi
1617 2379 1733 2412 forte
1756 2380 2023 2423 uenientem,
2058 2383 2124 2414 di-
