2264 2746
780 103 884 133 CAP.
924 102 1071 132 XXXII.
1098 100 1127 142 §.
1155 108 1201 135 77.
1229 106 1276 135 78.
1910 111 1963 138 195

179 179 313 220 Racili)
357 178 460 221 Quod
490 177 526 209 in
556 177 725 210 codicibus
753 177 927 210 nonnullis
950 178 1072 210 uitiose
1095 191 1139 211 m.
1168 177 1203 208 id
1226 183 1277 209 est
1296 177 1414 210 Marci
1435 182 1512 208 ante
1534 177 1655 210 Racili
1675 177 1831 220 additur,
1863 179 1899 213 id
1921 192 1965 213 ex

92 232 223 265 ultuma
244 231 476 275 praecedentis
498 232 595 263 uerbi
618 232 773 264 deberem
795 231 908 262 littera
930 237 1042 262 ortum
1065 237 1161 274 puto.

178 288 208 328 ἕ.
237 286 287 327 78.
329 285 389 319 Aa
417 297 499 316 uero
526 291 636 328 putas
666 285 797 317 iudices
828 285 956 316 idcirco
985 284 1100 315 minus
1128 297 1203 316 mea
1225 296 1349 316 caussa
1362 282 1540 327 facturos)
1587 284 1702 325 Quom
1724 285 1806 317 Bau.
1830 292 1863 318 et
1885 285 1960 318 Erf.

91 339 247 371 lubenter
271 345 348 370 ante
371 350 447 370 mea
468 338 616 376 addunt,
645 337 680 368 h.
704 349 733 368 e.
756 339 870 370 minus
893 337 1068 375 lubenter,
1102 336 1203 368 fidem
1224 348 1294 368 non
1316 335 1455 368 faciunt.
1498 336 1726 369 Adiecticium
1752 338 1787 369 id
1810 350 1880 371 esse
1901 351 1964 382 pa-

90 397 149 423 tet.
196 391 292 423 Ordo
318 397 449 423 tantum
474 391 626 433 placere,
664 402 765 432 quem
788 389 965 429 adferunt,
1002 395 1133 432 potest,
1169 391 1297 422 idcirco
1326 390 1441 422 minus
1464 391 1595 422 iudices
1617 403 1693 422 mea
1715 404 1820 425 causa
1833 392 1962 436 factu-

91 457 158 477 ros.
191 446 451 476 GARATONIUS.
495 443 673 475 Labeater
695 454 764 474 non
788 454 857 474 esse
889 455 908 474 a
932 442 1096 474 Cicerone
1126 442 1297 481 additum,
1332 442 1411 473 inde
1434 449 1545 485 patet,
1583 443 1671 485 quod
1698 455 1737 475 eo
1762 451 1898 488 recepto
1920 444 1964 476 ad

87 498 274 529 sententiae
297 496 525 538 integritatem
547 495 676 537 aliquid
700 495 804 526 deest.
849 495 940 527 Tum
964 496 1055 527 enim
1078 497 1193 528 minus
1223 495 1364 526 aduerbi
1392 495 1501 526 uicem
1525 497 1629 538 gerit,
1660 498 1752 539 quod
1775 497 1961 528 necessario

87 549 158 580 uim
181 548 340 580 adieetiui
361 548 486 579 habere
506 559 596 578 nunc
619 547 718 580 debet
741 555 778 580 ut
802 547 906 587 adsit,
941 548 1032 590 quod
1056 560 1132 580 cum
1155 549 1261 580 uerbo
1276 548 1442 592 facturos
1465 548 1659 590 iungamus,
1696 550 1786 592 quod
1812 550 1884 582 sine
1905 562 1962 581 ac·-

86 602 253 633 cussatiuo
279 601 329 632 rei
352 601 501 643 positum
524 601 617 632 omni
641 613 740 633 sensu
762 606 862 632 caret.
907 601 1017 634 Alias(
1042 602 1128 634 ratio
1153 601 1235 637 loci,
1261 601 1319 643 qui
1343 607 1437 633 extat
1461 601 1496 632 in
1521 602 1590 633 Cic.
1617 602 1682 645 Ep.
1705 602 1747 633 ad
1771 603 1961 643 Diu.XIII,

88 665 122 692 1,
157 654 206 686 18.
243 655 353 686 Prius
383 655 490 687 uelim
519 655 582 686 tibi
605 656 839 699 persuadeas,
880 660 919 686 ut
942 656 1004 688 7100
1025 668 1101 688 mea
1130 667 1253 688 caussa
1276 655 1432 687 lubenter
1452 654 1575 699 facias
1584 679 1596 694 ,
1638 668 1743 698 quam
1770 661 1809 688 ut
1828 655 1960 699 facia&

83 705 174 738 Uide
199 707 301 738 etiam
324 708 456 750 Proleg.
479 709 520 739 L.
544 709 587 739 II.
612 709 649 740 C.
673 709 698 739 l.
724 709 754 750 §.
778 708 808 739 3.
831 718 866 749 p.
889 708 987 739 XL..

169 760 272 800 Quod
293 772 345 792 me
367 773 438 792 esse
457 767 604 803 gratam
625 760 835 802 crimineris)
880 760 983 801 Quod
1011 760 1098 793 mihi
1127 760 1262 792 crimini
1291 766 1421 800 uertas,
1459 759 1548 802 quod
1579 765 1693 802 gratus
1716 760 1797 800 sim,
1835 759 1872 791 id
1895 765 1955 800 est,

83 811 174 853 quod
198 824 296 854 neges
323 825 378 844 me
400 820 533 855 gratum
557 814 592 845 in
615 813 790 844 Plancium
814 824 883 844 esse
907 819 1077 855 oportere.

165 865 251 897 Cum
275 867 429 909 populus
451 868 631 899 Romanas
658 867 719 898 illo
752 872 893 898 senatus
922 867 1095 905 consulto,
1133 867 1226 910 qnod
1254 867 1290 898 in
1314 871 1531 898 monumento
1553 867 1655 899 Mari
1686 866 1822 907 factum
1843 874 1894 900 est
1916 885 1958 892 —

77 918 218 958 gratias
245 920 370 962 egerit)
414 920 469 950 Sic
492 921 528 950 in
548 920 704 951 omnibus
728 919 932 950 editionibus
955 925 1033 949 ante
1057 919 1282 950 Garatonium
1305 918 1525 950 scribebatur.
1570 919 1752 958 „Tantum
1775 920 1839 952 hoc
1861 933 1959 952 men-

81 969 180 1009 dum,
212 978 392 1013 perspectu
414 978 483 1003 tam
508 971 625 1010 facile,
658 972 889 1014 castigationes
914 971 1067 1002 omnium
1091 972 1219 1013 effugit.
1265 973 1346 1003 Non
1369 983 1509 1014 possum
1533 971 1690 1013 equidem
1714 972 1841 1014 facere,
1877 975 1958 1017 quin

79 1033 134 1052 me
156 1024 387 1065 neglegentiae
409 1025 536 1067 pudeat
556 1036 661 1056 meae.
705 1023 957 1066 Reponeudum
979 1031 1099 1066 sponte
1121 1025 1190 1056 iam
1212 1023 1341 1056 fuerat:
1370 1025 1455 1056 Cum
1470 1030 1594 1068 patres
1616 1027 1805 1070 conscripti
1827 1046 1868 1052 —
1894 1029 1957 1060 uni

79 1075 138 1107 Cn.
160 1076 308 1108 Plancio
326 1078 467 1119 gratias
490 1078 636 1121 egerint.
680 1077 777 1118 Quae
800 1082 869 1108 tam
896 1088 994 1119 saepe
1017 1076 1129 1108 fraudi
1152 1076 1310 1116 fuerunt,
1342 1089 1404 1120 per
1427 1077 1580 1108 homines
1600 1077 1871 1120 inperitissumos
1890 1093 1955 1113 no-

79 1127 128 1158 bis
152 1134 250 1159 notae
273 1131 487 1161 transmissae
509 1131 576 1161 hue
599 1129 699 1160 etiam
722 1129 889 1171 populum
913 1136 1046 1161 senatus
1071 1130 1222 1161 consulta
1245 1128 1423 1160 facientem
1456 1129 1685 1169 induxerunt,
1721 1138 1822 1174 atque
1845 1134 1956 1165 incre-

77 1179 175 1211 dibili
199 1181 482 1214 doctissumorum
509 1182 673 1226 patientia
694 1187 871 1224 tantopere
894 1189 1137 1225 propagarunt.
1184 1184 1273 1214 Nam
1296 1193 1336 1212 ex
1361 1183 1404 1214 P.
1429 1182 1464 1213 C.
1487 1180 1613 1214 factum
1639 1185 1682 1217 P.
1704 1187 1768 1224 R„
1804 1186 1893 1227 quod
1917 1193 1955 1218 ut

76 1233 240 1275 explicari
263 1236 375 1278 coepit
394 1236 546 1280 popalus
568 1237 760 1273 Romanus,
784 1246 852 1265 non
876 1236 989 1277 potuit
1012 1237 1123 1279 egerit
1146 1247 1214 1266 non
1238 1235 1399 1277 flagitare.
1445 1234 1574 1266 Eadem
1597 1236 1729 1267 ratione
1753 1245 1954 1282 corruptum

75 1286 188 1317 locum
210 1287 236 1318 Ι.
262 1288 386 1330 Agrar.
410 1289 440 1320 8.
465 1295 553 1319 extr.
577 1287 710 1319 sanauit
734 1287 918 1326 Graeuius,
955 1299 1031 1318 cum
1063 1288 1213 1319 codicem
1245 1295 1358 1319 tamen
1382 1300 1489 1319 unum
1512 1288 1749 1330 incorruptum
1772 1290 1953 1323 inuenerit.

76 1339 179 1381 Quod
207 1351 298 1370 nune
328 1341 414 1371 mihi
443 1352 579 1382 quoque
608 1340 760 1381 contigit.
805 1341 893 1372 Nam
917 1341 1098 1372 Bauaricus
1123 1342 1205 1373 haut
1231 1342 1368 1384 quidem
1393 1340 1427 1371 id
1452 1341 1552 1383 plane
1576 1341 1676 1373 habet
1712 1343 1827 1384 [habet
1849 1344 1950 1386 Erf.]‚

75 1392 166 1435 quod
189 1393 286 1424 nobis
309 1393 395 1424 ratio
423 1393 537 1424 critica
560 1392 734 1431 suadebat,
767 1398 800 1423 et
823 1404 943 1425 uerum
968 1406 1038 1426 esse
1060 1395 1170 1426 adhuc
1192 1402 1321 1438 potest,
1352 1400 1402 1426 set
1424 1394 1523 1425 unico
1548 1395 1653 1426 uerbo
1670 1402 1810 1439 patres,
1839 1404 1877 1428 ut
1899 1403 1950 1429 et-

73 1446 141 1477 iam
163 1457 266 1488 supra
289 1455 316 1475 c.
341 1445 370 1476 5.
396 1446 486 1489 qaod
502 1452 623 1489 patres
646 1451 732 1488 aput
754 1447 901 1478 maiores
924 1453 1058 1479 nostros
1082 1455 1161 1487 etc.,
1189 1460 1299 1490 neque
1321 1448 1412 1487 aliis,
1441 1459 1525 1489 quae
1548 1448 1655 1479 multa
1680 1455 1769 1487 sunt,
1793 1455 1842 1480 est
1865 1460 1950 1491 opus

74 1499 251 1541 exemplis.
297 1499 365 1531 PR
389 1504 439 1529 est
462 1499 564 1529 etiam
581 1505 704 1542 pater,
727 1505 760 1530 et
782 1511 888 1541 paruo
912 1500 1106 1532 discrimine
1123 1507 1267 1545 patres,
1293 1500 1384 1543 quod
1408 1507 1520 1531 tamen
1541 1500 1636 1543 signo
1664 1501 1811 1543 quodam
1833 1502 1945 1533 notari

72 1552 218 1590 solebat,
257 1551 350 1582 cuius
379 1550 476 1582 facile
505 1550 643 1582 fallebat
673 1552 817 1583 exilitas.
860 1554 987 1585 Patres
1010 1560 1122 1585 autem
1145 1555 1278 1597 posuit,
1316 1554 1394 1596 quia
1415 1554 1510 1595 sequi
1533 1554 1686 1593 uolebat⁷
1726 1556 1787 1586 illo
1811 1561 1951 1588 senatus

73 1605 246 1643 consulto,
270 1610 303 1635 et
326 1605 383 1636 cui
407 1611 547 1637 senatus
567 1618 632 1649 pro
655 1618 707 1636 me
726 1605 867 1648 gratias
889 1607 1044 1648 agendas
1062 1608 1229 1650 putauit3
1260 1607 1351 1649 quod
1373 1618 1513 1638 monere
1536 1618 1596 1637 nos
1621 1607 1756 1646 debuit,
1784 1608 1865 1650 quid
1888 1621 1947 1641 su-

71 1658 186 1700 perius
209 1658 438 1700 postularet.“
473 1659 733 1689 GARAToxius.
781 1658 851 1690 Cfr.
876 1670 938 1700 pro
963 1659 1070 1690 Sestio
1096 1661 1133 1691 C.
1160 1662 1237 1694 LX.
1261 1660 1389 1702 §.128.
1425 1672 1523 1703 quem
1545 1660 1636 1691 enim
1658 1673 1822 1704 umquam
1844 1675 1945 1695 sena-

71 1717 128 1742 tas
156 1711 282 1751 ciuem,
319 1711 388 1742 nisi
417 1723 469 1742 me
498 1711 695 1743 nationibus
720 1712 846 1743 exteris
875 1713 1143 1744 commendauit?
1179 1714 1279 1746 caius
1307 1725 1470 1756 umquam
1497 1718 1640 1756 propter
1669 1714 1835 1754 salutem,
1874 1717 1945 1749 nisi

71 1776 182 1795 meam
203 1769 343 1795 senatus
361 1765 501 1807 publice
523 1765 624 1795 sociis
641 1765 767 1807 populi
789 1765 834 1796 R.
855 1765 995 1806 gratias
1018 1767 1114 1808 egit?

152 1817 221 1848 Illo
252 1817 288 1848 S.
316 1816 352 1848 C.
382 1817 474 1860 qaod
500 1817 536 1848 in
567 1822 784 1849 monumento
813 1817 911 1849 Illarz'
933 1816 1077 1860 factum
1107 1819 1169 1863 est)
1214 1821 1261 1852 In
1290 1819 1453 1861 templo
1482 1816 1652 1849 scilicet
1680 1818 1873 1850 Honoris
1906 1825 1946 1851 et

68 1869 288 1909 Uirtutis,
326 1870 368 1901 in
398 1882 477 1912 quo
509 1875 649 1900 actum
680 1869 862 1911 primum
894 1870 1074 1902 uidetur
1104 1872 1150 1902 de
1186 1873 1476 1904 restitutione
1508 1870 1745 1902 Ciceronis.
1782 1872 1944 1904 SCHOLIA

68 1923 328 1955 AMBROSIANA.
373 1922 538 1955 Garatoni
562 1922 603 1953 de
625 1923 715 1954 Mari
736 1930 958 1955 monumento
986 1924 1165 1965 diatriben,
1193 1937 1292 1967 quam
1316 1926 1375 1957 ille
1398 1925 1440 1956 ad
1464 1924 1588 1956 calcem
1614 1924 1695 1955 Cur.
1720 1924 1793 1955 Sec.
1815 1924 1942 1965 reiecit,

68 1986 130 2006 nos
152 1975 285 2017 Proleg.
308 1977 349 2008 L.
371 1977 431 2007 III.
458 1977 496 2008 C.
519 1976 565 2008 V.
591 1987 621 2018 p.
646 1976 888 2008 XC—XCV.
912 1976 1127 2008 inseruimus.

158 2028 255 2060 Unus
278 2031 367 2062 enim
382 2029 463 2073 fuit
486 2030 527 2062 cle
549 2029 815 2072 magistratibus
837 2034 900 2061 aut
920 2030 1265 2073 promagistratibus)
1305 2030 1512 2062 Posteriores
1537 2029 1617 2061 duas
1638 2029 1800 2061 dictiones
1822 2029 1940 2061 remisi

65 2080 102 2112 in
130 2080 245 2111 locum
274 2094 388 2121 suurn,
422 2083 512 2113 unde
536 2081 778 2124 quinquaginta
806 2081 936 2123 aliquot
963 2084 1058 2115 annis
1081 2083 1253 2123 afueraut,
1293 2083 1552 2115 fideiubentibus
1576 2095 1654 2114 mss.
1678 2082 1802 2113 nostris
1826 2082 1938 2114 omni-

65 2133 139 2165 bus.
177 2134 395 2166 GRUTERUS.
442 2135 654 2166 Confirmant
686 2135 772 2166 hanc
801 2135 1003 2177 scripturam
1040 2148 1155 2167 omnes
1179 2137 1286 2167 nostri
1312 2135 1429 2166 codd..
1474 2136 1560 2167 Puto
1584 2142 1696 2167 tamen
1721 2146 1764 2165 ex
1786 2135 1939 2177 margine

64 2185 100 2218 in
122 2191 321 2217 contextum
344 2187 535 2231 inrepsisse.
571 2189 778 2220 GRAEUIUS.
824 2188 863 2218 Iu
887 2187 939 2218 ed.
965 2189 1106 2220 Gruteri
1137 2189 1274 2220 additur
1296 2195 1359 2221 aut
1381 2201 1449 2232 pro
1471 2189 1754 2233 magistratibus,
1792 2188 1882 2229 quod
1905 2194 1938 2219 et

64 2239 234 2271 Graeuius
257 2240 421 2278 seruauit,
452 2241 514 2273 etsi
537 2246 728 2283 suspectum
752 2240 881 2271 habuit.
927 2241 1053 2273 Omisit
1075 2242 1206 2284 primus
1228 2241 1357 2281 Aldus3
1392 2242 1487 2273 bene.
1532 2242 1594 2273 Est
1617 2248 1732 2272 contra
1754 2247 1937 2272 consuetu-

64 2291 180 2323 dinem
202 2292 238 2323 in
261 2293 326 2323 hoc
348 2293 464 2326 uerbo.
510 2295 628 2325 Cicero
652 2305 726 2332 eos,
754 2293 812 2335 qui
835 2300 913 2325 sunt
935 2294 970 2325 in
993 2295 1179 2337 prouincia,
1203 2294 1417 2336 magistratus
1443 2294 1534 2326 dicit.
1558 2307 1592 2326 u.
1616 2294 1730 2326 Clau..
1776 2294 1821 2325 Et
1842 2293 1934 2334 alibi,

63 2343 123 2376 ubi
147 2343 212 2374 hoo
231 2345 359 2376 SCtum
383 2353 628 2386 conmemorat,
667 2353 798 2378 tantum
824 2347 1037 2389 magistratus
1059 2353 1301 2379 conmemorat.
1335 2347 1561 2379 ERNESTIUS.
1605 2347 1718 2378 Etiam
1742 2347 1815 2379 cod.
1841 2358 1933 2379 meus

64 2403 99 2429 et
120 2396 232 2436 Bai-b„
254 2397 367 2438 Rom.‚
391 2404 425 2429 et
446 2399 563 2430 ambae
584 2401 672 2433 Uen.
695 2400 825 2432 addunt
846 2400 950 2432 uerba
971 2401 1042 2432 illa.
1087 2401 1172 2442 Quis
1195 2406 1308 2432 autem
1331 2400 1446 2440 nescit,
1469 2400 1505 2431 in
1526 2399 1712 2443 prouinciis
1736 2399 1839 2432 fuisse
1862 2411 1931 2431 non

1453 2454 1512 2483 37*
