2264 2746
251 102 286 128 20
771 90 816 118 M.
856 86 1025 116 TULLI
1068 87 1356 117 CICERONIS
1387 88 1591 117 ORATIO

251 171 359 209 cium,
396 180 481 211 quae
509 167 550 200 ab
576 178 615 199 eo
637 174 823 206 numquam
846 162 935 194 dicta
956 168 1053 203 sunt,
1094 161 1329 194 conferuntur.
1373 163 1446 206 Ego
1471 164 1549 206 quia
1572 163 1646 195 dico
1668 162 1798 205 aliquid
1820 162 2018 205 aliquando,
2057 176 2128 195 nou

252 223 364 256 studio
387 221 571 259 adductus,
594 224 644 250 set
665 223 723 248 aut
746 215 962 248 contentione
985 214 1121 246 dicendi
1143 222 1201 247 aut
1222 216 1412 256 lacessitus3
1445 223 1478 248 et
1501 217 1595 259 quia,
1618 222 1657 247 ut
1680 215 1734 254 fit,
1761 215 1797 246 in
1819 216 1935 247 multis
1968 217 2040 248 exit
2064 217 2129 248 ali-

256 275 390 319 quando
414 273 541 316 aliquid
562 271 590 303 si
612 282 682 302 non
703 267 931 312 perfacetum,
955 274 1103 300 attamen
1126 267 1267 300 fortasse
1289 280 1360 300 non
1385 269 1568 302 rusticum:
1600 269 1691 312 quod
1718 267 1860 310 quisque
1883 268 1990 308 dixit,
2017 281 2072 301 me
2098 269 2130 301 id

259 328 387 361 dixisse
413 327 537 358 dieunt.
572 323 646 365 Ego
669 329 783 354 autem
805 322 833 354 si
856 321 939 364 quid
962 327 1028 361 est,
1054 321 1143 364 quod
1169 322 1255 354 mihi
1278 322 1400 354 scitum
1423 333 1493 354 esse
1514 322 1671 354 uideatur
1696 328 1729 353 et
1750 321 1889 353 homine
1910 322 2055 363 ingenuo
2079 321 2133 353 di-

258 393 363 425 gnum
384 386 483 421 atque
506 376 622 415 docto,
655 388 726 407 non
750 386 930 418 aspernor;
970 375 1163 406 stomachor
1185 385 1287 412 uere,
1318 386 1395 406 cum
1420 375 1567 406 aliorum
1589 386 1658 406 non
1681 386 1735 406 me
1759 374 1860 416 digna
1881 374 1917 405 in
1940 386 1995 405 me
2017 373 2133 405 confe-

257 440 391 467 runtur.
434 431 523 462 Nam
552 428 642 471 quod
675 428 806 471 primus
835 427 934 460 sciuit
959 427 1069 469 legem
1094 426 1134 457 de
1155 426 1343 469 publicanis
1372 433 1465 467 tum,
1500 439 1576 459 cum
1605 428 1661 459 uir
1690 428 1928 470 amplissumus
1960 426 2076 458 consul
2097 425 2134 457 id

257 487 311 518 illi
334 483 445 517 ordini
467 493 529 525 per
550 481 718 525 populum
740 480 844 520 dedit,
871 479 962 522 quod
982 491 1044 522 per
1066 485 1220 512 senatum
1244 479 1272 511 si
1295 479 1445 511 licuisset.
1467 479 1623 520 dedisset,
1645 480 1673 512 si
1697 481 1732 511 in
1758 492 1797 511 eo
1821 480 1950 511 crimen
1973 486 2032 518 est,
2057 478 2136 521 quia

259 536 456 579 suffragium
478 534 574 566 tulit:
604 533 678 576 quis
701 545 771 565 non
793 532 873 564 tulit
895 532 1118 575 publicanus?
1170 533 1215 572 si,
1253 532 1333 575 quia
1353 532 1485 575 primus
1508 532 1623 565 sciuitt
1660 540 1776 565 utrum
1799 533 1833 565 id
1856 533 1955 565 sortis
1979 543 2049 564 esse
2070 532 2134 571 uis,

259 604 301 623 an
324 590 410 628 eius,
434 587 493 630 qui
513 587 608 619 illam
630 588 739 630 legem
762 586 913 618 ferebat?
960 586 996 617 Si
1019 586 1136 618 sortis:
1161 585 1295 617 nullum
1320 585 1448 616 crimen
1473 590 1523 616 est
1547 584 1582 615 in
1605 596 1699 624 casu3
1728 586 1756 617 si
1780 586 1943 617 consulis:
1974 584 2136 628 splendor

260 643 361 674 etiam
386 640 518 680 Planci,
550 641 641 672 hunc
661 653 679 671 a
702 651 834 672 summo
858 638 934 670 uiro
958 638 1150 682 principem
1173 649 1244 670 esse
1269 637 1398 669 ordinis
1421 637 1619 669 iudicatum.

213 705 247 732 36
343 694 426 726 XV.
451 693 509 724 Set
529 692 710 735 aliquando
734 694 909 724 ueniamus
932 691 975 722 ad
997 703 1156 723 caussam.
1200 691 1240 722 In
1267 702 1333 733 qua
1354 697 1392 723 tu
1414 691 1553 723 nomine
1574 689 1657 731 legis
1680 690 1849 731 Liciniae,
1879 697 1996 734 quaest
2017 690 2059 722 de
2082 701 2138 722 so-

260 747 406 785 daliciis,
438 745 546 777 omnis
569 746 715 778 ambitus
738 747 827 789 leges
851 745 1038 788 conplexus
1061 756 1113 776 es:
1154 755 1265 786 neque
1288 744 1379 775 enim
1403 744 1583 787 quicquam
1605 742 1690 774 aliut
1711 743 1747 774 in
1769 745 1831 775 hae
1853 744 1926 787 lege
1947 744 2013 775 nisi
2036 743 2139 775 editi-

260 801 328 832 cios
350 799 477 831 iudices
501 809 534 829 es
557 804 701 830 secutus.
770 798 872 840 Quod
900 809 1003 840 genus
1033 797 1239 829 iudiciorum
1261 797 1290 828 si
1313 804 1362 829 est
1383 809 1502 829 aecum
1530 796 1601 827 ulla
1629 796 1665 827 in
1695 807 1732 827 re
1761 796 1827 828 nisi
1849 797 1885 828 in
1918 796 1980 828 hac
2007 796 2140 828 tribua-

260 854 330 891 ria,
370 863 439 883 non
467 851 645 893 intellego,
685 852 907 894 quamobrem
937 856 1070 882 senatus
1095 850 1160 881 hoc
1182 861 1250 881 uno
1274 849 1309 881 in
1329 861 1452 893 genere
1476 850 1585 881 tribus
1609 849 1664 880 edi
1685 849 1836 880 uoluerit
1857 849 1898 880 ab
1921 854 2139 889 accussatore,

259 916 370 947 neque
392 903 533 936 eandem
560 903 746 936 editionem
767 903 980 936 transtulerit
1008 903 1045 934 in
1074 909 1198 935 ceteras
1229 914 1376 941 caussas3
1413 901 1454 933 de
1482 902 1555 945 ipso
1589 902 1734 944 denique
1762 902 1893 934 ambitu
1921 901 2140 934 reiectionem

260 959 336 990 fieri
360 956 511 989 uoluerit
532 955 684 988 iudicum
706 958 934 997 alternorum,
957 967 1102 999 cumque
1122 957 1257 988 nullum
1280 967 1385 999 genus
1407 955 1597 987 acerbitatis
1619 955 1917 998 praetermitteret,
1940 955 2006 986 hoc
2026 961 2141 988 tamen

339 1080 407 1117 Ego
429 1077 501 1117 quia
521 1091 558 1098 —·
579 1077 695 1106 dixisse
717 1077 835 1116 dicunt)
864 1078 894 1106 A
921 1078 1023 1107 habet.
1043 1092 1083 1098 —-
1139 1075 1300 1115 adductus)
1322 1076 1360 1115 23
1382 1086 1440 1104 om.
1463 1089 1500 1097 --
1556 1074 1610 1103 sed
1632 1079 1684 1103 aut
1705 1073 1917 1114 contentione)
1943 1075 1993 1103 Sic
2022 1076 2068 1112 A,
2105 1076 2142 1112 Β,

263 1132 293 1157 et
319 1127 369 1163 Ε,
409 1125 507 1154 ceteri
534 1126 589 1154 sed
615 1127 814 1154 contentione.
833 1140 870 1147 —
909 1124 1081 1161 lacessitus)
1110 1123 1159 1152 La
1189 1134 1259 1152 cum
1281 1124 1320 1161 gl.
1343 1123 1541 1156 lacessenclc'5
1578 1123 1650 1158 Ma,
1688 1122 1750 1157 Lc,
1791 1126 1822 1150 ct
1843 1122 1876 1150 II
1902 1123 2082 1153 lacessendi.
2104 1139 2142 1146 -—

264 1175 342 1214 exit)
357 1175 382 1204 C
399 1180 430 1203 et
445 1174 483 1212 χ3
501 1175 567 1202 erit.
585 1189 622 1195 —
659 1172 824 1214 aliquando
843 1171 973 1211 aliquid)
987 1172 1022 1200 In
1037 1172 1067 1200 D
1084 1171 1167 1200 inter
1182 1170 1258 1199 haec
1272 1181 1322 1199 nu.
1337 1181 1453 1210 snperS.
1469 1177 1506 1199 et.
1521 1184 1559 1191 —-
1596 1169 1622 1197 si
1639 1168 1715 1207 non)
1732 1170 1756 1198 C
1773 1170 1829 1198 secl
1841 1172 1950 1198 sinon.
1962 1186 2001 1191 —
2037 1171 2144 1210 persa-

261 1223 376 1261 cetum)
398 1222 444 1250 La
464 1231 533 1249 cum
555 1220 594 1258 gl.
610 1220 805 1258 pez-fictum,
832 1220 880 1248 Le
896 1221 1082 1259 perfectum.
1095 1234 1134 1240 —
1172 1220 1318 1255 attamen)
1342 1219 1373 1247 D
1392 1228 1460 1247 cum
1475 1217 1515 1255 gl.
1532 1217 1601 1250 sed,
1621 1216 1669 1245 La
1683 1224 1788 1245 actum
1808 1228 1877 1246 cuni
1891 1217 1930 1255 gl.
1944 1224 2092 1247 attamen.
2106 1234 2144 1240 --

262 1282 311 1301 me
326 1271 370 1309 id)
386 1271 412 1298 E
429 1274 460 1297 et
474 1269 529 1297 Mb
547 1268 583 1296 icl
595 1279 660 1302 me,
680 1268 723 1296 Pa
739 1274 768 1295 et
783 1278 830 1296 me
845 1268 885 1296 id.
899 1283 936 1290 —
975 1267 1001 1296 si
1016 1265 1102 1306 quid)
1115 1266 1152 1302 E,
1170 1266 1231 1300 Ma,
1251 1267 1317 1301 Mb,
1338 1266 1394 1301 Lc,
1415 1266 1456 1301 D,
1477 1265 1511 1300 C,
1532 1265 1573 1300 II,
1595 1264 1633 1300 T,
1659 1274 1693 1302 χι
1718 1266 1779 1293 013
1802 1267 1831 1293 si
1847 1265 1934 1303 quod.
1955 1282 1994 1287 -
2032 1266 2143 1295 scitum

265 1317 344 1357 esse)
360 1318 407 1346 La
422 1327 483 1345 esse
496 1317 619 1345 scitam.
632 1329 671 1336 ——
710 1315 837 1344 homine
860 1313 1006 1353 ingenuo)
1026 1315 1063 1351 E,
1084 1315 1136 1349 Pe,
1157 1317 1188 1340 et
1206 1313 1230 1340 G
1247 1312 1400 1341 hominem
1422 1314 1566 1350 ingenim·
1586 1311 1627 1346 D,
1652 1321 1698 1349 χι,
1722 1317 1753 1340 et
1769 1320 1795 1350 ψ
1816 1312 1938 1341 homine
1959 1315 2091 1351 ingenio.
2106 1329 2144 1336 —

263 1363 452 1402 stomachor)
468 1363 516 1391 La
529 1363 704 1391 stomachor
721 1374 792 1401 ego,
812 1364 850 1401 23
866 1360 1108 1390 stomachorum.
1128 1375 1167 1382 —-
1203 1361 1293 1399 uero)
1318 1360 1345 1389 E
1366 1371 1425 1388 om.
1447 1374 1486 1380 —
1522 1357 1667 1398 aliorum)
1685 1360 1724 1397 χὸ
1745 1361 1830 1388 alios.
1846 1375 1884 1380 —
1920 1358 1997 1398 non)
2024 1360 2067 1388 Pa
2087 1371 2146 1398 om,

265 1414 290 1442 C
310 1423 372 1443 non
387 1412 489 1446 modo,
513 1411 551 1448 23
565 1421 621 1438 nec
642 1421 711 1439 non.
725 1427 763 1433 —
800 1409 846 1450 iu)
863 1411 887 1439 C
901 1420 959 1438 om.
977 1423 1016 1430 -—
1054 1405 1268 1445 conferuntur)
1282 1407 1323 1434 Pa
1332 1406 1549 1444 perferuntur.
1562 1421 1601 1427 —

339 1459 419 1488 Nam
434 1458 569 1497 quod—
583 1457 728 1498 dedisset)
744 1458 772 1487 A
788 1458 891 1486 habet.
906 1473 943 1478 —
982 1454 1087 1493 sciuit)
1101 1455 1130 1483 A
1147 1456 1235 1483 sciui.
1247 1469 1286 1475 --
1322 1452 1400 1492 tum)
1422 1454 1487 1489 Mb,
1514 1455 1577 1490 Me,
1606 1454 1663 1490 Le,
1684 1454 1735 1490 Pe,
1755 1454 1796 1490 D,
1816 1454 1858 1491 Π,
1878 1459 1909 1482 et
1927 1463 1962 1492 χι
1981 1460 2093 1485 tamen.
2109 1472 2146 1479 —

266 1509 346 1546 cum)
361 1509 413 1536 Mc
430 1513 503 1534 tum.
516 1521 554 1527 -—·
592 1505 713 1545 consul)
729 1507 781 1535 Mc
795 1506 924 1534 consuli.
939 1519 976 1526 —-
1013 1502 1057 1542 id)
1071 1503 1100 1532 A
1118 1513 1176 1531 om.
1192 1517 1230 1524 —-
1269 1501 1352 1540 quia)
1367 1502 1429 1537 Ma,
1449 1501 1505 1538 La,
1524 1501 1580 1537 Le,
1601 1507 1631 1530 ct
1645 1502 1677 1530 H
1694 1502 1790 1540 quod,
1810 1512 1828 1534 ς
1844 1503 1905 1540 qui.
1922 1517 1961 1523 ——
1999 1503 2067 1541 quis
2081 1514 2145 1533 non

266 1555 350 1593 tulit)
365 1556 402 1594 χὸ
418 1565 476 1582 oni.
493 1568 532 1574 -
568 1553 643 1582 tulit
660 1553 860 1593 publicanus)
874 1553 921 1581 La
931 1551 1121 1590 publicanus
1137 1551 1228 1586 tulit,
1248 1550 1286 1588 χ5
1294 1549 1483 1587 publicanis.
1497 1563 1536 1570 -—
1574 1547 1612 1585 si)
1634 1549 1680 1578 La
1701 1554 1732 1577 et
1747 1556 1772 1587 ψ
1793 1551 1852 1578 secl.
1868 1564 1905 1572 —-
1942 1550 2073 1590 primus)
2094 1552 2146 1580 Sic

266 1605 300 1639 B,
321 1604 357 1639 Ε,
378 1604 439 1637 Ma,
459 1602 510 1637 Pa,
531 1601 586 1636 Pb,
608 1600 646 1636 O,
666 1602 728 1637 Br.,
749 1606 779 1629 et
801 1601 861 1629 Ox.
877 1604 1000 1639 praeter
1015 1599 1041 1627 C
1057 1603 1087 1626 et
1104 1605 1148 1636 ψ,
1169 1597 1222 1637 qui
1239 1607 1308 1625 eum
1324 1597 1434 1625 ceteris
1444 1599 1604 1634 primum,·
1623 1597 1670 1625 La
1683 1598 1825 1634 primum
1838 1598 1925 1625 ἰαί-
1961 1596 2078 1637 utrum)
2094 1600 2147 1629 Ma

268 1661 382 1679 uerum.
396 1665 435 1670 -
473 1647 579 1687 sortis)
593 1649 635 1677 Pa
644 1648 751 1686 fortis,
766 1664 806 1668 —
843 1648 920 1686 esse)
943 1647 967 1676 C
983 1652 1067 1675 esset.
1080 1660 1118 1668 -·
1157 1644 1235 1684 eius)
1259 1645 1305 1673 La
1317 1646 1405 1674 illias
1420 1654 1488 1672 cum
1505 1644 1544 1682 gl.
1564 1646 1636 1672 eius.
1651 1660 1690 1666 —-
1727 1643 1824 1683 illam)
1837 1645 1884 1673 La
1900 1656 1965 1682 om,
1983 1645 2031 1681 D,
2052 1646 2093 1682 C,
2115 1652 2147 1676 et

269 1709 303 1736 χι
321 1708 396 1726 eam.
411 1712 449 1718 —
488 1695 594 1732 sortis)
609 1695 665 1731 La,
685 1696 736 1730 Pa,
757 1700 788 1724 et
802 1705 837 1733 χΙ
847 1695 964 1733 sortis,
986 1699 1033 1722 set
1049 1694 1082 1722 in
1096 1693 1143 1722 La
1157 1703 1274 1732 supers.
1288 1694 1440 1721 sortis.„—-
1477 1691 1504 1719 si
1521 1690 1668 1730 consulis)
1682 1692 1737 1720 Mb
1760 1694 1809 1720 sin.
1824 1694 1964 1721 consulis.
1980 1707 2018 1714 —-
2043 1693 2147 1734 etiam)

272 1747 320 1773 Mc
338 1751 372 1773 et.
386 1761 423 1766 —
460 1744 635 1783 principem
653 1753 720 1771 esse
734 1742 865 1781 ordinis)
891 1741 942 1770 Sic
956 1743 991 1778 B,
1013 1742 1051 1778 Ε,
1071 1742 1122 1778 Pa,
1143 1746 1173 1771 et
1187 1741 1248 1778 Pc;
1269 1739 1365 1769 ceteri
1373 1741 1552 1779 principem
1568 1739 1709 1774 orcllnis5
1727 1738 1761 1767 in
1777 1739 1808 1767 D
1826 1745 1928 1769 tamen
1943 1750 2004 1768 esse
2017 1741 2147 1780 margini

271 1793 348 1820 adse.
364 1798 399 1820 ut
413 1791 619 1820 inserendum.
632 1806 670 1812 —-

346 1839 380 1867 C.
396 1840 470 1867 XV.
491 1836 518 1878 §.
533 1839 580 1867 36.
607 1836 745 1877 nomine)
762 1838 786 1866 C
802 1847 926 1873 nomen,
945 1842 993 1865 set
1006 1838 1128 1865 nomine
1143 1846 1210 1875 sup.
1226 1835 1282 1864 lin.
1295 1846 1313 1864 a
1325 1846 1403 1864 man.
1417 1845 1497 1871 ree.,
1517 1844 1551 1874 χ]
1569 1845 1664 1864 omne.
1679 1850 1718 1858 ·—
1743 1834 1820 1872 legis
1836 1848 1873 1855 ·-
1885 1833 1980 1873 leges)
1998 1836 2026 1864 T
2042 1847 2147 1866 om.—

272 1885 435 1924 sodalitiis)
449 1897 466 1918 ς
481 1887 648 1915 solidariis.
662 1901 701 1906 —-
723 1885 834 1924 omnis)
849 1885 899 1913 Sic
914 1885 949 1921 B,
979 1884 1040 1920 Lb,
1058 1884 1099 1920 D,
1122 1889 1154 1912 et
1167 1884 1208 1920 C·,
1228 1883 1325 1912 ceteri
1342 1894 1450 1912 omnes.
1466 1898 1504 1904 —
1539 1882 1683 1921 ambitus)
1695 1882 1726 1910 D
1743 1891 1811 1909 cum
1826 1882 1865 1920 gl.
1879 1885 2094 1920 corruptionis.
2109 1899 2147 1906 -

273 1933 366 1972 leges)
383 1933 432 1960 Sic
448 1934 482 1968 Β,
503 1935 567 1969 Mb,
586 1935 641 1969 Lc,
661 1934 702 1970 D,
723 1938 755 1962 et
769 1933 847 1970 Ox.3
869 1933 966 1961 ceteri
979 1934 1064 1970 legis.
1079 1947 1118 1953 —
1156 1930 1348 1970 complexus)
1363 1932 1408 1961 Le
1422 1931 1593 1969 amplexu-9,
1613 1934 1659 1958 set
1680 1929 1713 1958 in
1730 1939 1822 1967 marg.
1838 1929 1943 1957 eadem
1958 1940 1998 1958 m.
2013 1932 2145 1969 comple-

272 1993 339 2013 xus.
351 1997 389 2002 ——
428 1979 472 2018 es)
486 1982 536 2008 Mc
554 1987 605 2009 esc.
619 1996 657 2002 —·

348 2030 458 2066 Neque
475 2028 557 2056 enim
571 2044 608 2049 —
625 2040 655 2057 es
671 2028 806 2067 secutus)
821 2028 850 2057 A
866 2028 974 2065 habet,
995 2038 1050 2056 nec
1064 2037 1121 2066 pro
1137 2037 1234 2066 neque
1249 2027 1396 2056 scribens.
1413 2041 1453 2048 —-
1491 2024 1665 2065 quiequam)
1679 2026 1731 2055 Mc
1747 2025 1902 2063 quiddam.
1916 2039 1955 2047 —·
1993 2025 2082 2066 aliut)
2096 2026 2148 2056 Sic

275 2079 318 2115 A3
338 2078 368 2105 D
385 2087 450 2112 0n13
473 2076 569 2103 ceteri
584 2077 724 2104 aliztd.-—
762 2075 918 2115 editicios)
931 2077 976 2104 Le
992 2076 1120 2110 editius,
1140 2076 1181 2104 Pa
1195 2076 1360 2110 editionis,
1379 2084 1414 2113 χι
1434 2075 1558 2108 editius,
1578 2074 1617 2111 2¹3
1631 2074 1768 2102 erliatios.
1783 2088 1821 2094 -—
1859 2081 1891 2100 cs
1907 2073 2041 2112 secutus)
2053 2074 2083 2102 A
2097 2085 2146 2104 se-

275 2131 364 2154 cutus
379 2134 431 2157 es;
452 2123 486 2157 B,
509 2122 545 2157 Ε,
566 2127 596 2150 et
611 2123 640 2149 D
658 2134 718 2150 esse
731 2129 873 2158 secutus;
894 2123 1020 2152 Seruius
1034 2123 1072 2151 ad
1085 2123 1178 2161 Uerg.
1194 2123 1261 2151 Ecl.
1278 2123 1342 2159 III,
1361 2124 1408 2152 50.
1423 2127 1554 2150 secutus.
1568 2136 1606 2142 —
1644 2120 1718 2160 ulla)
1741 2121 1791 2149 Sic
1813 2121 1848 2155 B,
1868 2120 1905 2156 E,
1924 2122 1979 2156 La,
2008 2121 2065 2157 Lb,
2090 2122 2147 2157 Le,

276 2176 326 2209 Pa,
344 2173 399 2207 Pb,
418 2173 468 2205 Pe,
489 2169 528 2204 D,
551 2169 588 2205 G,
608 2170 670 2203 Er„
691 2169 728 2204 T,
748 2181 774 2205 ς,
796 2179 843 2208 χι,
863 2171 890 2206 3,
910 2171 963 2206 1²¹1,
983 2180 1010 2206 2,
1031 2176 1062 2199 et
1080 2170 1291 2208 Lallemandi3
1312 2170 1408 2199 ceteri
1423 2170 1521 2198 malla.
1534 2183 1572 2191 ——
1609 2169 1670 2197 nisi
1686 2168 1719 2196 in
1733 2167 1802 2204 hac)
1826 2168 1876 2196 Sic
1891 2168 1916 2196 B
1932 2173 1963 2196 et
1979 2168 2022 2205 Ε,
2050 2169 2147 2199 ceteri

277 2223 339 2249 nisi
354 2220 422 2248 hae.
436 2233 475 2240 ι-
513 2216 675 2255 tribuaria)
691 2218 751 2253 Ma,
770 2219 835 2253 Mb,
854 2219 909 2254 La,
931 2219 989 2255 Lb,
1009 2219 1064 2254 Le,
1083 2220 1134 2254 Pa,
1153 2219 1207 2255 Pb⁷
1227 2220 1277 2255 Pe,
1296 2218 1338 2255 D,
1357 2217 1398 2253 G,
1419 2217 1454 2252 C,
1473 2217 1504 2251 S,
1525 2215 1563 2252 T,
1582 2225 1630 2254 χι,
1650 2217 1678 2252 3,
1697 2224 1732 2253 ψ,
1753 2221 1783 2244 ct
1805 2216 1933 2244 Lambb.
1955 2216 2149 2251 tributaria,-

276 2270 327 2297 Mc
343 2266 505 2295 tributorio
516 2276 526 2299 ,·
546 2264 596 2292 Br.
613 2264 789 2292 tribunario
799 2275 809 2298 ;
829 2277 846 2297 ς
863 2266 1033 2295 ίνῐόαίανίὲ.
1047 2282 1086 2286 -
1123 2266 1158 2295 in
1172 2265 1297 2304 genere)
1311 2266 1363 2295 Mc
1371 2274 1492 2303 genere.
1506 2278 1545 2284 —-
1581 2263 1718 2292 uoluerit
1734 2264 1772 2292 ab
1789 2262 1977 2302 accusatore)
1992 2265 2044 2293 Ma
2060 2269 2091 2294 et
2100 2266 2146 2296 Lc

277 2317 316 2346 αῖ)
333 2314 516 2343 αιίειιεαίονι»
530 2312 671 2339 uoluerit.
685 2327 723 2332 —
743 2310 779 2338 dc
795 2311 862 2349 ipso
879 2311 1023 2352 denique)
1039 2313 1069 2340 D
1086 2313 1218 2352 denique
1233 2315 1270 2343 de
1284 2316 1404 2352 ipsa—
1421 2310 1636 2349 reiectionem)
1652 2311 1702 2339 Sic
1718 2312 1753 2346 B,
1771 2311 1807 2345 E,
1828 2317 1858 2340 et
1871 2311 1989 2350 aliquot
2002 2312 2147 2349 Lambb.;

281 2364 361 2392 Uict.
379 2371 395 2389 a
417 2364 448 2388 et
470 2361 520 2388 Mc
539 2359 784 2396 derogationem;
802 2360 843 2387 Pa
859 2360 895 2387 (le
910 2363 1037 2389 iet-tione
1047 2371 1059 2395 ;
1081 2360 1177 2389 ceteri
1191 2361 1227 2389 de
1243 2362 1412 2390 reiectione.
1426 2374 1465 2381 —
1502 2357 1651 2394 iudicum)
1667 2358 1718 2387 Sic
1732 2359 1767 2394 Β,
1780 2359 1816 2393 Ε,
1830 2359 1914 2388 Ποῖ.
1928 2370 1953 2395 a,
1968 2365 1998 2390 et
2012 2360 2075 2397 Lb;
2094 2369 2148 2388 ce-

279 2410 337 2441 teri
353 2407 513 2437 iudicium.
528 2421 565 2427 -
604 2405 876 2444 praetermitteret)
890 2408 928 2444 23
940 2410 1194 2444 praetermittere.
1215 2423 1252 2430 —
